{"17":{"SearchResult":{"Items":[{"ASIN":"B016740UHU","DetailPageURL":"https://www.amazon.es/dp/B016740UHU?tag=topinalambricos-21&linkCode=osi&th=1&psc=1","Images":{"Primary":{"Small":{"Height":75,"URL":"https://m.media-amazon.com/images/I/311ZBuDbcrL._SL75_.jpg","Width":75}}},"ItemInfo":{"ByLineInfo":{"Brand":{"DisplayValue":"NATURGREEN","Label":"Brand","Locale":"es_ES"},"Manufacturer":{"DisplayValue":"Laboratorios Almond","Label":"Manufacturer","Locale":"es_ES"}},"Title":{"DisplayValue":"NATURGREEN Aceite de Coco Bio, Virgen Extra, Ideal para Cocinar, Hidrata Piel y Cabello, Ingredientes Naturales, Apto para Veganos, 430 ml/ 400 Gramos (1 Unidad)","Label":"Title","Locale":"es_ES"}},"Offers":{"Summaries":[{"Condition":{"Value":"New"},"LowestPrice":{"Amount":6.64,"Currency":"EUR","DisplayAmount":"6,64 € (6,64 € / unidad)","PricePerUnit":6.64}}]}},{"ASIN":"B01JIB2T32","DetailPageURL":"https://www.amazon.es/dp/B01JIB2T32?tag=topinalambricos-21&linkCode=osi&th=1&psc=1","Images":{"Primary":{"Small":{"Height":75,"URL":"https://m.media-amazon.com/images/I/51iXxBJk7cL._SL75_.jpg","Width":75}}},"ItemInfo":{"ByLineInfo":{"Brand":{"DisplayValue":"NaturaleBio","Label":"Brand","Locale":"es_ES"},"Manufacturer":{"DisplayValue":"NaturaleBio","Label":"Manufacturer","Locale":"es_ES"}},"Title":{"DisplayValue":"Aceite de Coco Ecológico Virgen 1000 ml. Crudo y prensado en frío. Orgánico y Natural. Aceite Bio nativo no refinado. País de origen Sri Lanka. NaturaleBio","Label":"Title","Locale":"es_ES"}},"Offers":{"Summaries":[{"Condition":{"Value":"New"},"LowestPrice":{"Amount":11.15,"Currency":"EUR","DisplayAmount":"11,15 € (11,15 € / l)","PricePerUnit":11.15}}]}},{"ASIN":"B013GBN8MG","DetailPageURL":"https://www.amazon.es/dp/B013GBN8MG?tag=topinalambricos-21&linkCode=osi&th=1&psc=1","Images":{"Primary":{"Small":{"Height":75,"URL":"https://m.media-amazon.com/images/I/41GyX7M9OzL._SL75_.jpg","Width":75}}},"ItemInfo":{"ByLineInfo":{"Brand":{"DisplayValue":"Mea Vita","Label":"Brand","Locale":"es_ES"},"Manufacturer":{"DisplayValue":"Ingo Steyer Kg","Label":"Manufacturer","Locale":"es_ES"}},"Title":{"DisplayValue":"Aceite puro de coco virgen extra orgánico MeaVita 1 Litre (1 X 1000 ml)","Label":"Title","Locale":"es_ES"}},"Offers":{"Summaries":[{"Condition":{"Value":"New"},"LowestPrice":{"Amount":13.99,"Currency":"EUR","DisplayAmount":"13,99 €"}}]}},{"ASIN":"B095HP3J85","DetailPageURL":"https://www.amazon.es/dp/B095HP3J85?tag=topinalambricos-21&linkCode=osi&th=1&psc=1","Images":{"Primary":{"Small":{"Height":75,"URL":"https://m.media-amazon.com/images/I/41jD1KgRxYS._SL75_.jpg","Width":75}}},"ItemInfo":{"ByLineInfo":{"Brand":{"DisplayValue":"Coco Cabana","Label":"Brand","Locale":"es_ES"},"Manufacturer":{"DisplayValue":"Coco Cabana","Label":"Manufacturer","Locale":"es_ES"}},"Title":{"DisplayValue":"Coco Cabana Aceite de coco 100% puro, 1 litro, de primera calidad, vegano, sin gluten y sin lácteos, producto de belleza natural para la piel, el cabello y la cocina Blanco","Label":"Title","Locale":"es_ES"}},"Offers":{"Summaries":[{"Condition":{"Value":"New"},"LowestPrice":{"Amount":8.91,"Currency":"EUR","DisplayAmount":"8,91 € (8,91 € / l)","PricePerUnit":8.91}}]}},{"ASIN":"B07YMY2FMN","DetailPageURL":"https://www.amazon.es/dp/B07YMY2FMN?tag=topinalambricos-21&linkCode=osi&th=1&psc=1","Images":{"Primary":{"Small":{"Height":75,"URL":"https://m.media-amazon.com/images/I/41Kkbwb+PQL._SL75_.jpg","Width":75}}},"ItemInfo":{"ByLineInfo":{"Brand":{"DisplayValue":"Drasanvi","Label":"Brand","Locale":"es_ES"},"Manufacturer":{"DisplayValue":"DRASANVI","Label":"Manufacturer","Locale":"es_ES"}},"Title":{"DisplayValue":"DRASANVI Aceite MCT Coco | 70 % Ácido Caprílico C8 30 Ácido Cáprico C10 | Rápida fuente de energía de fácil absorción | Ayuda en la pérdida de peso | Saciante | 500 ml |Sin sabor","Label":"Title","Locale":"es_ES"}},"Offers":{"Summaries":[{"Condition":{"Value":"New"},"LowestPrice":{"Amount":15.51,"Currency":"EUR","DisplayAmount":"15,51 € (3,10 € / 100 ml)","PricePerUnit":3.1}}]}},{"ASIN":"B019ECJO5G","DetailPageURL":"https://www.amazon.es/dp/B019ECJO5G?tag=topinalambricos-21&linkCode=osi&th=1&psc=1","Images":{"Primary":{"Small":{"Height":75,"URL":"https://m.media-amazon.com/images/I/41RYCx6gLtL._SL75_.jpg","Width":75}}},"ItemInfo":{"ByLineInfo":{"Brand":{"DisplayValue":"Mea Vita","Label":"Brand","Locale":"es_ES"},"Manufacturer":{"DisplayValue":"MeaVita","Label":"Manufacturer","Locale":"es_ES"}},"Title":{"DisplayValue":"Meavita Aceite De Coco, Insípido (Desodorizado) 1000 ml","Label":"Title","Locale":"es_ES"}},"Offers":{"Summaries":[{"Condition":{"Value":"New"},"LowestPrice":{"Amount":11.99,"Currency":"EUR","DisplayAmount":"11,99 €"}}]}},{"ASIN":"B07KFJC9V5","DetailPageURL":"https://www.amazon.es/dp/B07KFJC9V5?tag=topinalambricos-21&linkCode=osi&th=1&psc=1","Images":{"Primary":{"Small":{"Height":75,"URL":"https://m.media-amazon.com/images/I/412FZYB4-NL._SL75_.jpg","Width":75}}},"ItemInfo":{"ByLineInfo":{"Brand":{"DisplayValue":"Planète au Naturel","Label":"Brand","Locale":"es_ES"},"Manufacturer":{"DisplayValue":"GPH Diffusion","Label":"Manufacturer","Locale":"es_ES"}},"Title":{"DisplayValue":"Aceite de Coco Virgen Orgánico 1 L - PRENSADO EN FRIO","Label":"Title","Locale":"es_ES"}},"Offers":{"Summaries":[{"Condition":{"Value":"New"},"LowestPrice":{"Amount":15.9,"Currency":"EUR","DisplayAmount":"15,90 € (15,90 € / l)","PricePerUnit":15.9}}]}},{"ASIN":"B093C69G37","DetailPageURL":"https://www.amazon.es/dp/B093C69G37?tag=topinalambricos-21&linkCode=osi&th=1&psc=1","Images":{"Primary":{"Small":{"Height":75,"URL":"https://m.media-amazon.com/images/I/314BWpIE7EL._SL75_.jpg","Width":75}}},"ItemInfo":{"ByLineInfo":{"Brand":{"DisplayValue":"NATURGREEN","Label":"Brand","Locale":"es_ES"},"Manufacturer":{"DisplayValue":"NaturGreen","Label":"Manufacturer","Locale":"es_ES"}},"Title":{"DisplayValue":"NATURGREEN - Aceite de Coco MCT Bio Ecológico, Para Recetas, Elaboración de Platos, Sustituto de Mantequilla, Cocinar y Hornear","Label":"Title","Locale":"es_ES"}},"Offers":{"Summaries":[{"Condition":{"Value":"New"},"LowestPrice":{"Amount":14.92,"Currency":"EUR","DisplayAmount":"14,92 € (14,92 € / unidad)","PricePerUnit":14.92}}]}},{"ASIN":"B092ZP38BX","DetailPageURL":"https://www.amazon.es/dp/B092ZP38BX?tag=topinalambricos-21&linkCode=osi&th=1&psc=1","Images":{"Primary":{"Small":{"Height":75,"URL":"https://m.media-amazon.com/images/I/31QO1+kRipL._SL75_.jpg","Width":75}}},"ItemInfo":{"ByLineInfo":{"Brand":{"DisplayValue":"Lazarraga","Label":"Brand","Locale":"es_ES"},"Manufacturer":{"DisplayValue":"Lazarraga","Label":"Manufacturer","Locale":"es_ES"}},"Title":{"DisplayValue":"Lazarraga Aceite MCT Puro | C8 + C10 MCT Origen Coco 100% | Apoya Nutrición Keto Diet y Ayuno | Aumento de Cetonas y Energía | Paleo - Vegano - Libre de Gluten - GMO - Dairy Free | 500ml","Label":"Title","Locale":"es_ES"}},"Offers":{"Summaries":[{"Condition":{"Value":"New"},"LowestPrice":{"Amount":11.97,"Currency":"EUR","DisplayAmount":"11,97 € (23,94 € / l)","PricePerUnit":23.94}}]}},{"ASIN":"B073P974FR","DetailPageURL":"https://www.amazon.es/dp/B073P974FR?tag=topinalambricos-21&linkCode=osi&th=1&psc=1","Images":{"Primary":{"Small":{"Height":75,"URL":"https://m.media-amazon.com/images/I/41LgdQvJSgL._SL75_.jpg","Width":45}}},"ItemInfo":{"ByLineInfo":{"Brand":{"DisplayValue":"CocoNativo","Label":"Brand","Locale":"es_ES"},"Manufacturer":{"DisplayValue":"MonteNativo","Label":"Manufacturer","Locale":"es_ES"}},"Title":{"DisplayValue":"Aceite de Coco CocoNativo Orgánico Virgen Extra Ecologico 1x1000 ml, Extracción En Frío, Fuente De Energía Natural Para Deportistas, Suplemento Alimenticio, Para Cocinar, Para El Pelo","Label":"Title","Locale":"es_ES"}},"Offers":{"Summaries":[{"Condition":{"Value":"New"},"LowestPrice":{"Amount":14.95,"Currency":"EUR","DisplayAmount":"14,95 € (14,95 € / l)","PricePerUnit":14.95}}]}}],"SearchURL":"https://www.amazon.es/s?rh=n%3A6347384031%2Cp_n_availability%3A-1&tag=topinalambricos-21&linkCode=osi","TotalResultCount":283}},"18":{"SearchResult":{"Items":[{"ASIN":"B0056GHAQA","DetailPageURL":"https://www.amazon.es/dp/B0056GHAQA?tag=topinalambricos-21&linkCode=osi&th=1&psc=1","Images":{"Primary":{"Small":{"Height":75,"URL":"https://m.media-amazon.com/images/I/51Xo5GZJ36L._SL75_.jpg","Width":40}}},"ItemInfo":{"ByLineInfo":{"Brand":{"DisplayValue":"Dr. Goerg","Label":"Brand","Locale":"es_ES"},"Manufacturer":{"DisplayValue":"Dr. Goerg GmBH","Label":"Manufacturer","Locale":"es_ES"}},"Title":{"DisplayValue":"Dr. Goerg Aceite de Coco Bio Premium - 923 ml","Label":"Title","Locale":"es_ES"}},"Offers":{"Summaries":[{"Condition":{"Value":"New"},"LowestPrice":{"Amount":28.55,"Currency":"EUR","DisplayAmount":"28,55 € (28,55 € / l)","PricePerUnit":28.55}}]}},{"ASIN":"B004TQU6I2","DetailPageURL":"https://www.amazon.es/dp/B004TQU6I2?tag=topinalambricos-21&linkCode=osi&th=1&psc=1","Images":{"Primary":{"Small":{"Height":75,"URL":"https://m.media-amazon.com/images/I/51eAVbgXUPL._SL75_.jpg","Width":48}}},"ItemInfo":{"ByLineInfo":{"Brand":{"DisplayValue":"Dr. Goerg","Label":"Brand","Locale":"es_ES"},"Manufacturer":{"DisplayValue":"Desconocido","Label":"Manufacturer","Locale":"es_ES"}},"Title":{"DisplayValue":"Dr. Goerg Aceite de Coco Alimenticio Virgen Extra Bio 500 ml Dr. Goerg","Label":"Title","Locale":"es_ES"}},"Offers":{"Summaries":[{"Condition":{"Value":"New"},"LowestPrice":{"Amount":18.77,"Currency":"EUR","DisplayAmount":"18,77 € (37,54 € / l)","PricePerUnit":37.54}}]}},{"ASIN":"B0041D6FRE","DetailPageURL":"https://www.amazon.es/dp/B0041D6FRE?tag=topinalambricos-21&linkCode=osi&th=1&psc=1","Images":{"Primary":{"Small":{"Height":75,"URL":"https://m.media-amazon.com/images/I/51qe449bY-L._SL75_.jpg","Width":75}}},"ItemInfo":{"ByLineInfo":{"Brand":{"DisplayValue":"Dr Goerg","Label":"Brand","Locale":"es_ES"},"Manufacturer":{"DisplayValue":"Laboratorios Almond","Label":"Manufacturer","Locale":"es_ES"}},"Title":{"DisplayValue":"MANTECA COCO 500GR","Label":"Title","Locale":"es_ES"}},"Offers":{"Summaries":[{"Condition":{"Value":"New"},"LowestPrice":{"Amount":29.85,"Currency":"EUR","DisplayAmount":"29,85 € (59,70 € / kg)","PricePerUnit":59.7}}]}},{"ASIN":"B081MCPBDP","DetailPageURL":"https://www.amazon.es/dp/B081MCPBDP?tag=topinalambricos-21&linkCode=osi&th=1&psc=1","Images":{"Primary":{"Small":{"Height":75,"URL":"https://m.media-amazon.com/images/I/41dRZW0NDqL._SL75_.jpg","Width":75}}},"ItemInfo":{"ByLineInfo":{"Brand":{"DisplayValue":"Dr. Goerg","Label":"Brand","Locale":"es_ES"},"Manufacturer":{"DisplayValue":"DR. GOERG","Label":"Manufacturer","Locale":"es_ES"}},"Title":{"DisplayValue":"Dr. Goerg Leche Coco 1L Bio Dr. Goerg 1000 ml","Label":"Title","Locale":"es_ES"}},"Offers":{"Summaries":[{"Condition":{"Value":"New"},"LowestPrice":{"Amount":9.85,"Currency":"EUR","DisplayAmount":"9,85 € (9,85 € / l)","PricePerUnit":9.85}}]}},{"ASIN":"B06XSL6R4T","DetailPageURL":"https://www.amazon.es/dp/B06XSL6R4T?tag=topinalambricos-21&linkCode=osi&th=1&psc=1","Images":{"Primary":{"Small":{"Height":75,"URL":"https://m.media-amazon.com/images/I/41EBE+T9NQL._SL75_.jpg","Width":52}}},"ItemInfo":{"ByLineInfo":{"Brand":{"DisplayValue":"Dr. Goerg","Label":"Brand","Locale":"es_ES"},"Manufacturer":{"DisplayValue":"Dr. Goerg GmbH","Label":"Manufacturer","Locale":"es_ES"}},"Title":{"DisplayValue":"Dr. Goerg Cosmo orgánico premium (6 x 1 kg)","Label":"Title","Locale":"es_ES"}},"Offers":{"Summaries":[{"Condition":{"Value":"New"},"LowestPrice":{"Amount":191.2,"Currency":"EUR","DisplayAmount":"191,20 € (31,87 € / kg)","PricePerUnit":31.87}}]}},{"ASIN":"B06XSNNJRZ","DetailPageURL":"https://www.amazon.es/dp/B06XSNNJRZ?tag=topinalambricos-21&linkCode=osi&th=1&psc=1","Images":{"Primary":{"Small":{"Height":75,"URL":"https://m.media-amazon.com/images/I/41GZBIacaHL._SL75_.jpg","Width":34}}},"ItemInfo":{"ByLineInfo":{"Brand":{"DisplayValue":"Dr. Goerg","Label":"Brand","Locale":"es_ES"},"Manufacturer":{"DisplayValue":"Dr. Goerg GmbH","Label":"Manufacturer","Locale":"es_ES"}},"Title":{"DisplayValue":"Dr. Goerg Bio Dr. Goerg Premium - Jarabe de flor de coco orgánico (6 x 350 g)","Label":"Title","Locale":"es_ES"}},"Offers":{"Summaries":[{"Condition":{"Value":"New"},"LowestPrice":{"Amount":56.61,"Currency":"EUR","DisplayAmount":"56,61 € (26,96 € / kg)","PricePerUnit":26.96}}]}},{"ASIN":"B013GBN8MG","DetailPageURL":"https://www.amazon.es/dp/B013GBN8MG?tag=topinalambricos-21&linkCode=osi&th=1&psc=1","Images":{"Primary":{"Small":{"Height":75,"URL":"https://m.media-amazon.com/images/I/41GyX7M9OzL._SL75_.jpg","Width":75}}},"ItemInfo":{"ByLineInfo":{"Brand":{"DisplayValue":"Mea Vita","Label":"Brand","Locale":"es_ES"},"Manufacturer":{"DisplayValue":"Ingo Steyer Kg","Label":"Manufacturer","Locale":"es_ES"}},"Title":{"DisplayValue":"Aceite puro de coco virgen extra orgánico MeaVita 1 Litre (1 X 1000 ml)","Label":"Title","Locale":"es_ES"}},"Offers":{"Summaries":[{"Condition":{"Value":"New"},"LowestPrice":{"Amount":13.99,"Currency":"EUR","DisplayAmount":"13,99 €"}}]}},{"ASIN":"B07KFJC9V5","DetailPageURL":"https://www.amazon.es/dp/B07KFJC9V5?tag=topinalambricos-21&linkCode=osi&th=1&psc=1","Images":{"Primary":{"Small":{"Height":75,"URL":"https://m.media-amazon.com/images/I/412FZYB4-NL._SL75_.jpg","Width":75}}},"ItemInfo":{"ByLineInfo":{"Brand":{"DisplayValue":"Planète au Naturel","Label":"Brand","Locale":"es_ES"},"Manufacturer":{"DisplayValue":"GPH Diffusion","Label":"Manufacturer","Locale":"es_ES"}},"Title":{"DisplayValue":"Aceite de Coco Virgen Orgánico 1 L - PRENSADO EN FRIO","Label":"Title","Locale":"es_ES"}},"Offers":{"Summaries":[{"Condition":{"Value":"New"},"LowestPrice":{"Amount":15.9,"Currency":"EUR","DisplayAmount":"15,90 € (15,90 € / l)","PricePerUnit":15.9}}]}},{"ASIN":"B08J3V6899","DetailPageURL":"https://www.amazon.es/dp/B08J3V6899?tag=topinalambricos-21&linkCode=osi&th=1&psc=1","Images":{"Primary":{"Small":{"Height":75,"URL":"https://m.media-amazon.com/images/I/41xaUTEMCdL._SL75_.jpg","Width":75}}},"ItemInfo":{"ByLineInfo":{"Brand":{"DisplayValue":"Naturitas","Label":"Brand","Locale":"es_ES"},"Manufacturer":{"DisplayValue":"Naturitas Essentials","Label":"Manufacturer","Locale":"es_ES"}},"Title":{"DisplayValue":"Aceite de Coco Desodorizado bio 500 ml Naturitas Essentials | Sin Gluten | Sin olor | Ideal para todo tipo de uso","Label":"Title","Locale":"es_ES"}},"Offers":{"Summaries":[{"Condition":{"Value":"New"},"LowestPrice":{"Amount":6.45,"Currency":"EUR","DisplayAmount":"6,45 € (12,90 € / l)","PricePerUnit":12.9}}]}},{"ASIN":"B00AIIORO4","DetailPageURL":"https://www.amazon.es/dp/B00AIIORO4?tag=topinalambricos-21&linkCode=osi&th=1&psc=1","Images":{"Primary":{"Small":{"Height":75,"URL":"https://m.media-amazon.com/images/I/41tLQ5odJcL._SL75_.jpg","Width":75}}},"ItemInfo":{"ByLineInfo":{"Brand":{"DisplayValue":"MY COSMETIK","Label":"Brand","Locale":"es_ES"},"Manufacturer":{"DisplayValue":"MY COSMETIK","Label":"Manufacturer","Locale":"es_ES"}},"Title":{"DisplayValue":"Aceite vegetal de Coco orgánico - MY COSMETIK - 100 ml","Label":"Title","Locale":"es_ES"}},"Offers":{"Summaries":[{"Condition":{"Value":"New"},"LowestPrice":{"Amount":7.1,"Currency":"EUR","DisplayAmount":"7,10 €"}}]}}],"SearchURL":"https://www.amazon.es/s?k=dr+goerg&rh=n%3A6347384031%2Cp_n_availability%3A-1&tag=topinalambricos-21&linkCode=osi","TotalResultCount":10}},"19":{"SearchResult":{"Items":[{"ASIN":"B01JIB2T32","DetailPageURL":"https://www.amazon.es/dp/B01JIB2T32?tag=topinalambricos-21&linkCode=osi&th=1&psc=1","Images":{"Primary":{"Small":{"Height":75,"URL":"https://m.media-amazon.com/images/I/51iXxBJk7cL._SL75_.jpg","Width":75}}},"ItemInfo":{"ByLineInfo":{"Brand":{"DisplayValue":"NaturaleBio","Label":"Brand","Locale":"es_ES"},"Manufacturer":{"DisplayValue":"NaturaleBio","Label":"Manufacturer","Locale":"es_ES"}},"Title":{"DisplayValue":"Aceite de Coco Ecológico Virgen 1000 ml. Crudo y prensado en frío. Orgánico y Natural. Aceite Bio nativo no refinado. País de origen Sri Lanka. NaturaleBio","Label":"Title","Locale":"es_ES"}},"Offers":{"Summaries":[{"Condition":{"Value":"New"},"LowestPrice":{"Amount":11.15,"Currency":"EUR","DisplayAmount":"11,15 € (11,15 € / l)","PricePerUnit":11.15}}]}},{"ASIN":"B013GBN8MG","DetailPageURL":"https://www.amazon.es/dp/B013GBN8MG?tag=topinalambricos-21&linkCode=osi&th=1&psc=1","Images":{"Primary":{"Small":{"Height":75,"URL":"https://m.media-amazon.com/images/I/41GyX7M9OzL._SL75_.jpg","Width":75}}},"ItemInfo":{"ByLineInfo":{"Brand":{"DisplayValue":"Mea Vita","Label":"Brand","Locale":"es_ES"},"Manufacturer":{"DisplayValue":"Ingo Steyer Kg","Label":"Manufacturer","Locale":"es_ES"}},"Title":{"DisplayValue":"Aceite puro de coco virgen extra orgánico MeaVita 1 Litre (1 X 1000 ml)","Label":"Title","Locale":"es_ES"}},"Offers":{"Summaries":[{"Condition":{"Value":"New"},"LowestPrice":{"Amount":13.99,"Currency":"EUR","DisplayAmount":"13,99 €"}}]}},{"ASIN":"B019ECJO5G","DetailPageURL":"https://www.amazon.es/dp/B019ECJO5G?tag=topinalambricos-21&linkCode=osi&th=1&psc=1","Images":{"Primary":{"Small":{"Height":75,"URL":"https://m.media-amazon.com/images/I/41RYCx6gLtL._SL75_.jpg","Width":75}}},"ItemInfo":{"ByLineInfo":{"Brand":{"DisplayValue":"Mea Vita","Label":"Brand","Locale":"es_ES"},"Manufacturer":{"DisplayValue":"MeaVita","Label":"Manufacturer","Locale":"es_ES"}},"Title":{"DisplayValue":"Meavita Aceite De Coco, Insípido (Desodorizado) 1000 ml","Label":"Title","Locale":"es_ES"}},"Offers":{"Summaries":[{"Condition":{"Value":"New"},"LowestPrice":{"Amount":11.99,"Currency":"EUR","DisplayAmount":"11,99 €"}}]}},{"ASIN":"B07YMZ48QG","DetailPageURL":"https://www.amazon.es/dp/B07YMZ48QG?tag=topinalambricos-21&linkCode=osi&th=1&psc=1","Images":{"Primary":{"Small":{"Height":75,"URL":"https://m.media-amazon.com/images/I/316-ng7ZRCL._SL75_.jpg","Width":75}}},"ItemInfo":{"ByLineInfo":{"Brand":{"DisplayValue":"Drasanvi","Label":"Brand","Locale":"es_ES"},"Manufacturer":{"DisplayValue":"DRASANVI","Label":"Manufacturer","Locale":"es_ES"}},"Title":{"DisplayValue":"DRASANVI Aceite MCT Coco | 70 % Ácido Caprílico C8 30 Ácido Cáprico C10 | Rápida fuente de energía de fácil absorción | Ayuda en la pérdida de peso | Saciante | 1000 ml |Sin sabor","Label":"Title","Locale":"es_ES"}},"Offers":{"Summaries":[{"Condition":{"Value":"New"},"LowestPrice":{"Amount":32.8,"Currency":"EUR","DisplayAmount":"32,80 € (3,28 € / 100 ml)","PricePerUnit":3.28}}]}},{"ASIN":"B016ONDUYE","DetailPageURL":"https://www.amazon.es/dp/B016ONDUYE?tag=topinalambricos-21&linkCode=osi&th=1&psc=1","Images":{"Primary":{"Small":{"Height":75,"URL":"https://m.media-amazon.com/images/I/41xlo7eSIEL._SL75_.jpg","Width":75}}},"ItemInfo":{"ByLineInfo":{"Manufacturer":{"DisplayValue":"Sanct Bernhard","Label":"Manufacturer","Locale":"es_ES"}},"Title":{"DisplayValue":"Aceite de Coco organico - Virgen Extra - 1000ml","Label":"Title","Locale":"es_ES"}},"Offers":{"Summaries":[{"Condition":{"Value":"New"},"LowestPrice":{"Amount":13.95,"Currency":"EUR","DisplayAmount":"13,95 € (13,95 € / l)","PricePerUnit":13.95}}]}},{"ASIN":"B07TMGBPL7","DetailPageURL":"https://www.amazon.es/dp/B07TMGBPL7?tag=topinalambricos-21&linkCode=osi&th=1&psc=1","Images":{"Primary":{"Small":{"Height":75,"URL":"https://m.media-amazon.com/images/I/41kcGCK7ruL._SL75_.jpg","Width":45}}},"ItemInfo":{"ByLineInfo":{"Brand":{"DisplayValue":"Monte Nativo","Label":"Brand","Locale":"es_ES"},"Manufacturer":{"DisplayValue":"Monte Nativo","Label":"Manufacturer","Locale":"es_ES"}},"Title":{"DisplayValue":"Aceite de Coco Orgánico de MonteNativo - 1000ml (1 litro) – Grasa Orgánica de Coco - Premium, Nativo y Natural, Primera Prensión en Frío, Calidad de Comida Cruda – Para Cocinar","Label":"Title","Locale":"es_ES"}},"Offers":{"Summaries":[{"Condition":{"Value":"New"},"LowestPrice":{"Amount":14.95,"Currency":"EUR","DisplayAmount":"14,95 € (14,95 € / l)","PricePerUnit":14.95}}]}},{"ASIN":"B073P974FR","DetailPageURL":"https://www.amazon.es/dp/B073P974FR?tag=topinalambricos-21&linkCode=osi&th=1&psc=1","Images":{"Primary":{"Small":{"Height":75,"URL":"https://m.media-amazon.com/images/I/41LgdQvJSgL._SL75_.jpg","Width":45}}},"ItemInfo":{"ByLineInfo":{"Brand":{"DisplayValue":"CocoNativo","Label":"Brand","Locale":"es_ES"},"Manufacturer":{"DisplayValue":"MonteNativo","Label":"Manufacturer","Locale":"es_ES"}},"Title":{"DisplayValue":"Aceite de Coco CocoNativo Orgánico Virgen Extra Ecologico 1x1000 ml, Extracción En Frío, Fuente De Energía Natural Para Deportistas, Suplemento Alimenticio, Para Cocinar, Para El Pelo","Label":"Title","Locale":"es_ES"}},"Offers":{"Summaries":[{"Condition":{"Value":"New"},"LowestPrice":{"Amount":14.95,"Currency":"EUR","DisplayAmount":"14,95 € (14,95 € / l)","PricePerUnit":14.95}}]}},{"ASIN":"B0C9YLZHCS","DetailPageURL":"https://www.amazon.es/dp/B0C9YLZHCS?tag=topinalambricos-21&linkCode=osi&th=1&psc=1","Images":{"Primary":{"Small":{"Height":75,"URL":"https://m.media-amazon.com/images/I/41xUBbfODHL._SL75_.jpg","Width":75}}},"ItemInfo":{"ByLineInfo":{"Brand":{"DisplayValue":"Nakobe","Label":"Brand","Locale":"es_ES"},"Manufacturer":{"DisplayValue":"Nakobe e.U.","Label":"Manufacturer","Locale":"es_ES"}},"Title":{"DisplayValue":"Nakobe Glucósido de coco – Coco Glucoside – 1000 ml – tensioactivo suave – tensioactivo de azúcar – respetuoso con la piel","Label":"Title","Locale":"es_ES"}},"Offers":{"Summaries":[{"Condition":{"Value":"New"},"LowestPrice":{"Amount":18.6,"Currency":"EUR","DisplayAmount":"18,60 €"}}]}},{"ASIN":"B095WW96JG","DetailPageURL":"https://www.amazon.es/dp/B095WW96JG?tag=topinalambricos-21&linkCode=osi&th=1&psc=1","Images":{"Primary":{"Small":{"Height":75,"URL":"https://m.media-amazon.com/images/I/41sz3CuZHcL._SL75_.jpg","Width":75}}},"ItemInfo":{"ByLineInfo":{"Brand":{"DisplayValue":"nut&me","Label":"Brand","Locale":"es_ES"}},"Title":{"DisplayValue":"Aceite de Coco Orgánico de Sri Lanka 1000 ml nut&me | Natural | Vegano | Prensado en frio | sin gluten - sin aditivos | Keto | Pack 2x500 ml","Label":"Title","Locale":"es_ES"}},"Offers":{"Summaries":[{"Condition":{"Value":"New"},"LowestPrice":{"Amount":14.99,"Currency":"EUR","DisplayAmount":"14,99 € (14,99 € / l)","PricePerUnit":14.99}}]}},{"ASIN":"B018EKSP68","DetailPageURL":"https://www.amazon.es/dp/B018EKSP68?tag=topinalambricos-21&linkCode=osi&th=1&psc=1","Images":{"Primary":{"Small":{"Height":75,"URL":"https://m.media-amazon.com/images/I/41pVQGk7vNL._SL75_.jpg","Width":75}}},"ItemInfo":{"ByLineInfo":{"Brand":{"DisplayValue":"mituso","Label":"Brand","Locale":"es_ES"},"Manufacturer":{"DisplayValue":"mituso","Label":"Manufacturer","Locale":"es_ES"}},"Title":{"DisplayValue":"aceite de coco orgánico mituso, nativo, paquete de 3 (3 x 1000 ml) en una jarra de planchado","Label":"Title","Locale":"es_ES"}},"Offers":{"Summaries":[{"Condition":{"Value":"New"},"LowestPrice":{"Amount":33.99,"Currency":"EUR","DisplayAmount":"33,99 € (11,33 € / l)","PricePerUnit":11.33}}]}}],"SearchURL":"https://www.amazon.es/s?k=1000+ml&rh=n%3A6347384031%2Cp_n_availability%3A-1&tag=topinalambricos-21&linkCode=osi","TotalResultCount":13}},"20":{"SearchResult":{"Items":[{"ASIN":"B01JIB2T32","DetailPageURL":"https://www.amazon.es/dp/B01JIB2T32?tag=topinalambricos-21&linkCode=osi&th=1&psc=1","Images":{"Primary":{"Small":{"Height":75,"URL":"https://m.media-amazon.com/images/I/51iXxBJk7cL._SL75_.jpg","Width":75}}},"ItemInfo":{"ByLineInfo":{"Brand":{"DisplayValue":"NaturaleBio","Label":"Brand","Locale":"es_ES"},"Manufacturer":{"DisplayValue":"NaturaleBio","Label":"Manufacturer","Locale":"es_ES"}},"Title":{"DisplayValue":"Aceite de Coco Ecológico Virgen 1000 ml. Crudo y prensado en frío. Orgánico y Natural. Aceite Bio nativo no refinado. País de origen Sri Lanka. NaturaleBio","Label":"Title","Locale":"es_ES"}},"Offers":{"Summaries":[{"Condition":{"Value":"New"},"LowestPrice":{"Amount":11.15,"Currency":"EUR","DisplayAmount":"11,15 € (11,15 € / l)","PricePerUnit":11.15}}]}},{"ASIN":"B013GBN8MG","DetailPageURL":"https://www.amazon.es/dp/B013GBN8MG?tag=topinalambricos-21&linkCode=osi&th=1&psc=1","Images":{"Primary":{"Small":{"Height":75,"URL":"https://m.media-amazon.com/images/I/41GyX7M9OzL._SL75_.jpg","Width":75}}},"ItemInfo":{"ByLineInfo":{"Brand":{"DisplayValue":"Mea Vita","Label":"Brand","Locale":"es_ES"},"Manufacturer":{"DisplayValue":"Ingo Steyer Kg","Label":"Manufacturer","Locale":"es_ES"}},"Title":{"DisplayValue":"Aceite puro de coco virgen extra orgánico MeaVita 1 Litre (1 X 1000 ml)","Label":"Title","Locale":"es_ES"}},"Offers":{"Summaries":[{"Condition":{"Value":"New"},"LowestPrice":{"Amount":13.99,"Currency":"EUR","DisplayAmount":"13,99 €"}}]}},{"ASIN":"B019ECJO5G","DetailPageURL":"https://www.amazon.es/dp/B019ECJO5G?tag=topinalambricos-21&linkCode=osi&th=1&psc=1","Images":{"Primary":{"Small":{"Height":75,"URL":"https://m.media-amazon.com/images/I/41RYCx6gLtL._SL75_.jpg","Width":75}}},"ItemInfo":{"ByLineInfo":{"Brand":{"DisplayValue":"Mea Vita","Label":"Brand","Locale":"es_ES"},"Manufacturer":{"DisplayValue":"MeaVita","Label":"Manufacturer","Locale":"es_ES"}},"Title":{"DisplayValue":"Meavita Aceite De Coco, Insípido (Desodorizado) 1000 ml","Label":"Title","Locale":"es_ES"}},"Offers":{"Summaries":[{"Condition":{"Value":"New"},"LowestPrice":{"Amount":11.99,"Currency":"EUR","DisplayAmount":"11,99 €"}}]}},{"ASIN":"B07YMZ48QG","DetailPageURL":"https://www.amazon.es/dp/B07YMZ48QG?tag=topinalambricos-21&linkCode=osi&th=1&psc=1","Images":{"Primary":{"Small":{"Height":75,"URL":"https://m.media-amazon.com/images/I/316-ng7ZRCL._SL75_.jpg","Width":75}}},"ItemInfo":{"ByLineInfo":{"Brand":{"DisplayValue":"Drasanvi","Label":"Brand","Locale":"es_ES"},"Manufacturer":{"DisplayValue":"DRASANVI","Label":"Manufacturer","Locale":"es_ES"}},"Title":{"DisplayValue":"DRASANVI Aceite MCT Coco | 70 % Ácido Caprílico C8 30 Ácido Cáprico C10 | Rápida fuente de energía de fácil absorción | Ayuda en la pérdida de peso | Saciante | 1000 ml |Sin sabor","Label":"Title","Locale":"es_ES"}},"Offers":{"Summaries":[{"Condition":{"Value":"New"},"LowestPrice":{"Amount":32.8,"Currency":"EUR","DisplayAmount":"32,80 € (3,28 € / 100 ml)","PricePerUnit":3.28}}]}},{"ASIN":"B016ONDUYE","DetailPageURL":"https://www.amazon.es/dp/B016ONDUYE?tag=topinalambricos-21&linkCode=osi&th=1&psc=1","Images":{"Primary":{"Small":{"Height":75,"URL":"https://m.media-amazon.com/images/I/41xlo7eSIEL._SL75_.jpg","Width":75}}},"ItemInfo":{"ByLineInfo":{"Manufacturer":{"DisplayValue":"Sanct Bernhard","Label":"Manufacturer","Locale":"es_ES"}},"Title":{"DisplayValue":"Aceite de Coco organico - Virgen Extra - 1000ml","Label":"Title","Locale":"es_ES"}},"Offers":{"Summaries":[{"Condition":{"Value":"New"},"LowestPrice":{"Amount":13.95,"Currency":"EUR","DisplayAmount":"13,95 € (13,95 € / l)","PricePerUnit":13.95}}]}},{"ASIN":"B07TMGBPL7","DetailPageURL":"https://www.amazon.es/dp/B07TMGBPL7?tag=topinalambricos-21&linkCode=osi&th=1&psc=1","Images":{"Primary":{"Small":{"Height":75,"URL":"https://m.media-amazon.com/images/I/41kcGCK7ruL._SL75_.jpg","Width":45}}},"ItemInfo":{"ByLineInfo":{"Brand":{"DisplayValue":"Monte Nativo","Label":"Brand","Locale":"es_ES"},"Manufacturer":{"DisplayValue":"Monte Nativo","Label":"Manufacturer","Locale":"es_ES"}},"Title":{"DisplayValue":"Aceite de Coco Orgánico de MonteNativo - 1000ml (1 litro) – Grasa Orgánica de Coco - Premium, Nativo y Natural, Primera Prensión en Frío, Calidad de Comida Cruda – Para Cocinar","Label":"Title","Locale":"es_ES"}},"Offers":{"Summaries":[{"Condition":{"Value":"New"},"LowestPrice":{"Amount":14.95,"Currency":"EUR","DisplayAmount":"14,95 € (14,95 € / l)","PricePerUnit":14.95}}]}},{"ASIN":"B073P974FR","DetailPageURL":"https://www.amazon.es/dp/B073P974FR?tag=topinalambricos-21&linkCode=osi&th=1&psc=1","Images":{"Primary":{"Small":{"Height":75,"URL":"https://m.media-amazon.com/images/I/41LgdQvJSgL._SL75_.jpg","Width":45}}},"ItemInfo":{"ByLineInfo":{"Brand":{"DisplayValue":"CocoNativo","Label":"Brand","Locale":"es_ES"},"Manufacturer":{"DisplayValue":"MonteNativo","Label":"Manufacturer","Locale":"es_ES"}},"Title":{"DisplayValue":"Aceite de Coco CocoNativo Orgánico Virgen Extra Ecologico 1x1000 ml, Extracción En Frío, Fuente De Energía Natural Para Deportistas, Suplemento Alimenticio, Para Cocinar, Para El Pelo","Label":"Title","Locale":"es_ES"}},"Offers":{"Summaries":[{"Condition":{"Value":"New"},"LowestPrice":{"Amount":14.95,"Currency":"EUR","DisplayAmount":"14,95 € (14,95 € / l)","PricePerUnit":14.95}}]}},{"ASIN":"B0C9YLZHCS","DetailPageURL":"https://www.amazon.es/dp/B0C9YLZHCS?tag=topinalambricos-21&linkCode=osi&th=1&psc=1","Images":{"Primary":{"Small":{"Height":75,"URL":"https://m.media-amazon.com/images/I/41xUBbfODHL._SL75_.jpg","Width":75}}},"ItemInfo":{"ByLineInfo":{"Brand":{"DisplayValue":"Nakobe","Label":"Brand","Locale":"es_ES"},"Manufacturer":{"DisplayValue":"Nakobe e.U.","Label":"Manufacturer","Locale":"es_ES"}},"Title":{"DisplayValue":"Nakobe Glucósido de coco – Coco Glucoside – 1000 ml – tensioactivo suave – tensioactivo de azúcar – respetuoso con la piel","Label":"Title","Locale":"es_ES"}},"Offers":{"Summaries":[{"Condition":{"Value":"New"},"LowestPrice":{"Amount":18.6,"Currency":"EUR","DisplayAmount":"18,60 €"}}]}},{"ASIN":"B095WW96JG","DetailPageURL":"https://www.amazon.es/dp/B095WW96JG?tag=topinalambricos-21&linkCode=osi&th=1&psc=1","Images":{"Primary":{"Small":{"Height":75,"URL":"https://m.media-amazon.com/images/I/41sz3CuZHcL._SL75_.jpg","Width":75}}},"ItemInfo":{"ByLineInfo":{"Brand":{"DisplayValue":"nut&me","Label":"Brand","Locale":"es_ES"}},"Title":{"DisplayValue":"Aceite de Coco Orgánico de Sri Lanka 1000 ml nut&me | Natural | Vegano | Prensado en frio | sin gluten - sin aditivos | Keto | Pack 2x500 ml","Label":"Title","Locale":"es_ES"}},"Offers":{"Summaries":[{"Condition":{"Value":"New"},"LowestPrice":{"Amount":14.99,"Currency":"EUR","DisplayAmount":"14,99 € (14,99 € / l)","PricePerUnit":14.99}}]}},{"ASIN":"B018EKSP68","DetailPageURL":"https://www.amazon.es/dp/B018EKSP68?tag=topinalambricos-21&linkCode=osi&th=1&psc=1","Images":{"Primary":{"Small":{"Height":75,"URL":"https://m.media-amazon.com/images/I/41pVQGk7vNL._SL75_.jpg","Width":75}}},"ItemInfo":{"ByLineInfo":{"Brand":{"DisplayValue":"mituso","Label":"Brand","Locale":"es_ES"},"Manufacturer":{"DisplayValue":"mituso","Label":"Manufacturer","Locale":"es_ES"}},"Title":{"DisplayValue":"aceite de coco orgánico mituso, nativo, paquete de 3 (3 x 1000 ml) en una jarra de planchado","Label":"Title","Locale":"es_ES"}},"Offers":{"Summaries":[{"Condition":{"Value":"New"},"LowestPrice":{"Amount":33.99,"Currency":"EUR","DisplayAmount":"33,99 € (11,33 € / l)","PricePerUnit":11.33}}]}}],"SearchURL":"https://www.amazon.es/s?k=1000+ml&rh=n%3A6347384031%2Cp_n_availability%3A-1&tag=topinalambricos-21&linkCode=osi","TotalResultCount":13}},"21":{"SearchResult":{"Items":[{"ASIN":"B01JIB2T32","DetailPageURL":"https://www.amazon.es/dp/B01JIB2T32?tag=topinalambricos-21&linkCode=osi&th=1&psc=1","Images":{"Primary":{"Small":{"Height":75,"URL":"https://m.media-amazon.com/images/I/51iXxBJk7cL._SL75_.jpg","Width":75}}},"ItemInfo":{"ByLineInfo":{"Brand":{"DisplayValue":"NaturaleBio","Label":"Brand","Locale":"es_ES"},"Manufacturer":{"DisplayValue":"NaturaleBio","Label":"Manufacturer","Locale":"es_ES"}},"Title":{"DisplayValue":"Aceite de Coco Ecológico Virgen 1000 ml. Crudo y prensado en frío. Orgánico y Natural. Aceite Bio nativo no refinado. País de origen Sri Lanka. NaturaleBio","Label":"Title","Locale":"es_ES"}},"Offers":{"Summaries":[{"Condition":{"Value":"New"},"LowestPrice":{"Amount":11.15,"Currency":"EUR","DisplayAmount":"11,15 € (11,15 € / l)","PricePerUnit":11.15}}]}},{"ASIN":"B013GBN8MG","DetailPageURL":"https://www.amazon.es/dp/B013GBN8MG?tag=topinalambricos-21&linkCode=osi&th=1&psc=1","Images":{"Primary":{"Small":{"Height":75,"URL":"https://m.media-amazon.com/images/I/41GyX7M9OzL._SL75_.jpg","Width":75}}},"ItemInfo":{"ByLineInfo":{"Brand":{"DisplayValue":"Mea Vita","Label":"Brand","Locale":"es_ES"},"Manufacturer":{"DisplayValue":"Ingo Steyer Kg","Label":"Manufacturer","Locale":"es_ES"}},"Title":{"DisplayValue":"Aceite puro de coco virgen extra orgánico MeaVita 1 Litre (1 X 1000 ml)","Label":"Title","Locale":"es_ES"}},"Offers":{"Summaries":[{"Condition":{"Value":"New"},"LowestPrice":{"Amount":13.99,"Currency":"EUR","DisplayAmount":"13,99 €"}}]}},{"ASIN":"B019ECJO5G","DetailPageURL":"https://www.amazon.es/dp/B019ECJO5G?tag=topinalambricos-21&linkCode=osi&th=1&psc=1","Images":{"Primary":{"Small":{"Height":75,"URL":"https://m.media-amazon.com/images/I/41RYCx6gLtL._SL75_.jpg","Width":75}}},"ItemInfo":{"ByLineInfo":{"Brand":{"DisplayValue":"Mea Vita","Label":"Brand","Locale":"es_ES"},"Manufacturer":{"DisplayValue":"MeaVita","Label":"Manufacturer","Locale":"es_ES"}},"Title":{"DisplayValue":"Meavita Aceite De Coco, Insípido (Desodorizado) 1000 ml","Label":"Title","Locale":"es_ES"}},"Offers":{"Summaries":[{"Condition":{"Value":"New"},"LowestPrice":{"Amount":11.99,"Currency":"EUR","DisplayAmount":"11,99 €"}}]}},{"ASIN":"B07YMZ48QG","DetailPageURL":"https://www.amazon.es/dp/B07YMZ48QG?tag=topinalambricos-21&linkCode=osi&th=1&psc=1","Images":{"Primary":{"Small":{"Height":75,"URL":"https://m.media-amazon.com/images/I/316-ng7ZRCL._SL75_.jpg","Width":75}}},"ItemInfo":{"ByLineInfo":{"Brand":{"DisplayValue":"Drasanvi","Label":"Brand","Locale":"es_ES"},"Manufacturer":{"DisplayValue":"DRASANVI","Label":"Manufacturer","Locale":"es_ES"}},"Title":{"DisplayValue":"DRASANVI Aceite MCT Coco | 70 % Ácido Caprílico C8 30 Ácido Cáprico C10 | Rápida fuente de energía de fácil absorción | Ayuda en la pérdida de peso | Saciante | 1000 ml |Sin sabor","Label":"Title","Locale":"es_ES"}},"Offers":{"Summaries":[{"Condition":{"Value":"New"},"LowestPrice":{"Amount":32.8,"Currency":"EUR","DisplayAmount":"32,80 € (3,28 € / 100 ml)","PricePerUnit":3.28}}]}},{"ASIN":"B016ONDUYE","DetailPageURL":"https://www.amazon.es/dp/B016ONDUYE?tag=topinalambricos-21&linkCode=osi&th=1&psc=1","Images":{"Primary":{"Small":{"Height":75,"URL":"https://m.media-amazon.com/images/I/41xlo7eSIEL._SL75_.jpg","Width":75}}},"ItemInfo":{"ByLineInfo":{"Manufacturer":{"DisplayValue":"Sanct Bernhard","Label":"Manufacturer","Locale":"es_ES"}},"Title":{"DisplayValue":"Aceite de Coco organico - Virgen Extra - 1000ml","Label":"Title","Locale":"es_ES"}},"Offers":{"Summaries":[{"Condition":{"Value":"New"},"LowestPrice":{"Amount":13.95,"Currency":"EUR","DisplayAmount":"13,95 € (13,95 € / l)","PricePerUnit":13.95}}]}},{"ASIN":"B07TMGBPL7","DetailPageURL":"https://www.amazon.es/dp/B07TMGBPL7?tag=topinalambricos-21&linkCode=osi&th=1&psc=1","Images":{"Primary":{"Small":{"Height":75,"URL":"https://m.media-amazon.com/images/I/41kcGCK7ruL._SL75_.jpg","Width":45}}},"ItemInfo":{"ByLineInfo":{"Brand":{"DisplayValue":"Monte Nativo","Label":"Brand","Locale":"es_ES"},"Manufacturer":{"DisplayValue":"Monte Nativo","Label":"Manufacturer","Locale":"es_ES"}},"Title":{"DisplayValue":"Aceite de Coco Orgánico de MonteNativo - 1000ml (1 litro) – Grasa Orgánica de Coco - Premium, Nativo y Natural, Primera Prensión en Frío, Calidad de Comida Cruda – Para Cocinar","Label":"Title","Locale":"es_ES"}},"Offers":{"Summaries":[{"Condition":{"Value":"New"},"LowestPrice":{"Amount":14.95,"Currency":"EUR","DisplayAmount":"14,95 € (14,95 € / l)","PricePerUnit":14.95}}]}},{"ASIN":"B073P974FR","DetailPageURL":"https://www.amazon.es/dp/B073P974FR?tag=topinalambricos-21&linkCode=osi&th=1&psc=1","Images":{"Primary":{"Small":{"Height":75,"URL":"https://m.media-amazon.com/images/I/41LgdQvJSgL._SL75_.jpg","Width":45}}},"ItemInfo":{"ByLineInfo":{"Brand":{"DisplayValue":"CocoNativo","Label":"Brand","Locale":"es_ES"},"Manufacturer":{"DisplayValue":"MonteNativo","Label":"Manufacturer","Locale":"es_ES"}},"Title":{"DisplayValue":"Aceite de Coco CocoNativo Orgánico Virgen Extra Ecologico 1x1000 ml, Extracción En Frío, Fuente De Energía Natural Para Deportistas, Suplemento Alimenticio, Para Cocinar, Para El Pelo","Label":"Title","Locale":"es_ES"}},"Offers":{"Summaries":[{"Condition":{"Value":"New"},"LowestPrice":{"Amount":14.95,"Currency":"EUR","DisplayAmount":"14,95 € (14,95 € / l)","PricePerUnit":14.95}}]}},{"ASIN":"B0C9YLZHCS","DetailPageURL":"https://www.amazon.es/dp/B0C9YLZHCS?tag=topinalambricos-21&linkCode=osi&th=1&psc=1","Images":{"Primary":{"Small":{"Height":75,"URL":"https://m.media-amazon.com/images/I/41xUBbfODHL._SL75_.jpg","Width":75}}},"ItemInfo":{"ByLineInfo":{"Brand":{"DisplayValue":"Nakobe","Label":"Brand","Locale":"es_ES"},"Manufacturer":{"DisplayValue":"Nakobe e.U.","Label":"Manufacturer","Locale":"es_ES"}},"Title":{"DisplayValue":"Nakobe Glucósido de coco – Coco Glucoside – 1000 ml – tensioactivo suave – tensioactivo de azúcar – respetuoso con la piel","Label":"Title","Locale":"es_ES"}},"Offers":{"Summaries":[{"Condition":{"Value":"New"},"LowestPrice":{"Amount":18.6,"Currency":"EUR","DisplayAmount":"18,60 €"}}]}},{"ASIN":"B095WW96JG","DetailPageURL":"https://www.amazon.es/dp/B095WW96JG?tag=topinalambricos-21&linkCode=osi&th=1&psc=1","Images":{"Primary":{"Small":{"Height":75,"URL":"https://m.media-amazon.com/images/I/41sz3CuZHcL._SL75_.jpg","Width":75}}},"ItemInfo":{"ByLineInfo":{"Brand":{"DisplayValue":"nut&me","Label":"Brand","Locale":"es_ES"}},"Title":{"DisplayValue":"Aceite de Coco Orgánico de Sri Lanka 1000 ml nut&me | Natural | Vegano | Prensado en frio | sin gluten - sin aditivos | Keto | Pack 2x500 ml","Label":"Title","Locale":"es_ES"}},"Offers":{"Summaries":[{"Condition":{"Value":"New"},"LowestPrice":{"Amount":14.99,"Currency":"EUR","DisplayAmount":"14,99 € (14,99 € / l)","PricePerUnit":14.99}}]}},{"ASIN":"B018EKSP68","DetailPageURL":"https://www.amazon.es/dp/B018EKSP68?tag=topinalambricos-21&linkCode=osi&th=1&psc=1","Images":{"Primary":{"Small":{"Height":75,"URL":"https://m.media-amazon.com/images/I/41pVQGk7vNL._SL75_.jpg","Width":75}}},"ItemInfo":{"ByLineInfo":{"Brand":{"DisplayValue":"mituso","Label":"Brand","Locale":"es_ES"},"Manufacturer":{"DisplayValue":"mituso","Label":"Manufacturer","Locale":"es_ES"}},"Title":{"DisplayValue":"aceite de coco orgánico mituso, nativo, paquete de 3 (3 x 1000 ml) en una jarra de planchado","Label":"Title","Locale":"es_ES"}},"Offers":{"Summaries":[{"Condition":{"Value":"New"},"LowestPrice":{"Amount":33.99,"Currency":"EUR","DisplayAmount":"33,99 € (11,33 € / l)","PricePerUnit":11.33}}]}}],"SearchURL":"https://www.amazon.es/s?k=1000+ml&rh=n%3A6347384031%2Cp_n_availability%3A-1&tag=topinalambricos-21&linkCode=osi","TotalResultCount":13}},"22":{"SearchResult":{"Items":[{"ASIN":"B01JIB2T32","DetailPageURL":"https://www.amazon.es/dp/B01JIB2T32?tag=topinalambricos-21&linkCode=osi&th=1&psc=1","Images":{"Primary":{"Small":{"Height":75,"URL":"https://m.media-amazon.com/images/I/51iXxBJk7cL._SL75_.jpg","Width":75}}},"ItemInfo":{"ByLineInfo":{"Brand":{"DisplayValue":"NaturaleBio","Label":"Brand","Locale":"es_ES"},"Manufacturer":{"DisplayValue":"NaturaleBio","Label":"Manufacturer","Locale":"es_ES"}},"Title":{"DisplayValue":"Aceite de Coco Ecológico Virgen 1000 ml. Crudo y prensado en frío. Orgánico y Natural. Aceite Bio nativo no refinado. País de origen Sri Lanka. NaturaleBio","Label":"Title","Locale":"es_ES"}},"Offers":{"Summaries":[{"Condition":{"Value":"New"},"LowestPrice":{"Amount":11.15,"Currency":"EUR","DisplayAmount":"11,15 € (11,15 € / l)","PricePerUnit":11.15}}]}},{"ASIN":"B013GBN8MG","DetailPageURL":"https://www.amazon.es/dp/B013GBN8MG?tag=topinalambricos-21&linkCode=osi&th=1&psc=1","Images":{"Primary":{"Small":{"Height":75,"URL":"https://m.media-amazon.com/images/I/41GyX7M9OzL._SL75_.jpg","Width":75}}},"ItemInfo":{"ByLineInfo":{"Brand":{"DisplayValue":"Mea Vita","Label":"Brand","Locale":"es_ES"},"Manufacturer":{"DisplayValue":"Ingo Steyer Kg","Label":"Manufacturer","Locale":"es_ES"}},"Title":{"DisplayValue":"Aceite puro de coco virgen extra orgánico MeaVita 1 Litre (1 X 1000 ml)","Label":"Title","Locale":"es_ES"}},"Offers":{"Summaries":[{"Condition":{"Value":"New"},"LowestPrice":{"Amount":13.99,"Currency":"EUR","DisplayAmount":"13,99 €"}}]}},{"ASIN":"B019ECJO5G","DetailPageURL":"https://www.amazon.es/dp/B019ECJO5G?tag=topinalambricos-21&linkCode=osi&th=1&psc=1","Images":{"Primary":{"Small":{"Height":75,"URL":"https://m.media-amazon.com/images/I/41RYCx6gLtL._SL75_.jpg","Width":75}}},"ItemInfo":{"ByLineInfo":{"Brand":{"DisplayValue":"Mea Vita","Label":"Brand","Locale":"es_ES"},"Manufacturer":{"DisplayValue":"MeaVita","Label":"Manufacturer","Locale":"es_ES"}},"Title":{"DisplayValue":"Meavita Aceite De Coco, Insípido (Desodorizado) 1000 ml","Label":"Title","Locale":"es_ES"}},"Offers":{"Summaries":[{"Condition":{"Value":"New"},"LowestPrice":{"Amount":11.99,"Currency":"EUR","DisplayAmount":"11,99 €"}}]}},{"ASIN":"B07YMZ48QG","DetailPageURL":"https://www.amazon.es/dp/B07YMZ48QG?tag=topinalambricos-21&linkCode=osi&th=1&psc=1","Images":{"Primary":{"Small":{"Height":75,"URL":"https://m.media-amazon.com/images/I/316-ng7ZRCL._SL75_.jpg","Width":75}}},"ItemInfo":{"ByLineInfo":{"Brand":{"DisplayValue":"Drasanvi","Label":"Brand","Locale":"es_ES"},"Manufacturer":{"DisplayValue":"DRASANVI","Label":"Manufacturer","Locale":"es_ES"}},"Title":{"DisplayValue":"DRASANVI Aceite MCT Coco | 70 % Ácido Caprílico C8 30 Ácido Cáprico C10 | Rápida fuente de energía de fácil absorción | Ayuda en la pérdida de peso | Saciante | 1000 ml |Sin sabor","Label":"Title","Locale":"es_ES"}},"Offers":{"Summaries":[{"Condition":{"Value":"New"},"LowestPrice":{"Amount":32.8,"Currency":"EUR","DisplayAmount":"32,80 € (3,28 € / 100 ml)","PricePerUnit":3.28}}]}},{"ASIN":"B016ONDUYE","DetailPageURL":"https://www.amazon.es/dp/B016ONDUYE?tag=topinalambricos-21&linkCode=osi&th=1&psc=1","Images":{"Primary":{"Small":{"Height":75,"URL":"https://m.media-amazon.com/images/I/41xlo7eSIEL._SL75_.jpg","Width":75}}},"ItemInfo":{"ByLineInfo":{"Manufacturer":{"DisplayValue":"Sanct Bernhard","Label":"Manufacturer","Locale":"es_ES"}},"Title":{"DisplayValue":"Aceite de Coco organico - Virgen Extra - 1000ml","Label":"Title","Locale":"es_ES"}},"Offers":{"Summaries":[{"Condition":{"Value":"New"},"LowestPrice":{"Amount":13.95,"Currency":"EUR","DisplayAmount":"13,95 € (13,95 € / l)","PricePerUnit":13.95}}]}},{"ASIN":"B07TMGBPL7","DetailPageURL":"https://www.amazon.es/dp/B07TMGBPL7?tag=topinalambricos-21&linkCode=osi&th=1&psc=1","Images":{"Primary":{"Small":{"Height":75,"URL":"https://m.media-amazon.com/images/I/41kcGCK7ruL._SL75_.jpg","Width":45}}},"ItemInfo":{"ByLineInfo":{"Brand":{"DisplayValue":"Monte Nativo","Label":"Brand","Locale":"es_ES"},"Manufacturer":{"DisplayValue":"Monte Nativo","Label":"Manufacturer","Locale":"es_ES"}},"Title":{"DisplayValue":"Aceite de Coco Orgánico de MonteNativo - 1000ml (1 litro) – Grasa Orgánica de Coco - Premium, Nativo y Natural, Primera Prensión en Frío, Calidad de Comida Cruda – Para Cocinar","Label":"Title","Locale":"es_ES"}},"Offers":{"Summaries":[{"Condition":{"Value":"New"},"LowestPrice":{"Amount":14.95,"Currency":"EUR","DisplayAmount":"14,95 € (14,95 € / l)","PricePerUnit":14.95}}]}},{"ASIN":"B073P974FR","DetailPageURL":"https://www.amazon.es/dp/B073P974FR?tag=topinalambricos-21&linkCode=osi&th=1&psc=1","Images":{"Primary":{"Small":{"Height":75,"URL":"https://m.media-amazon.com/images/I/41LgdQvJSgL._SL75_.jpg","Width":45}}},"ItemInfo":{"ByLineInfo":{"Brand":{"DisplayValue":"CocoNativo","Label":"Brand","Locale":"es_ES"},"Manufacturer":{"DisplayValue":"MonteNativo","Label":"Manufacturer","Locale":"es_ES"}},"Title":{"DisplayValue":"Aceite de Coco CocoNativo Orgánico Virgen Extra Ecologico 1x1000 ml, Extracción En Frío, Fuente De Energía Natural Para Deportistas, Suplemento Alimenticio, Para Cocinar, Para El Pelo","Label":"Title","Locale":"es_ES"}},"Offers":{"Summaries":[{"Condition":{"Value":"New"},"LowestPrice":{"Amount":14.95,"Currency":"EUR","DisplayAmount":"14,95 € (14,95 € / l)","PricePerUnit":14.95}}]}},{"ASIN":"B0C9YLZHCS","DetailPageURL":"https://www.amazon.es/dp/B0C9YLZHCS?tag=topinalambricos-21&linkCode=osi&th=1&psc=1","Images":{"Primary":{"Small":{"Height":75,"URL":"https://m.media-amazon.com/images/I/41xUBbfODHL._SL75_.jpg","Width":75}}},"ItemInfo":{"ByLineInfo":{"Brand":{"DisplayValue":"Nakobe","Label":"Brand","Locale":"es_ES"},"Manufacturer":{"DisplayValue":"Nakobe e.U.","Label":"Manufacturer","Locale":"es_ES"}},"Title":{"DisplayValue":"Nakobe Glucósido de coco – Coco Glucoside – 1000 ml – tensioactivo suave – tensioactivo de azúcar – respetuoso con la piel","Label":"Title","Locale":"es_ES"}},"Offers":{"Summaries":[{"Condition":{"Value":"New"},"LowestPrice":{"Amount":18.6,"Currency":"EUR","DisplayAmount":"18,60 €"}}]}},{"ASIN":"B095WW96JG","DetailPageURL":"https://www.amazon.es/dp/B095WW96JG?tag=topinalambricos-21&linkCode=osi&th=1&psc=1","Images":{"Primary":{"Small":{"Height":75,"URL":"https://m.media-amazon.com/images/I/41sz3CuZHcL._SL75_.jpg","Width":75}}},"ItemInfo":{"ByLineInfo":{"Brand":{"DisplayValue":"nut&me","Label":"Brand","Locale":"es_ES"}},"Title":{"DisplayValue":"Aceite de Coco Orgánico de Sri Lanka 1000 ml nut&me | Natural | Vegano | Prensado en frio | sin gluten - sin aditivos | Keto | Pack 2x500 ml","Label":"Title","Locale":"es_ES"}},"Offers":{"Summaries":[{"Condition":{"Value":"New"},"LowestPrice":{"Amount":14.99,"Currency":"EUR","DisplayAmount":"14,99 € (14,99 € / l)","PricePerUnit":14.99}}]}},{"ASIN":"B018EKSP68","DetailPageURL":"https://www.amazon.es/dp/B018EKSP68?tag=topinalambricos-21&linkCode=osi&th=1&psc=1","Images":{"Primary":{"Small":{"Height":75,"URL":"https://m.media-amazon.com/images/I/41pVQGk7vNL._SL75_.jpg","Width":75}}},"ItemInfo":{"ByLineInfo":{"Brand":{"DisplayValue":"mituso","Label":"Brand","Locale":"es_ES"},"Manufacturer":{"DisplayValue":"mituso","Label":"Manufacturer","Locale":"es_ES"}},"Title":{"DisplayValue":"aceite de coco orgánico mituso, nativo, paquete de 3 (3 x 1000 ml) en una jarra de planchado","Label":"Title","Locale":"es_ES"}},"Offers":{"Summaries":[{"Condition":{"Value":"New"},"LowestPrice":{"Amount":33.99,"Currency":"EUR","DisplayAmount":"33,99 € (11,33 € / l)","PricePerUnit":11.33}}]}}],"SearchURL":"https://www.amazon.es/s?k=1000+ml&rh=n%3A6347384031%2Cp_n_availability%3A-1&tag=topinalambricos-21&linkCode=osi","TotalResultCount":13}},"23":{"SearchResult":{"Items":[{"ASIN":"B0BJV5GPH4","DetailPageURL":"https://www.amazon.es/dp/B0BJV5GPH4?tag=topinalambricos-21&linkCode=osi&th=1&psc=1","Images":{"Primary":{"Small":{"Height":74,"URL":"https://m.media-amazon.com/images/I/41IY3fhJ6CL._SL75_.jpg","Width":75}}},"ItemInfo":{"ByLineInfo":{"Brand":{"DisplayValue":"Jarrow Formulas","Label":"Brand","Locale":"es_ES"},"Manufacturer":{"DisplayValue":"Jarrow Formulas","Label":"Manufacturer","Locale":"es_ES"}},"Title":{"DisplayValue":"Jarrow Formulas, Coconut Oil (Aceite de Coco), 1.000mg, Certificado Orgánico, 120 Cápsulas blandas, Probado en Laboratorio, Sin Gluten, Sin Soja, No GMO","Label":"Title","Locale":"es_ES"}},"Offers":{"Summaries":[{"Condition":{"Value":"New"},"LowestPrice":{"Amount":27.23,"Currency":"EUR","DisplayAmount":"27,23 € (209,46 € / kg)","PricePerUnit":209.46}}]}},{"ASIN":"B0C4KWVZNL","DetailPageURL":"https://www.amazon.es/dp/B0C4KWVZNL?tag=topinalambricos-21&linkCode=osi&th=1&psc=1","Images":{"Primary":{"Small":{"Height":75,"URL":"https://m.media-amazon.com/images/I/41u3zAHPIjL._SL75_.jpg","Width":75}}},"ItemInfo":{"ByLineInfo":{"Brand":{"DisplayValue":"NOW","Label":"Brand","Locale":"es_ES"},"Manufacturer":{"DisplayValue":"NOW","Label":"Manufacturer","Locale":"es_ES"}},"Title":{"DisplayValue":"Now Foods, Coconut Oil (Aceite de Coco), 1000 mg, 120 Cápsulas blandas, Probado en Laboratorio, Sin Soja, Sin Gluten, No GMO","Label":"Title","Locale":"es_ES"}},"Offers":{"Summaries":[{"Condition":{"Value":"New"},"LowestPrice":{"Amount":23.9,"Currency":"EUR","DisplayAmount":"23,90 € (125,79 € / kg)","PricePerUnit":125.79}}]}},{"ASIN":"B08V5G2XWY","DetailPageURL":"https://www.amazon.es/dp/B08V5G2XWY?tag=topinalambricos-21&linkCode=osi&th=1&psc=1","Images":{"Primary":{"Small":{"Height":75,"URL":"https://m.media-amazon.com/images/I/415QNXu2IoL._SL75_.jpg","Width":41}}},"ItemInfo":{"ByLineInfo":{"Brand":{"DisplayValue":"The Pro Co","Label":"Brand","Locale":"es_ES"},"Manufacturer":{"DisplayValue":"The Pro Co","Label":"Manufacturer","Locale":"es_ES"}},"Title":{"DisplayValue":"Biotina 10,000 mcg con aceite de coco - 365 comprimidos veganos (suministro para 1 año) - Biotina para el crecimiento del cabello - Vitaminas para el cabello y la piel - Hecho por The Pro Co.","Label":"Title","Locale":"es_ES"}},"Offers":{"Summaries":[{"Condition":{"Value":"New"},"LowestPrice":{"Amount":22.99,"Currency":"EUR","DisplayAmount":"22,99 € (0,06 € / unidad)","PricePerUnit":0.06}}]}},{"ASIN":"B09H5FCPY4","DetailPageURL":"https://www.amazon.es/dp/B09H5FCPY4?tag=topinalambricos-21&linkCode=osi&th=1&psc=1","Images":{"Primary":{"Small":{"Height":75,"URL":"https://m.media-amazon.com/images/I/415z7vSrBmL._SL75_.jpg","Width":75}}},"ItemInfo":{"ByLineInfo":{"Brand":{"DisplayValue":"Naturitas","Label":"Brand","Locale":"es_ES"},"Manufacturer":{"DisplayValue":"Naturitas Essentials","Label":"Manufacturer","Locale":"es_ES"}},"Title":{"DisplayValue":"Aceite de Orégano 60 perlas Naturitas Essentials | Antifúngico y antimicrobiano natural | Cápsulas blandas | Sin gluten y sin lactosa","Label":"Title","Locale":"es_ES"}},"Offers":{"Summaries":[{"Condition":{"Value":"New"},"LowestPrice":{"Amount":10.49,"Currency":"EUR","DisplayAmount":"10,49 € (10,49 € / kg)","PricePerUnit":10.49}}]}},{"ASIN":"B0CF1YMJWF","DetailPageURL":"https://www.amazon.es/dp/B0CF1YMJWF?tag=topinalambricos-21&linkCode=osi&th=1&psc=1","Images":{"Primary":{"Small":{"Height":75,"URL":"https://m.media-amazon.com/images/I/41nAEX-skRL._SL75_.jpg","Width":75}}},"ItemInfo":{"ByLineInfo":{"Brand":{"DisplayValue":"NOW","Label":"Brand","Locale":"es_ES"},"Manufacturer":{"DisplayValue":"NOW","Label":"Manufacturer","Locale":"es_ES"}},"Title":{"DisplayValue":"Now Foods MCT Oil, 1000mg, Triglicéridos de cadena media de coco y aceite de palmiste, Alta dosis, 150 Cápsulas blandas, Testado en Laboratorio, Sin Soja, Sin Gluten, Sin OGM","Label":"Title","Locale":"es_ES"}},"Offers":{"Summaries":[{"Condition":{"Value":"New"},"LowestPrice":{"Amount":23.9,"Currency":"EUR","DisplayAmount":"23,90 € (119,50 € / kg)","PricePerUnit":119.5}}]}},{"ASIN":"B00CMJMZPK","DetailPageURL":"https://www.amazon.es/dp/B00CMJMZPK?tag=topinalambricos-21&linkCode=osi&th=1&psc=1","Images":{"Primary":{"Small":{"Height":75,"URL":"https://m.media-amazon.com/images/I/41iCsXU7CWL._SL75_.jpg","Width":46}}},"ItemInfo":{"ByLineInfo":{"Brand":{"DisplayValue":"Natures Way 1000mg Coconut Oil Softgel - 120 per pack -- 1 each.","Label":"Brand","Locale":"es_ES"},"Manufacturer":{"DisplayValue":"Nature's Way","Label":"Manufacturer","Locale":"es_ES"}},"Title":{"DisplayValue":"Natures Way 1000mg Coconut Oil Softgel - 120 per pack -- 1 each.","Label":"Title","Locale":"es_ES"}},"Offers":{"Summaries":[{"Condition":{"Value":"New"},"LowestPrice":{"Amount":30.79,"Currency":"EUR","DisplayAmount":"30,79 € (0,26 € / unidad)","PricePerUnit":0.26}}]}},{"ASIN":"B09HXTRGNZ","DetailPageURL":"https://www.amazon.es/dp/B09HXTRGNZ?tag=topinalambricos-21&linkCode=osi&th=1&psc=1","Images":{"Primary":{"Small":{"Height":75,"URL":"https://m.media-amazon.com/images/I/41WxUPCch0L._SL75_.jpg","Width":75}}},"ItemInfo":{"ByLineInfo":{"Brand":{"DisplayValue":"NOW","Label":"Brand","Locale":"es_ES"},"Manufacturer":{"DisplayValue":"NOW","Label":"Manufacturer","Locale":"es_ES"}},"Title":{"DisplayValue":"Now Foods, Oregano Oil (Aceite de Orégano), 90 Cápsulas blandas, Testado en Laboratorio, Vegetal, Sin Gluten, Sin Soja, No GMO","Label":"Title","Locale":"es_ES"}},"Offers":{"Summaries":[{"Condition":{"Value":"New"},"LowestPrice":{"Amount":22.9,"Currency":"EUR","DisplayAmount":"22,90 € (458,00 € / kg)","PricePerUnit":458.0}}]}},{"ASIN":"B093TDVM1H","DetailPageURL":"https://www.amazon.es/dp/B093TDVM1H?tag=topinalambricos-21&linkCode=osi&th=1&psc=1","Images":{"Primary":{"Small":{"Height":75,"URL":"https://m.media-amazon.com/images/I/416qmNvDYzL._SL75_.jpg","Width":38}}},"ItemInfo":{"ByLineInfo":{"Brand":{"DisplayValue":"Zenement","Label":"Brand","Locale":"es_ES"},"Manufacturer":{"DisplayValue":"Zenement","Label":"Manufacturer","Locale":"es_ES"}},"Title":{"DisplayValue":"Zenement Aceite de Orégano, 150 mg, 120 Softgels | con Aceite de Oliva Virgen Extra | 106 mg de Carvacrol y 4.5 mg de Timol por cápsula | 100% Ingredientes Naturales, Sin Aditivos","Label":"Title","Locale":"es_ES"}},"Offers":{"Summaries":[{"Condition":{"Value":"New"},"LowestPrice":{"Amount":17.97,"Currency":"EUR","DisplayAmount":"17,97 € (0,15 € / unidad)","PricePerUnit":0.15}}]}},{"ASIN":"B074W8S1RN","DetailPageURL":"https://www.amazon.es/dp/B074W8S1RN?tag=topinalambricos-21&linkCode=osi&th=1&psc=1","Images":{"Primary":{"Small":{"Height":75,"URL":"https://m.media-amazon.com/images/I/41Y2I6LSnaL._SL75_.jpg","Width":75}}},"ItemInfo":{"ByLineInfo":{"Brand":{"DisplayValue":"Ketosource","Label":"Brand","Locale":"es_ES"},"Manufacturer":{"DisplayValue":"Ketosource","Label":"Manufacturer","Locale":"es_ES"}},"Title":{"DisplayValue":"Aceite MCT C8 Puro | Aumenta las Cetonas 4 Veces en Comparación con Otros MCT | Alto 99%+ Pureza | Apoya Nutrición Keto y Ayuno | Origen Coco 100% | Bulletproof Coffee | 100ml | Ketosource®","Label":"Title","Locale":"es_ES"}},"Offers":{"Summaries":[{"Condition":{"Value":"New"},"LowestPrice":{"Amount":7.99,"Currency":"EUR","DisplayAmount":"7,99 € (79,90 € / l)","PricePerUnit":79.9}}]}},{"ASIN":"B085784Z17","DetailPageURL":"https://www.amazon.es/dp/B085784Z17?tag=topinalambricos-21&linkCode=osi&th=1&psc=1","Images":{"Primary":{"Small":{"Height":75,"URL":"https://m.media-amazon.com/images/I/41m4fNoD5pL._SL75_.jpg","Width":75}}},"ItemInfo":{"ByLineInfo":{"Brand":{"DisplayValue":"Go-Keto","Label":"Brand","Locale":"es_ES"},"Manufacturer":{"DisplayValue":"Go-Keto","Label":"Manufacturer","Locale":"es_ES"}},"Title":{"DisplayValue":"Go-Keto MCT Polvo, 250g | MCT C8/C10 prémium, 100% de aceite de coco sin aceite de palma | Perfecto para la dieta ceto| Crema de café ideal para un Bulletproof Coffee o un batido ceto | Paleo, vegano","Label":"Title","Locale":"es_ES"}},"Offers":{"Summaries":[{"Condition":{"Value":"New"},"LowestPrice":{"Amount":19.95,"Currency":"EUR","DisplayAmount":"19,95 € (79,80 € / kg)","PricePerUnit":79.8}}]}}],"SearchURL":"https://www.amazon.es/s?k=capsulas+aceite+coco&rh=n%3A4347039031%2Cp_n_availability%3A-1&tag=topinalambricos-21&linkCode=osi","TotalResultCount":60}},"24":{"SearchResult":{"Items":[{"ASIN":"B0BJV5GPH4","DetailPageURL":"https://www.amazon.es/dp/B0BJV5GPH4?tag=topinalambricos-21&linkCode=osi&th=1&psc=1","Images":{"Primary":{"Small":{"Height":74,"URL":"https://m.media-amazon.com/images/I/41IY3fhJ6CL._SL75_.jpg","Width":75}}},"ItemInfo":{"ByLineInfo":{"Brand":{"DisplayValue":"Jarrow Formulas","Label":"Brand","Locale":"es_ES"},"Manufacturer":{"DisplayValue":"Jarrow Formulas","Label":"Manufacturer","Locale":"es_ES"}},"Title":{"DisplayValue":"Jarrow Formulas, Coconut Oil (Aceite de Coco), 1.000mg, Certificado Orgánico, 120 Cápsulas blandas, Probado en Laboratorio, Sin Gluten, Sin Soja, No GMO","Label":"Title","Locale":"es_ES"}},"Offers":{"Summaries":[{"Condition":{"Value":"New"},"LowestPrice":{"Amount":27.23,"Currency":"EUR","DisplayAmount":"27,23 € (209,46 € / kg)","PricePerUnit":209.46}}]}},{"ASIN":"B0C4KWVZNL","DetailPageURL":"https://www.amazon.es/dp/B0C4KWVZNL?tag=topinalambricos-21&linkCode=osi&th=1&psc=1","Images":{"Primary":{"Small":{"Height":75,"URL":"https://m.media-amazon.com/images/I/41u3zAHPIjL._SL75_.jpg","Width":75}}},"ItemInfo":{"ByLineInfo":{"Brand":{"DisplayValue":"NOW","Label":"Brand","Locale":"es_ES"},"Manufacturer":{"DisplayValue":"NOW","Label":"Manufacturer","Locale":"es_ES"}},"Title":{"DisplayValue":"Now Foods, Coconut Oil (Aceite de Coco), 1000 mg, 120 Cápsulas blandas, Probado en Laboratorio, Sin Soja, Sin Gluten, No GMO","Label":"Title","Locale":"es_ES"}},"Offers":{"Summaries":[{"Condition":{"Value":"New"},"LowestPrice":{"Amount":23.9,"Currency":"EUR","DisplayAmount":"23,90 € (125,79 € / kg)","PricePerUnit":125.79}}]}},{"ASIN":"B08V5G2XWY","DetailPageURL":"https://www.amazon.es/dp/B08V5G2XWY?tag=topinalambricos-21&linkCode=osi&th=1&psc=1","Images":{"Primary":{"Small":{"Height":75,"URL":"https://m.media-amazon.com/images/I/415QNXu2IoL._SL75_.jpg","Width":41}}},"ItemInfo":{"ByLineInfo":{"Brand":{"DisplayValue":"The Pro Co","Label":"Brand","Locale":"es_ES"},"Manufacturer":{"DisplayValue":"The Pro Co","Label":"Manufacturer","Locale":"es_ES"}},"Title":{"DisplayValue":"Biotina 10,000 mcg con aceite de coco - 365 comprimidos veganos (suministro para 1 año) - Biotina para el crecimiento del cabello - Vitaminas para el cabello y la piel - Hecho por The Pro Co.","Label":"Title","Locale":"es_ES"}},"Offers":{"Summaries":[{"Condition":{"Value":"New"},"LowestPrice":{"Amount":22.99,"Currency":"EUR","DisplayAmount":"22,99 € (0,06 € / unidad)","PricePerUnit":0.06}}]}},{"ASIN":"B09H5FCPY4","DetailPageURL":"https://www.amazon.es/dp/B09H5FCPY4?tag=topinalambricos-21&linkCode=osi&th=1&psc=1","Images":{"Primary":{"Small":{"Height":75,"URL":"https://m.media-amazon.com/images/I/415z7vSrBmL._SL75_.jpg","Width":75}}},"ItemInfo":{"ByLineInfo":{"Brand":{"DisplayValue":"Naturitas","Label":"Brand","Locale":"es_ES"},"Manufacturer":{"DisplayValue":"Naturitas Essentials","Label":"Manufacturer","Locale":"es_ES"}},"Title":{"DisplayValue":"Aceite de Orégano 60 perlas Naturitas Essentials | Antifúngico y antimicrobiano natural | Cápsulas blandas | Sin gluten y sin lactosa","Label":"Title","Locale":"es_ES"}},"Offers":{"Summaries":[{"Condition":{"Value":"New"},"LowestPrice":{"Amount":10.49,"Currency":"EUR","DisplayAmount":"10,49 € (10,49 € / kg)","PricePerUnit":10.49}}]}},{"ASIN":"B0CF1YMJWF","DetailPageURL":"https://www.amazon.es/dp/B0CF1YMJWF?tag=topinalambricos-21&linkCode=osi&th=1&psc=1","Images":{"Primary":{"Small":{"Height":75,"URL":"https://m.media-amazon.com/images/I/41nAEX-skRL._SL75_.jpg","Width":75}}},"ItemInfo":{"ByLineInfo":{"Brand":{"DisplayValue":"NOW","Label":"Brand","Locale":"es_ES"},"Manufacturer":{"DisplayValue":"NOW","Label":"Manufacturer","Locale":"es_ES"}},"Title":{"DisplayValue":"Now Foods MCT Oil, 1000mg, Triglicéridos de cadena media de coco y aceite de palmiste, Alta dosis, 150 Cápsulas blandas, Testado en Laboratorio, Sin Soja, Sin Gluten, Sin OGM","Label":"Title","Locale":"es_ES"}},"Offers":{"Summaries":[{"Condition":{"Value":"New"},"LowestPrice":{"Amount":23.9,"Currency":"EUR","DisplayAmount":"23,90 € (119,50 € / kg)","PricePerUnit":119.5}}]}},{"ASIN":"B00CMJMZPK","DetailPageURL":"https://www.amazon.es/dp/B00CMJMZPK?tag=topinalambricos-21&linkCode=osi&th=1&psc=1","Images":{"Primary":{"Small":{"Height":75,"URL":"https://m.media-amazon.com/images/I/41iCsXU7CWL._SL75_.jpg","Width":46}}},"ItemInfo":{"ByLineInfo":{"Brand":{"DisplayValue":"Natures Way 1000mg Coconut Oil Softgel - 120 per pack -- 1 each.","Label":"Brand","Locale":"es_ES"},"Manufacturer":{"DisplayValue":"Nature's Way","Label":"Manufacturer","Locale":"es_ES"}},"Title":{"DisplayValue":"Natures Way 1000mg Coconut Oil Softgel - 120 per pack -- 1 each.","Label":"Title","Locale":"es_ES"}},"Offers":{"Summaries":[{"Condition":{"Value":"New"},"LowestPrice":{"Amount":30.79,"Currency":"EUR","DisplayAmount":"30,79 € (0,26 € / unidad)","PricePerUnit":0.26}}]}},{"ASIN":"B09HXTRGNZ","DetailPageURL":"https://www.amazon.es/dp/B09HXTRGNZ?tag=topinalambricos-21&linkCode=osi&th=1&psc=1","Images":{"Primary":{"Small":{"Height":75,"URL":"https://m.media-amazon.com/images/I/41WxUPCch0L._SL75_.jpg","Width":75}}},"ItemInfo":{"ByLineInfo":{"Brand":{"DisplayValue":"NOW","Label":"Brand","Locale":"es_ES"},"Manufacturer":{"DisplayValue":"NOW","Label":"Manufacturer","Locale":"es_ES"}},"Title":{"DisplayValue":"Now Foods, Oregano Oil (Aceite de Orégano), 90 Cápsulas blandas, Testado en Laboratorio, Vegetal, Sin Gluten, Sin Soja, No GMO","Label":"Title","Locale":"es_ES"}},"Offers":{"Summaries":[{"Condition":{"Value":"New"},"LowestPrice":{"Amount":22.9,"Currency":"EUR","DisplayAmount":"22,90 € (458,00 € / kg)","PricePerUnit":458.0}}]}},{"ASIN":"B093TDVM1H","DetailPageURL":"https://www.amazon.es/dp/B093TDVM1H?tag=topinalambricos-21&linkCode=osi&th=1&psc=1","Images":{"Primary":{"Small":{"Height":75,"URL":"https://m.media-amazon.com/images/I/416qmNvDYzL._SL75_.jpg","Width":38}}},"ItemInfo":{"ByLineInfo":{"Brand":{"DisplayValue":"Zenement","Label":"Brand","Locale":"es_ES"},"Manufacturer":{"DisplayValue":"Zenement","Label":"Manufacturer","Locale":"es_ES"}},"Title":{"DisplayValue":"Zenement Aceite de Orégano, 150 mg, 120 Softgels | con Aceite de Oliva Virgen Extra | 106 mg de Carvacrol y 4.5 mg de Timol por cápsula | 100% Ingredientes Naturales, Sin Aditivos","Label":"Title","Locale":"es_ES"}},"Offers":{"Summaries":[{"Condition":{"Value":"New"},"LowestPrice":{"Amount":17.97,"Currency":"EUR","DisplayAmount":"17,97 € (0,15 € / unidad)","PricePerUnit":0.15}}]}},{"ASIN":"B074W8S1RN","DetailPageURL":"https://www.amazon.es/dp/B074W8S1RN?tag=topinalambricos-21&linkCode=osi&th=1&psc=1","Images":{"Primary":{"Small":{"Height":75,"URL":"https://m.media-amazon.com/images/I/41Y2I6LSnaL._SL75_.jpg","Width":75}}},"ItemInfo":{"ByLineInfo":{"Brand":{"DisplayValue":"Ketosource","Label":"Brand","Locale":"es_ES"},"Manufacturer":{"DisplayValue":"Ketosource","Label":"Manufacturer","Locale":"es_ES"}},"Title":{"DisplayValue":"Aceite MCT C8 Puro | Aumenta las Cetonas 4 Veces en Comparación con Otros MCT | Alto 99%+ Pureza | Apoya Nutrición Keto y Ayuno | Origen Coco 100% | Bulletproof Coffee | 100ml | Ketosource®","Label":"Title","Locale":"es_ES"}},"Offers":{"Summaries":[{"Condition":{"Value":"New"},"LowestPrice":{"Amount":7.99,"Currency":"EUR","DisplayAmount":"7,99 € (79,90 € / l)","PricePerUnit":79.9}}]}},{"ASIN":"B085784Z17","DetailPageURL":"https://www.amazon.es/dp/B085784Z17?tag=topinalambricos-21&linkCode=osi&th=1&psc=1","Images":{"Primary":{"Small":{"Height":75,"URL":"https://m.media-amazon.com/images/I/41m4fNoD5pL._SL75_.jpg","Width":75}}},"ItemInfo":{"ByLineInfo":{"Brand":{"DisplayValue":"Go-Keto","Label":"Brand","Locale":"es_ES"},"Manufacturer":{"DisplayValue":"Go-Keto","Label":"Manufacturer","Locale":"es_ES"}},"Title":{"DisplayValue":"Go-Keto MCT Polvo, 250g | MCT C8/C10 prémium, 100% de aceite de coco sin aceite de palma | Perfecto para la dieta ceto| Crema de café ideal para un Bulletproof Coffee o un batido ceto | Paleo, vegano","Label":"Title","Locale":"es_ES"}},"Offers":{"Summaries":[{"Condition":{"Value":"New"},"LowestPrice":{"Amount":19.95,"Currency":"EUR","DisplayAmount":"19,95 € (79,80 € / kg)","PricePerUnit":79.8}}]}}],"SearchURL":"https://www.amazon.es/s?k=capsulas+aceite+coco&rh=n%3A4347039031%2Cp_n_availability%3A-1&tag=topinalambricos-21&linkCode=osi","TotalResultCount":60}}}