{"2":{"SearchResult":{"Items":[{"ASIN":"B07YMY2FMN","DetailPageURL":"https://www.amazon.es/dp/B07YMY2FMN?tag=topinalambricos-21&linkCode=osi&th=1&psc=1","Images":{"Primary":{"Small":{"Height":75,"URL":"https://m.media-amazon.com/images/I/41Kkbwb+PQL._SL75_.jpg","Width":75}}},"ItemInfo":{"ByLineInfo":{"Brand":{"DisplayValue":"Drasanvi","Label":"Brand","Locale":"es_ES"},"Manufacturer":{"DisplayValue":"DRASANVI","Label":"Manufacturer","Locale":"es_ES"}},"Title":{"DisplayValue":"DRASANVI Aceite MCT Coco | 70 % Ácido Caprílico C8 30 Ácido Cáprico C10 | Rápida fuente de energía de fácil absorción | Ayuda en la pérdida de peso | Saciante | 500 ml |Sin sabor","Label":"Title","Locale":"es_ES"}},"Offers":{"Summaries":[{"Condition":{"Value":"New"},"LowestPrice":{"Amount":15.51,"Currency":"EUR","DisplayAmount":"15,51 € (3,10 € / 100 ml)","PricePerUnit":3.1}}]}},{"ASIN":"B092ZP38BX","DetailPageURL":"https://www.amazon.es/dp/B092ZP38BX?tag=topinalambricos-21&linkCode=osi&th=1&psc=1","Images":{"Primary":{"Small":{"Height":75,"URL":"https://m.media-amazon.com/images/I/31QO1+kRipL._SL75_.jpg","Width":75}}},"ItemInfo":{"ByLineInfo":{"Brand":{"DisplayValue":"Lazarraga","Label":"Brand","Locale":"es_ES"},"Manufacturer":{"DisplayValue":"Lazarraga","Label":"Manufacturer","Locale":"es_ES"}},"Title":{"DisplayValue":"Lazarraga Aceite MCT Puro | C8 + C10 MCT Origen Coco 100% | Apoya Nutrición Keto Diet y Ayuno | Aumento de Cetonas y Energía | Paleo - Vegano - Libre de Gluten - GMO - Dairy Free | 500ml","Label":"Title","Locale":"es_ES"}},"Offers":{"Summaries":[{"Condition":{"Value":"New"},"LowestPrice":{"Amount":11.97,"Currency":"EUR","DisplayAmount":"11,97 € (23,94 € / l)","PricePerUnit":23.94}}]}},{"ASIN":"B01JA3S1F8","DetailPageURL":"https://www.amazon.es/dp/B01JA3S1F8?tag=topinalambricos-21&linkCode=osi&th=1&psc=1","Images":{"Primary":{"Small":{"Height":75,"URL":"https://m.media-amazon.com/images/I/51vsTObz8GL._SL75_.jpg","Width":75}}},"ItemInfo":{"ByLineInfo":{"Brand":{"DisplayValue":"NaturaleBio","Label":"Brand","Locale":"es_ES"},"Manufacturer":{"DisplayValue":"NaturaleBio","Label":"Manufacturer","Locale":"es_ES"}},"Title":{"DisplayValue":"Aceite de Coco Ecológico Virgen 500 ml. Crudo y prensado en frío. Orgánico y Natural. Aceite Bio nativo no refinado. País de origen Sri Lanka. NaturaleBio","Label":"Title","Locale":"es_ES"}},"Offers":{"Summaries":[{"Condition":{"Value":"New"},"LowestPrice":{"Amount":11.59,"Currency":"EUR","DisplayAmount":"11,59 € (23,18 € / l)","PricePerUnit":23.18}}]}},{"ASIN":"B074DVGLPD","DetailPageURL":"https://www.amazon.es/dp/B074DVGLPD?tag=topinalambricos-21&linkCode=osi&th=1&psc=1","Images":{"Primary":{"Small":{"Height":75,"URL":"https://m.media-amazon.com/images/I/518XXsUBT3L._SL75_.jpg","Width":75}}},"ItemInfo":{"ByLineInfo":{"Brand":{"DisplayValue":"Planète au Naturel","Label":"Brand","Locale":"es_ES"},"Manufacturer":{"DisplayValue":"GPH Diffusion","Label":"Manufacturer","Locale":"es_ES"}},"Title":{"DisplayValue":"Aceite de Coco Virgen Orgánico 500 ml - PRENSADO EN FRIO","Label":"Title","Locale":"es_ES"}},"Offers":{"Summaries":[{"Condition":{"Value":"New"},"LowestPrice":{"Amount":12.99,"Currency":"EUR","DisplayAmount":"12,99 € (25,98 € / l)","PricePerUnit":25.98}}]}},{"ASIN":"B09F3NZ5MK","DetailPageURL":"https://www.amazon.es/dp/B09F3NZ5MK?tag=topinalambricos-21&linkCode=osi&th=1&psc=1","Images":{"Primary":{"Small":{"Height":75,"URL":"https://m.media-amazon.com/images/I/41cck5gXfkL._SL75_.jpg","Width":75}}},"ItemInfo":{"ByLineInfo":{"Brand":{"DisplayValue":"Drasanvi","Label":"Brand","Locale":"es_ES"},"Manufacturer":{"DisplayValue":"DRASANVI","Label":"Manufacturer","Locale":"es_ES"}},"Title":{"DisplayValue":"ACEITE COCO VIRGEN BIO 500 ML KETO DRASANVI","Label":"Title","Locale":"es_ES"}},"Offers":{"Summaries":[{"Condition":{"Value":"New"},"LowestPrice":{"Amount":9.15,"Currency":"EUR","DisplayAmount":"9,15 €"}}]}},{"ASIN":"B016Q6L7WQ","DetailPageURL":"https://www.amazon.es/dp/B016Q6L7WQ?tag=topinalambricos-21&linkCode=osi&th=1&psc=1","Images":{"Primary":{"Small":{"Height":75,"URL":"https://m.media-amazon.com/images/I/51jc69v4KBL._SL75_.jpg","Width":75}}},"ItemInfo":{"ByLineInfo":{"Brand":{"DisplayValue":"NATURSEED","Label":"Brand","Locale":"es_ES"},"Manufacturer":{"DisplayValue":"NATURSEED","Label":"Manufacturer","Locale":"es_ES"}},"Title":{"DisplayValue":"Naturseed - Aceite de coco Virgen Extra Orgánico - Para uso Estético, en Cocina y Masajes, 500 ml","Label":"Title","Locale":"es_ES"}},"Offers":{"Summaries":[{"Condition":{"Value":"New"},"LowestPrice":{"Amount":10.5,"Currency":"EUR","DisplayAmount":"10,50 € (21,00 € / l)","PricePerUnit":21.0}}]}},{"ASIN":"B08YFGB64R","DetailPageURL":"https://www.amazon.es/dp/B08YFGB64R?tag=topinalambricos-21&linkCode=osi&th=1&psc=1","Images":{"Primary":{"Small":{"Height":75,"URL":"https://m.media-amazon.com/images/I/41Pu1RZXkxL._SL75_.jpg","Width":75}}},"ItemInfo":{"ByLineInfo":{"Brand":{"DisplayValue":"Drasanvi","Label":"Brand","Locale":"es_ES"},"Manufacturer":{"DisplayValue":"Ecosana","Label":"Manufacturer","Locale":"es_ES"}},"Title":{"DisplayValue":"ECOSANA ACEITE DE COCO VIRGEN EXTRA CERTIFICADO BIO by DRASANVI - VEGANO - SIN GLUTEN - 500ml","Label":"Title","Locale":"es_ES"}},"Offers":{"Summaries":[{"Condition":{"Value":"New"},"LowestPrice":{"Amount":8.82,"Currency":"EUR","DisplayAmount":"8,82 € (17,64 € / l)","PricePerUnit":17.64}}]}},{"ASIN":"B08J3V6899","DetailPageURL":"https://www.amazon.es/dp/B08J3V6899?tag=topinalambricos-21&linkCode=osi&th=1&psc=1","Images":{"Primary":{"Small":{"Height":75,"URL":"https://m.media-amazon.com/images/I/41xaUTEMCdL._SL75_.jpg","Width":75}}},"ItemInfo":{"ByLineInfo":{"Brand":{"DisplayValue":"Naturitas","Label":"Brand","Locale":"es_ES"},"Manufacturer":{"DisplayValue":"Naturitas Essentials","Label":"Manufacturer","Locale":"es_ES"}},"Title":{"DisplayValue":"Aceite de Coco Desodorizado bio 500 ml Naturitas Essentials | Sin Gluten | Sin olor | Ideal para todo tipo de uso","Label":"Title","Locale":"es_ES"}},"Offers":{"Summaries":[{"Condition":{"Value":"New"},"LowestPrice":{"Amount":6.45,"Currency":"EUR","DisplayAmount":"6,45 € (12,90 € / l)","PricePerUnit":12.9}}]}},{"ASIN":"B08JV9F51D","DetailPageURL":"https://www.amazon.es/dp/B08JV9F51D?tag=topinalambricos-21&linkCode=osi&th=1&psc=1","Images":{"Primary":{"Small":{"Height":75,"URL":"https://m.media-amazon.com/images/I/319yN5jwESL._SL75_.jpg","Width":40}}},"ItemInfo":{"ByLineInfo":{"Brand":{"DisplayValue":"CIBO CRUDO crudo biologico vegan","Label":"Brand","Locale":"es_ES"},"Manufacturer":{"DisplayValue":"Neulabs SRL","Label":"Manufacturer","Locale":"es_ES"}},"Title":{"DisplayValue":"Aceite de Coco MCT Organico Prensado en Frío - 500ml. Aceite de Coco Comestible o Para la Piel y Recetas. Aceite de Coco Virgen Extra Natural y Puro. Organic Coconut Oil MCT.","Label":"Title","Locale":"es_ES"}},"Offers":{"Summaries":[{"Condition":{"Value":"New"},"LowestPrice":{"Amount":19.99,"Currency":"EUR","DisplayAmount":"19,99 € (39,98 € / l)","PricePerUnit":39.98}}]}},{"ASIN":"B07XYFVDXP","DetailPageURL":"https://www.amazon.es/dp/B07XYFVDXP?tag=topinalambricos-21&linkCode=osi&th=1&psc=1","Images":{"Primary":{"Small":{"Height":75,"URL":"https://m.media-amazon.com/images/I/418VPrH7b+L._SL75_.jpg","Width":75}}},"ItemInfo":{"ByLineInfo":{"Brand":{"DisplayValue":"Cocomi","Label":"Brand","Locale":"es_ES"},"Manufacturer":{"DisplayValue":"Cocomi","Label":"Manufacturer","Locale":"es_ES"}},"Title":{"DisplayValue":"Cocomi Aceite de Coco Virgen, 500ml (BIO)","Label":"Title","Locale":"es_ES"}},"Offers":{"Summaries":[{"Condition":{"Value":"New"},"LowestPrice":{"Amount":15.99,"Currency":"EUR","DisplayAmount":"15,99 € (31,98 € / l)","PricePerUnit":31.98}}]}}],"SearchURL":"https://www.amazon.es/s?k=500+ml&rh=n%3A6347384031%2Cp_n_availability%3A-1&tag=topinalambricos-21&linkCode=osi","TotalResultCount":58}},"3":{"SearchResult":{"Items":[{"ASIN":"B07YMY2FMN","DetailPageURL":"https://www.amazon.es/dp/B07YMY2FMN?tag=topinalambricos-21&linkCode=osi&th=1&psc=1","Images":{"Primary":{"Small":{"Height":75,"URL":"https://m.media-amazon.com/images/I/41Kkbwb+PQL._SL75_.jpg","Width":75}}},"ItemInfo":{"ByLineInfo":{"Brand":{"DisplayValue":"Drasanvi","Label":"Brand","Locale":"es_ES"},"Manufacturer":{"DisplayValue":"DRASANVI","Label":"Manufacturer","Locale":"es_ES"}},"Title":{"DisplayValue":"DRASANVI Aceite MCT Coco | 70 % Ácido Caprílico C8 30 Ácido Cáprico C10 | Rápida fuente de energía de fácil absorción | Ayuda en la pérdida de peso | Saciante | 500 ml |Sin sabor","Label":"Title","Locale":"es_ES"}},"Offers":{"Summaries":[{"Condition":{"Value":"New"},"LowestPrice":{"Amount":15.51,"Currency":"EUR","DisplayAmount":"15,51 € (3,10 € / 100 ml)","PricePerUnit":3.1}}]}},{"ASIN":"B092ZP38BX","DetailPageURL":"https://www.amazon.es/dp/B092ZP38BX?tag=topinalambricos-21&linkCode=osi&th=1&psc=1","Images":{"Primary":{"Small":{"Height":75,"URL":"https://m.media-amazon.com/images/I/31QO1+kRipL._SL75_.jpg","Width":75}}},"ItemInfo":{"ByLineInfo":{"Brand":{"DisplayValue":"Lazarraga","Label":"Brand","Locale":"es_ES"},"Manufacturer":{"DisplayValue":"Lazarraga","Label":"Manufacturer","Locale":"es_ES"}},"Title":{"DisplayValue":"Lazarraga Aceite MCT Puro | C8 + C10 MCT Origen Coco 100% | Apoya Nutrición Keto Diet y Ayuno | Aumento de Cetonas y Energía | Paleo - Vegano - Libre de Gluten - GMO - Dairy Free | 500ml","Label":"Title","Locale":"es_ES"}},"Offers":{"Summaries":[{"Condition":{"Value":"New"},"LowestPrice":{"Amount":11.97,"Currency":"EUR","DisplayAmount":"11,97 € (23,94 € / l)","PricePerUnit":23.94}}]}},{"ASIN":"B01JA3S1F8","DetailPageURL":"https://www.amazon.es/dp/B01JA3S1F8?tag=topinalambricos-21&linkCode=osi&th=1&psc=1","Images":{"Primary":{"Small":{"Height":75,"URL":"https://m.media-amazon.com/images/I/51vsTObz8GL._SL75_.jpg","Width":75}}},"ItemInfo":{"ByLineInfo":{"Brand":{"DisplayValue":"NaturaleBio","Label":"Brand","Locale":"es_ES"},"Manufacturer":{"DisplayValue":"NaturaleBio","Label":"Manufacturer","Locale":"es_ES"}},"Title":{"DisplayValue":"Aceite de Coco Ecológico Virgen 500 ml. Crudo y prensado en frío. Orgánico y Natural. Aceite Bio nativo no refinado. País de origen Sri Lanka. NaturaleBio","Label":"Title","Locale":"es_ES"}},"Offers":{"Summaries":[{"Condition":{"Value":"New"},"LowestPrice":{"Amount":11.59,"Currency":"EUR","DisplayAmount":"11,59 € (23,18 € / l)","PricePerUnit":23.18}}]}},{"ASIN":"B074DVGLPD","DetailPageURL":"https://www.amazon.es/dp/B074DVGLPD?tag=topinalambricos-21&linkCode=osi&th=1&psc=1","Images":{"Primary":{"Small":{"Height":75,"URL":"https://m.media-amazon.com/images/I/518XXsUBT3L._SL75_.jpg","Width":75}}},"ItemInfo":{"ByLineInfo":{"Brand":{"DisplayValue":"Planète au Naturel","Label":"Brand","Locale":"es_ES"},"Manufacturer":{"DisplayValue":"GPH Diffusion","Label":"Manufacturer","Locale":"es_ES"}},"Title":{"DisplayValue":"Aceite de Coco Virgen Orgánico 500 ml - PRENSADO EN FRIO","Label":"Title","Locale":"es_ES"}},"Offers":{"Summaries":[{"Condition":{"Value":"New"},"LowestPrice":{"Amount":12.99,"Currency":"EUR","DisplayAmount":"12,99 € (25,98 € / l)","PricePerUnit":25.98}}]}},{"ASIN":"B09F3NZ5MK","DetailPageURL":"https://www.amazon.es/dp/B09F3NZ5MK?tag=topinalambricos-21&linkCode=osi&th=1&psc=1","Images":{"Primary":{"Small":{"Height":75,"URL":"https://m.media-amazon.com/images/I/41cck5gXfkL._SL75_.jpg","Width":75}}},"ItemInfo":{"ByLineInfo":{"Brand":{"DisplayValue":"Drasanvi","Label":"Brand","Locale":"es_ES"},"Manufacturer":{"DisplayValue":"DRASANVI","Label":"Manufacturer","Locale":"es_ES"}},"Title":{"DisplayValue":"ACEITE COCO VIRGEN BIO 500 ML KETO DRASANVI","Label":"Title","Locale":"es_ES"}},"Offers":{"Summaries":[{"Condition":{"Value":"New"},"LowestPrice":{"Amount":9.15,"Currency":"EUR","DisplayAmount":"9,15 €"}}]}},{"ASIN":"B016Q6L7WQ","DetailPageURL":"https://www.amazon.es/dp/B016Q6L7WQ?tag=topinalambricos-21&linkCode=osi&th=1&psc=1","Images":{"Primary":{"Small":{"Height":75,"URL":"https://m.media-amazon.com/images/I/51jc69v4KBL._SL75_.jpg","Width":75}}},"ItemInfo":{"ByLineInfo":{"Brand":{"DisplayValue":"NATURSEED","Label":"Brand","Locale":"es_ES"},"Manufacturer":{"DisplayValue":"NATURSEED","Label":"Manufacturer","Locale":"es_ES"}},"Title":{"DisplayValue":"Naturseed - Aceite de coco Virgen Extra Orgánico - Para uso Estético, en Cocina y Masajes, 500 ml","Label":"Title","Locale":"es_ES"}},"Offers":{"Summaries":[{"Condition":{"Value":"New"},"LowestPrice":{"Amount":10.5,"Currency":"EUR","DisplayAmount":"10,50 € (21,00 € / l)","PricePerUnit":21.0}}]}},{"ASIN":"B08YFGB64R","DetailPageURL":"https://www.amazon.es/dp/B08YFGB64R?tag=topinalambricos-21&linkCode=osi&th=1&psc=1","Images":{"Primary":{"Small":{"Height":75,"URL":"https://m.media-amazon.com/images/I/41Pu1RZXkxL._SL75_.jpg","Width":75}}},"ItemInfo":{"ByLineInfo":{"Brand":{"DisplayValue":"Drasanvi","Label":"Brand","Locale":"es_ES"},"Manufacturer":{"DisplayValue":"Ecosana","Label":"Manufacturer","Locale":"es_ES"}},"Title":{"DisplayValue":"ECOSANA ACEITE DE COCO VIRGEN EXTRA CERTIFICADO BIO by DRASANVI - VEGANO - SIN GLUTEN - 500ml","Label":"Title","Locale":"es_ES"}},"Offers":{"Summaries":[{"Condition":{"Value":"New"},"LowestPrice":{"Amount":8.82,"Currency":"EUR","DisplayAmount":"8,82 € (17,64 € / l)","PricePerUnit":17.64}}]}},{"ASIN":"B08J3V6899","DetailPageURL":"https://www.amazon.es/dp/B08J3V6899?tag=topinalambricos-21&linkCode=osi&th=1&psc=1","Images":{"Primary":{"Small":{"Height":75,"URL":"https://m.media-amazon.com/images/I/41xaUTEMCdL._SL75_.jpg","Width":75}}},"ItemInfo":{"ByLineInfo":{"Brand":{"DisplayValue":"Naturitas","Label":"Brand","Locale":"es_ES"},"Manufacturer":{"DisplayValue":"Naturitas Essentials","Label":"Manufacturer","Locale":"es_ES"}},"Title":{"DisplayValue":"Aceite de Coco Desodorizado bio 500 ml Naturitas Essentials | Sin Gluten | Sin olor | Ideal para todo tipo de uso","Label":"Title","Locale":"es_ES"}},"Offers":{"Summaries":[{"Condition":{"Value":"New"},"LowestPrice":{"Amount":6.45,"Currency":"EUR","DisplayAmount":"6,45 € (12,90 € / l)","PricePerUnit":12.9}}]}},{"ASIN":"B08JV9F51D","DetailPageURL":"https://www.amazon.es/dp/B08JV9F51D?tag=topinalambricos-21&linkCode=osi&th=1&psc=1","Images":{"Primary":{"Small":{"Height":75,"URL":"https://m.media-amazon.com/images/I/319yN5jwESL._SL75_.jpg","Width":40}}},"ItemInfo":{"ByLineInfo":{"Brand":{"DisplayValue":"CIBO CRUDO crudo biologico vegan","Label":"Brand","Locale":"es_ES"},"Manufacturer":{"DisplayValue":"Neulabs SRL","Label":"Manufacturer","Locale":"es_ES"}},"Title":{"DisplayValue":"Aceite de Coco MCT Organico Prensado en Frío - 500ml. Aceite de Coco Comestible o Para la Piel y Recetas. Aceite de Coco Virgen Extra Natural y Puro. Organic Coconut Oil MCT.","Label":"Title","Locale":"es_ES"}},"Offers":{"Summaries":[{"Condition":{"Value":"New"},"LowestPrice":{"Amount":19.99,"Currency":"EUR","DisplayAmount":"19,99 € (39,98 € / l)","PricePerUnit":39.98}}]}},{"ASIN":"B07XYFVDXP","DetailPageURL":"https://www.amazon.es/dp/B07XYFVDXP?tag=topinalambricos-21&linkCode=osi&th=1&psc=1","Images":{"Primary":{"Small":{"Height":75,"URL":"https://m.media-amazon.com/images/I/418VPrH7b+L._SL75_.jpg","Width":75}}},"ItemInfo":{"ByLineInfo":{"Brand":{"DisplayValue":"Cocomi","Label":"Brand","Locale":"es_ES"},"Manufacturer":{"DisplayValue":"Cocomi","Label":"Manufacturer","Locale":"es_ES"}},"Title":{"DisplayValue":"Cocomi Aceite de Coco Virgen, 500ml (BIO)","Label":"Title","Locale":"es_ES"}},"Offers":{"Summaries":[{"Condition":{"Value":"New"},"LowestPrice":{"Amount":15.99,"Currency":"EUR","DisplayAmount":"15,99 € (31,98 € / l)","PricePerUnit":31.98}}]}}],"SearchURL":"https://www.amazon.es/s?k=500+ml&rh=n%3A6347384031%2Cp_n_availability%3A-1&tag=topinalambricos-21&linkCode=osi","TotalResultCount":58}},"4":{"SearchResult":{"Items":[{"ASIN":"B09YDBRMQ3","DetailPageURL":"https://www.amazon.es/dp/B09YDBRMQ3?tag=topinalambricos-21&linkCode=osi&th=1&psc=1","Images":{"Primary":{"Small":{"Height":75,"URL":"https://m.media-amazon.com/images/I/21RZrKXVyBL._SL75_.jpg","Width":75}}},"ItemInfo":{"ByLineInfo":{"Brand":{"DisplayValue":"Amberta","Label":"Brand","Locale":"es_ES"},"Manufacturer":{"DisplayValue":"Amberta","Label":"Manufacturer","Locale":"es_ES"}},"Title":{"DisplayValue":"Amberta Allure Colgante para Mujer en Oro Amarillo de 9 Quilates: Colgante Oro 9K Corazón Pequeño","Label":"Title","Locale":"es_ES"}},"Offers":{"Summaries":[{"Condition":{"Value":"New"},"LowestPrice":{"Amount":60.99,"Currency":"EUR","DisplayAmount":"60,99 €"}}]}},{"ASIN":"B01N38EU59","DetailPageURL":"https://www.amazon.es/dp/B01N38EU59?tag=topinalambricos-21&linkCode=osi&th=1&psc=1","Images":{"Primary":{"Small":{"Height":75,"URL":"https://m.media-amazon.com/images/I/31lCUvf9LNL._SL75_.jpg","Width":75}}},"ItemInfo":{"ByLineInfo":{"Brand":{"DisplayValue":"Alda Joyeros","Label":"Brand","Locale":"es_ES"},"Manufacturer":{"DisplayValue":"Alda Joyeros","Label":"Manufacturer","Locale":"es_ES"}},"Title":{"DisplayValue":"Alda Joyeros Colgante corazón Oro Amarillo 18 ktes - San Valentín 9 mm (pequeño)","Label":"Title","Locale":"es_ES"}},"Offers":{"Summaries":[{"Condition":{"Value":"New"},"LowestPrice":{"Amount":59.0,"Currency":"EUR","DisplayAmount":"59,00 €"}}]}},{"ASIN":"B097CFMQLT","DetailPageURL":"https://www.amazon.es/dp/B097CFMQLT?tag=topinalambricos-21&linkCode=osi&th=1&psc=1","Images":{"Primary":{"Small":{"Height":64,"URL":"https://m.media-amazon.com/images/I/413fcobaNJS._SL75_.jpg","Width":75}}},"ItemInfo":{"ByLineInfo":{"Brand":{"DisplayValue":"EKONAT JOYERIA PERSONALIZADA","Label":"Brand","Locale":"es_ES"}},"Title":{"DisplayValue":"Escapulario virgen del Carmen - Medalla del Carmen- medalla de plata religiosa- Comunión-Sagrado Corazón","Label":"Title","Locale":"es_ES"}},"Offers":{"Summaries":[{"Condition":{"Value":"New"},"LowestPrice":{"Amount":39.0,"Currency":"EUR","DisplayAmount":"39,00 €"}}]}},{"ASIN":"B0BR8HXH39","DetailPageURL":"https://www.amazon.es/dp/B0BR8HXH39?tag=topinalambricos-21&linkCode=osi&th=1&psc=1","Images":{"Primary":{"Small":{"Height":75,"URL":"https://m.media-amazon.com/images/I/31Z3TBQMLKL._SL75_.jpg","Width":75}}},"ItemInfo":{"ByLineInfo":{"Brand":{"DisplayValue":"De Bussy","Label":"Brand","Locale":"es_ES"},"Manufacturer":{"DisplayValue":"De Bussy","Label":"Manufacturer","Locale":"es_ES"}},"Title":{"DisplayValue":"Medalla colgante Escapulario Virgen del Carmen Sagrado Corazón de Jesús en plata de ley cubierta de oro de 18kt","Label":"Title","Locale":"es_ES"}},"Offers":{"Summaries":[{"Condition":{"Value":"New"},"LowestPrice":{"Amount":11.9,"Currency":"EUR","DisplayAmount":"11,90 €"}}]}},{"ASIN":"B0BR8GTCT7","DetailPageURL":"https://www.amazon.es/dp/B0BR8GTCT7?tag=topinalambricos-21&linkCode=osi&th=1&psc=1","Images":{"Primary":{"Small":{"Height":75,"URL":"https://m.media-amazon.com/images/I/41RYlsfRS3L._SL75_.jpg","Width":75}}},"ItemInfo":{"ByLineInfo":{"Brand":{"DisplayValue":"De Bussy","Label":"Brand","Locale":"es_ES"},"Manufacturer":{"DisplayValue":"De Bussy","Label":"Manufacturer","Locale":"es_ES"}},"Title":{"DisplayValue":"Medalla Colgante Escapulario Virgen del Carmen y Sagrado Corazón de Jesús en Plata de Ley Cubierta de Oro de 18kt","Label":"Title","Locale":"es_ES"}},"Offers":{"Summaries":[{"Condition":{"Value":"New"},"LowestPrice":{"Amount":37.9,"Currency":"EUR","DisplayAmount":"37,90 €"}}]}},{"ASIN":"B09YDBWCV3","DetailPageURL":"https://www.amazon.es/dp/B09YDBWCV3?tag=topinalambricos-21&linkCode=osi&th=1&psc=1","Images":{"Primary":{"Small":{"Height":75,"URL":"https://m.media-amazon.com/images/I/21Yw5RJ3w1L._SL75_.jpg","Width":75}}},"ItemInfo":{"ByLineInfo":{"Brand":{"DisplayValue":"Amberta","Label":"Brand","Locale":"es_ES"},"Manufacturer":{"DisplayValue":"Amberta","Label":"Manufacturer","Locale":"es_ES"}},"Title":{"DisplayValue":"Amberta Allure Colgante con Circonita para Mujer en Oro de 9 Quilates: Colgante de Oro Solitario - Colgante Corazón con Circonita","Label":"Title","Locale":"es_ES"}},"Offers":{"Summaries":[{"Condition":{"Value":"New"},"LowestPrice":{"Amount":39.99,"Currency":"EUR","DisplayAmount":"39,99 €"}}]}},{"ASIN":"B07DWDQ83Q","DetailPageURL":"https://www.amazon.es/dp/B07DWDQ83Q?tag=topinalambricos-21&linkCode=osi&th=1&psc=1","Images":{"Primary":{"Small":{"Height":75,"URL":"https://m.media-amazon.com/images/I/313CKgMne0L._SL75_.jpg","Width":75}}},"ItemInfo":{"ByLineInfo":{"Brand":{"DisplayValue":"NKlaus","Label":"Brand","Locale":"es_ES"},"Manufacturer":{"DisplayValue":"NKlaus","Label":"Manufacturer","Locale":"es_ES"}},"Title":{"DisplayValue":"NKlaus 333 oro amarillo cadenas colgantes de corazón alto pulido 10,5x10mm damas niñas 4760","Label":"Title","Locale":"es_ES"}},"Offers":{"Summaries":[{"Condition":{"Value":"Used"},"LowestPrice":{"Amount":24.2,"Currency":"EUR","DisplayAmount":"24,20 €"}},{"Condition":{"Value":"New"},"LowestPrice":{"Amount":27.24,"Currency":"EUR","DisplayAmount":"27,24 €"}}]}},{"ASIN":"B09W2SZ63Y","DetailPageURL":"https://www.amazon.es/dp/B09W2SZ63Y?tag=topinalambricos-21&linkCode=osi&th=1&psc=1","Images":{"Primary":{"Small":{"Height":75,"URL":"https://m.media-amazon.com/images/I/21GI7epXBcL._SL75_.jpg","Width":75}}},"ItemInfo":{"ByLineInfo":{"Brand":{"DisplayValue":"forme di Lucchetta","Label":"Brand","Locale":"es_ES"},"Manufacturer":{"DisplayValue":"Lucchetta Armando Srl","Label":"Manufacturer","Locale":"es_ES"}},"Title":{"DisplayValue":"Lucchetta - Colgante Clave en Forma de Corazón de Oro Amarillo de 14 quilates, charms y colgantes para Mujer Niña","Label":"Title","Locale":"es_ES"}},"Offers":{"Summaries":[{"Condition":{"Value":"New"},"LowestPrice":{"Amount":140.12,"Currency":"EUR","DisplayAmount":"140,12 €"}}]}},{"ASIN":"B0CB6LW7B5","DetailPageURL":"https://www.amazon.es/dp/B0CB6LW7B5?tag=topinalambricos-21&linkCode=osi&th=1&psc=1","Images":{"Primary":{"Small":{"Height":75,"URL":"https://m.media-amazon.com/images/I/219pkx2qtgL._SL75_.jpg","Width":60}}},"ItemInfo":{"ByLineInfo":{"Brand":{"DisplayValue":"BEA SOLDADO","Label":"Brand","Locale":"es_ES"}},"Title":{"DisplayValue":"BEA SOLDADO ESCAPULARIO VIRGEN DEL CARMEN ORO 9K. MEDALLA VIRGEN DEL CARMEN Y SAGRADO CORAZON. MEDALLA RELIGIOSA ORO 9K","Label":"Title","Locale":"es_ES"}},"Offers":{"Summaries":[{"Condition":{"Value":"New"},"LowestPrice":{"Amount":70.0,"Currency":"EUR","DisplayAmount":"70,00 €"}}]}},{"ASIN":"B07DWGJRPJ","DetailPageURL":"https://www.amazon.es/dp/B07DWGJRPJ?tag=topinalambricos-21&linkCode=osi&th=1&psc=1","Images":{"Primary":{"Small":{"Height":75,"URL":"https://m.media-amazon.com/images/I/313CKgMne0L._SL75_.jpg","Width":75}}},"ItemInfo":{"ByLineInfo":{"Brand":{"DisplayValue":"NKlaus","Label":"Brand","Locale":"es_ES"},"Manufacturer":{"DisplayValue":"NKlaus","Label":"Manufacturer","Locale":"es_ES"}},"Title":{"DisplayValue":"NKlaus Plata de ley 925 cadenas colgantes de corazón bañadas en oro 10,5x10mm señoras chicas 4770","Label":"Title","Locale":"es_ES"}},"Offers":{"Summaries":[{"Condition":{"Value":"New"},"LowestPrice":{"Amount":15.74,"Currency":"EUR","DisplayAmount":"15,74 €"}}]}}],"SearchURL":"https://www.amazon.es/s?k=corazon+oro+plata&rh=n%3A10440399031%2Cp_n_availability%3A-1&tag=topinalambricos-21&linkCode=osi","TotalResultCount":1000}},"5":{"SearchResult":{"Items":[{"ASIN":"B09YDBRMQ3","DetailPageURL":"https://www.amazon.es/dp/B09YDBRMQ3?tag=topinalambricos-21&linkCode=osi&th=1&psc=1","Images":{"Primary":{"Small":{"Height":75,"URL":"https://m.media-amazon.com/images/I/21RZrKXVyBL._SL75_.jpg","Width":75}}},"ItemInfo":{"ByLineInfo":{"Brand":{"DisplayValue":"Amberta","Label":"Brand","Locale":"es_ES"},"Manufacturer":{"DisplayValue":"Amberta","Label":"Manufacturer","Locale":"es_ES"}},"Title":{"DisplayValue":"Amberta Allure Colgante para Mujer en Oro Amarillo de 9 Quilates: Colgante Oro 9K Corazón Pequeño","Label":"Title","Locale":"es_ES"}},"Offers":{"Summaries":[{"Condition":{"Value":"New"},"LowestPrice":{"Amount":60.99,"Currency":"EUR","DisplayAmount":"60,99 €"}}]}},{"ASIN":"B01N38EU59","DetailPageURL":"https://www.amazon.es/dp/B01N38EU59?tag=topinalambricos-21&linkCode=osi&th=1&psc=1","Images":{"Primary":{"Small":{"Height":75,"URL":"https://m.media-amazon.com/images/I/31lCUvf9LNL._SL75_.jpg","Width":75}}},"ItemInfo":{"ByLineInfo":{"Brand":{"DisplayValue":"Alda Joyeros","Label":"Brand","Locale":"es_ES"},"Manufacturer":{"DisplayValue":"Alda Joyeros","Label":"Manufacturer","Locale":"es_ES"}},"Title":{"DisplayValue":"Alda Joyeros Colgante corazón Oro Amarillo 18 ktes - San Valentín 9 mm (pequeño)","Label":"Title","Locale":"es_ES"}},"Offers":{"Summaries":[{"Condition":{"Value":"New"},"LowestPrice":{"Amount":59.0,"Currency":"EUR","DisplayAmount":"59,00 €"}}]}},{"ASIN":"B097CFMQLT","DetailPageURL":"https://www.amazon.es/dp/B097CFMQLT?tag=topinalambricos-21&linkCode=osi&th=1&psc=1","Images":{"Primary":{"Small":{"Height":64,"URL":"https://m.media-amazon.com/images/I/413fcobaNJS._SL75_.jpg","Width":75}}},"ItemInfo":{"ByLineInfo":{"Brand":{"DisplayValue":"EKONAT JOYERIA PERSONALIZADA","Label":"Brand","Locale":"es_ES"}},"Title":{"DisplayValue":"Escapulario virgen del Carmen - Medalla del Carmen- medalla de plata religiosa- Comunión-Sagrado Corazón","Label":"Title","Locale":"es_ES"}},"Offers":{"Summaries":[{"Condition":{"Value":"New"},"LowestPrice":{"Amount":39.0,"Currency":"EUR","DisplayAmount":"39,00 €"}}]}},{"ASIN":"B0BR8HXH39","DetailPageURL":"https://www.amazon.es/dp/B0BR8HXH39?tag=topinalambricos-21&linkCode=osi&th=1&psc=1","Images":{"Primary":{"Small":{"Height":75,"URL":"https://m.media-amazon.com/images/I/31Z3TBQMLKL._SL75_.jpg","Width":75}}},"ItemInfo":{"ByLineInfo":{"Brand":{"DisplayValue":"De Bussy","Label":"Brand","Locale":"es_ES"},"Manufacturer":{"DisplayValue":"De Bussy","Label":"Manufacturer","Locale":"es_ES"}},"Title":{"DisplayValue":"Medalla colgante Escapulario Virgen del Carmen Sagrado Corazón de Jesús en plata de ley cubierta de oro de 18kt","Label":"Title","Locale":"es_ES"}},"Offers":{"Summaries":[{"Condition":{"Value":"New"},"LowestPrice":{"Amount":11.9,"Currency":"EUR","DisplayAmount":"11,90 €"}}]}},{"ASIN":"B0BR8GTCT7","DetailPageURL":"https://www.amazon.es/dp/B0BR8GTCT7?tag=topinalambricos-21&linkCode=osi&th=1&psc=1","Images":{"Primary":{"Small":{"Height":75,"URL":"https://m.media-amazon.com/images/I/41RYlsfRS3L._SL75_.jpg","Width":75}}},"ItemInfo":{"ByLineInfo":{"Brand":{"DisplayValue":"De Bussy","Label":"Brand","Locale":"es_ES"},"Manufacturer":{"DisplayValue":"De Bussy","Label":"Manufacturer","Locale":"es_ES"}},"Title":{"DisplayValue":"Medalla Colgante Escapulario Virgen del Carmen y Sagrado Corazón de Jesús en Plata de Ley Cubierta de Oro de 18kt","Label":"Title","Locale":"es_ES"}},"Offers":{"Summaries":[{"Condition":{"Value":"New"},"LowestPrice":{"Amount":37.9,"Currency":"EUR","DisplayAmount":"37,90 €"}}]}},{"ASIN":"B09YDBWCV3","DetailPageURL":"https://www.amazon.es/dp/B09YDBWCV3?tag=topinalambricos-21&linkCode=osi&th=1&psc=1","Images":{"Primary":{"Small":{"Height":75,"URL":"https://m.media-amazon.com/images/I/21Yw5RJ3w1L._SL75_.jpg","Width":75}}},"ItemInfo":{"ByLineInfo":{"Brand":{"DisplayValue":"Amberta","Label":"Brand","Locale":"es_ES"},"Manufacturer":{"DisplayValue":"Amberta","Label":"Manufacturer","Locale":"es_ES"}},"Title":{"DisplayValue":"Amberta Allure Colgante con Circonita para Mujer en Oro de 9 Quilates: Colgante de Oro Solitario - Colgante Corazón con Circonita","Label":"Title","Locale":"es_ES"}},"Offers":{"Summaries":[{"Condition":{"Value":"New"},"LowestPrice":{"Amount":39.99,"Currency":"EUR","DisplayAmount":"39,99 €"}}]}},{"ASIN":"B07DWDQ83Q","DetailPageURL":"https://www.amazon.es/dp/B07DWDQ83Q?tag=topinalambricos-21&linkCode=osi&th=1&psc=1","Images":{"Primary":{"Small":{"Height":75,"URL":"https://m.media-amazon.com/images/I/313CKgMne0L._SL75_.jpg","Width":75}}},"ItemInfo":{"ByLineInfo":{"Brand":{"DisplayValue":"NKlaus","Label":"Brand","Locale":"es_ES"},"Manufacturer":{"DisplayValue":"NKlaus","Label":"Manufacturer","Locale":"es_ES"}},"Title":{"DisplayValue":"NKlaus 333 oro amarillo cadenas colgantes de corazón alto pulido 10,5x10mm damas niñas 4760","Label":"Title","Locale":"es_ES"}},"Offers":{"Summaries":[{"Condition":{"Value":"Used"},"LowestPrice":{"Amount":24.2,"Currency":"EUR","DisplayAmount":"24,20 €"}},{"Condition":{"Value":"New"},"LowestPrice":{"Amount":27.24,"Currency":"EUR","DisplayAmount":"27,24 €"}}]}},{"ASIN":"B09W2SZ63Y","DetailPageURL":"https://www.amazon.es/dp/B09W2SZ63Y?tag=topinalambricos-21&linkCode=osi&th=1&psc=1","Images":{"Primary":{"Small":{"Height":75,"URL":"https://m.media-amazon.com/images/I/21GI7epXBcL._SL75_.jpg","Width":75}}},"ItemInfo":{"ByLineInfo":{"Brand":{"DisplayValue":"forme di Lucchetta","Label":"Brand","Locale":"es_ES"},"Manufacturer":{"DisplayValue":"Lucchetta Armando Srl","Label":"Manufacturer","Locale":"es_ES"}},"Title":{"DisplayValue":"Lucchetta - Colgante Clave en Forma de Corazón de Oro Amarillo de 14 quilates, charms y colgantes para Mujer Niña","Label":"Title","Locale":"es_ES"}},"Offers":{"Summaries":[{"Condition":{"Value":"New"},"LowestPrice":{"Amount":140.12,"Currency":"EUR","DisplayAmount":"140,12 €"}}]}},{"ASIN":"B0CB6LW7B5","DetailPageURL":"https://www.amazon.es/dp/B0CB6LW7B5?tag=topinalambricos-21&linkCode=osi&th=1&psc=1","Images":{"Primary":{"Small":{"Height":75,"URL":"https://m.media-amazon.com/images/I/219pkx2qtgL._SL75_.jpg","Width":60}}},"ItemInfo":{"ByLineInfo":{"Brand":{"DisplayValue":"BEA SOLDADO","Label":"Brand","Locale":"es_ES"}},"Title":{"DisplayValue":"BEA SOLDADO ESCAPULARIO VIRGEN DEL CARMEN ORO 9K. MEDALLA VIRGEN DEL CARMEN Y SAGRADO CORAZON. MEDALLA RELIGIOSA ORO 9K","Label":"Title","Locale":"es_ES"}},"Offers":{"Summaries":[{"Condition":{"Value":"New"},"LowestPrice":{"Amount":70.0,"Currency":"EUR","DisplayAmount":"70,00 €"}}]}},{"ASIN":"B07DWGJRPJ","DetailPageURL":"https://www.amazon.es/dp/B07DWGJRPJ?tag=topinalambricos-21&linkCode=osi&th=1&psc=1","Images":{"Primary":{"Small":{"Height":75,"URL":"https://m.media-amazon.com/images/I/313CKgMne0L._SL75_.jpg","Width":75}}},"ItemInfo":{"ByLineInfo":{"Brand":{"DisplayValue":"NKlaus","Label":"Brand","Locale":"es_ES"},"Manufacturer":{"DisplayValue":"NKlaus","Label":"Manufacturer","Locale":"es_ES"}},"Title":{"DisplayValue":"NKlaus Plata de ley 925 cadenas colgantes de corazón bañadas en oro 10,5x10mm señoras chicas 4770","Label":"Title","Locale":"es_ES"}},"Offers":{"Summaries":[{"Condition":{"Value":"New"},"LowestPrice":{"Amount":15.74,"Currency":"EUR","DisplayAmount":"15,74 €"}}]}}],"SearchURL":"https://www.amazon.es/s?k=corazon+oro+plata&rh=n%3A10440399031%2Cp_n_availability%3A-1&tag=topinalambricos-21&linkCode=osi","TotalResultCount":1000}},"6":{"SearchResult":{"Items":[{"ASIN":"B09YDBRMQ3","DetailPageURL":"https://www.amazon.es/dp/B09YDBRMQ3?tag=topinalambricos-21&linkCode=osi&th=1&psc=1","Images":{"Primary":{"Small":{"Height":75,"URL":"https://m.media-amazon.com/images/I/21RZrKXVyBL._SL75_.jpg","Width":75}}},"ItemInfo":{"ByLineInfo":{"Brand":{"DisplayValue":"Amberta","Label":"Brand","Locale":"es_ES"},"Manufacturer":{"DisplayValue":"Amberta","Label":"Manufacturer","Locale":"es_ES"}},"Title":{"DisplayValue":"Amberta Allure Colgante para Mujer en Oro Amarillo de 9 Quilates: Colgante Oro 9K Corazón Pequeño","Label":"Title","Locale":"es_ES"}},"Offers":{"Summaries":[{"Condition":{"Value":"New"},"LowestPrice":{"Amount":60.99,"Currency":"EUR","DisplayAmount":"60,99 €"}}]}},{"ASIN":"B01N38EU59","DetailPageURL":"https://www.amazon.es/dp/B01N38EU59?tag=topinalambricos-21&linkCode=osi&th=1&psc=1","Images":{"Primary":{"Small":{"Height":75,"URL":"https://m.media-amazon.com/images/I/31lCUvf9LNL._SL75_.jpg","Width":75}}},"ItemInfo":{"ByLineInfo":{"Brand":{"DisplayValue":"Alda Joyeros","Label":"Brand","Locale":"es_ES"},"Manufacturer":{"DisplayValue":"Alda Joyeros","Label":"Manufacturer","Locale":"es_ES"}},"Title":{"DisplayValue":"Alda Joyeros Colgante corazón Oro Amarillo 18 ktes - San Valentín 9 mm (pequeño)","Label":"Title","Locale":"es_ES"}},"Offers":{"Summaries":[{"Condition":{"Value":"New"},"LowestPrice":{"Amount":59.0,"Currency":"EUR","DisplayAmount":"59,00 €"}}]}},{"ASIN":"B097CFMQLT","DetailPageURL":"https://www.amazon.es/dp/B097CFMQLT?tag=topinalambricos-21&linkCode=osi&th=1&psc=1","Images":{"Primary":{"Small":{"Height":64,"URL":"https://m.media-amazon.com/images/I/413fcobaNJS._SL75_.jpg","Width":75}}},"ItemInfo":{"ByLineInfo":{"Brand":{"DisplayValue":"EKONAT JOYERIA PERSONALIZADA","Label":"Brand","Locale":"es_ES"}},"Title":{"DisplayValue":"Escapulario virgen del Carmen - Medalla del Carmen- medalla de plata religiosa- Comunión-Sagrado Corazón","Label":"Title","Locale":"es_ES"}},"Offers":{"Summaries":[{"Condition":{"Value":"New"},"LowestPrice":{"Amount":39.0,"Currency":"EUR","DisplayAmount":"39,00 €"}}]}},{"ASIN":"B0BR8HXH39","DetailPageURL":"https://www.amazon.es/dp/B0BR8HXH39?tag=topinalambricos-21&linkCode=osi&th=1&psc=1","Images":{"Primary":{"Small":{"Height":75,"URL":"https://m.media-amazon.com/images/I/31Z3TBQMLKL._SL75_.jpg","Width":75}}},"ItemInfo":{"ByLineInfo":{"Brand":{"DisplayValue":"De Bussy","Label":"Brand","Locale":"es_ES"},"Manufacturer":{"DisplayValue":"De Bussy","Label":"Manufacturer","Locale":"es_ES"}},"Title":{"DisplayValue":"Medalla colgante Escapulario Virgen del Carmen Sagrado Corazón de Jesús en plata de ley cubierta de oro de 18kt","Label":"Title","Locale":"es_ES"}},"Offers":{"Summaries":[{"Condition":{"Value":"New"},"LowestPrice":{"Amount":11.9,"Currency":"EUR","DisplayAmount":"11,90 €"}}]}},{"ASIN":"B0BR8GTCT7","DetailPageURL":"https://www.amazon.es/dp/B0BR8GTCT7?tag=topinalambricos-21&linkCode=osi&th=1&psc=1","Images":{"Primary":{"Small":{"Height":75,"URL":"https://m.media-amazon.com/images/I/41RYlsfRS3L._SL75_.jpg","Width":75}}},"ItemInfo":{"ByLineInfo":{"Brand":{"DisplayValue":"De Bussy","Label":"Brand","Locale":"es_ES"},"Manufacturer":{"DisplayValue":"De Bussy","Label":"Manufacturer","Locale":"es_ES"}},"Title":{"DisplayValue":"Medalla Colgante Escapulario Virgen del Carmen y Sagrado Corazón de Jesús en Plata de Ley Cubierta de Oro de 18kt","Label":"Title","Locale":"es_ES"}},"Offers":{"Summaries":[{"Condition":{"Value":"New"},"LowestPrice":{"Amount":37.9,"Currency":"EUR","DisplayAmount":"37,90 €"}}]}},{"ASIN":"B09YDBWCV3","DetailPageURL":"https://www.amazon.es/dp/B09YDBWCV3?tag=topinalambricos-21&linkCode=osi&th=1&psc=1","Images":{"Primary":{"Small":{"Height":75,"URL":"https://m.media-amazon.com/images/I/21Yw5RJ3w1L._SL75_.jpg","Width":75}}},"ItemInfo":{"ByLineInfo":{"Brand":{"DisplayValue":"Amberta","Label":"Brand","Locale":"es_ES"},"Manufacturer":{"DisplayValue":"Amberta","Label":"Manufacturer","Locale":"es_ES"}},"Title":{"DisplayValue":"Amberta Allure Colgante con Circonita para Mujer en Oro de 9 Quilates: Colgante de Oro Solitario - Colgante Corazón con Circonita","Label":"Title","Locale":"es_ES"}},"Offers":{"Summaries":[{"Condition":{"Value":"New"},"LowestPrice":{"Amount":39.99,"Currency":"EUR","DisplayAmount":"39,99 €"}}]}},{"ASIN":"B07DWDQ83Q","DetailPageURL":"https://www.amazon.es/dp/B07DWDQ83Q?tag=topinalambricos-21&linkCode=osi&th=1&psc=1","Images":{"Primary":{"Small":{"Height":75,"URL":"https://m.media-amazon.com/images/I/313CKgMne0L._SL75_.jpg","Width":75}}},"ItemInfo":{"ByLineInfo":{"Brand":{"DisplayValue":"NKlaus","Label":"Brand","Locale":"es_ES"},"Manufacturer":{"DisplayValue":"NKlaus","Label":"Manufacturer","Locale":"es_ES"}},"Title":{"DisplayValue":"NKlaus 333 oro amarillo cadenas colgantes de corazón alto pulido 10,5x10mm damas niñas 4760","Label":"Title","Locale":"es_ES"}},"Offers":{"Summaries":[{"Condition":{"Value":"Used"},"LowestPrice":{"Amount":24.2,"Currency":"EUR","DisplayAmount":"24,20 €"}},{"Condition":{"Value":"New"},"LowestPrice":{"Amount":27.24,"Currency":"EUR","DisplayAmount":"27,24 €"}}]}},{"ASIN":"B09W2SZ63Y","DetailPageURL":"https://www.amazon.es/dp/B09W2SZ63Y?tag=topinalambricos-21&linkCode=osi&th=1&psc=1","Images":{"Primary":{"Small":{"Height":75,"URL":"https://m.media-amazon.com/images/I/21GI7epXBcL._SL75_.jpg","Width":75}}},"ItemInfo":{"ByLineInfo":{"Brand":{"DisplayValue":"forme di Lucchetta","Label":"Brand","Locale":"es_ES"},"Manufacturer":{"DisplayValue":"Lucchetta Armando Srl","Label":"Manufacturer","Locale":"es_ES"}},"Title":{"DisplayValue":"Lucchetta - Colgante Clave en Forma de Corazón de Oro Amarillo de 14 quilates, charms y colgantes para Mujer Niña","Label":"Title","Locale":"es_ES"}},"Offers":{"Summaries":[{"Condition":{"Value":"New"},"LowestPrice":{"Amount":140.12,"Currency":"EUR","DisplayAmount":"140,12 €"}}]}},{"ASIN":"B0CB6LW7B5","DetailPageURL":"https://www.amazon.es/dp/B0CB6LW7B5?tag=topinalambricos-21&linkCode=osi&th=1&psc=1","Images":{"Primary":{"Small":{"Height":75,"URL":"https://m.media-amazon.com/images/I/219pkx2qtgL._SL75_.jpg","Width":60}}},"ItemInfo":{"ByLineInfo":{"Brand":{"DisplayValue":"BEA SOLDADO","Label":"Brand","Locale":"es_ES"}},"Title":{"DisplayValue":"BEA SOLDADO ESCAPULARIO VIRGEN DEL CARMEN ORO 9K. MEDALLA VIRGEN DEL CARMEN Y SAGRADO CORAZON. MEDALLA RELIGIOSA ORO 9K","Label":"Title","Locale":"es_ES"}},"Offers":{"Summaries":[{"Condition":{"Value":"New"},"LowestPrice":{"Amount":70.0,"Currency":"EUR","DisplayAmount":"70,00 €"}}]}},{"ASIN":"B07DWGJRPJ","DetailPageURL":"https://www.amazon.es/dp/B07DWGJRPJ?tag=topinalambricos-21&linkCode=osi&th=1&psc=1","Images":{"Primary":{"Small":{"Height":75,"URL":"https://m.media-amazon.com/images/I/313CKgMne0L._SL75_.jpg","Width":75}}},"ItemInfo":{"ByLineInfo":{"Brand":{"DisplayValue":"NKlaus","Label":"Brand","Locale":"es_ES"},"Manufacturer":{"DisplayValue":"NKlaus","Label":"Manufacturer","Locale":"es_ES"}},"Title":{"DisplayValue":"NKlaus Plata de ley 925 cadenas colgantes de corazón bañadas en oro 10,5x10mm señoras chicas 4770","Label":"Title","Locale":"es_ES"}},"Offers":{"Summaries":[{"Condition":{"Value":"New"},"LowestPrice":{"Amount":15.74,"Currency":"EUR","DisplayAmount":"15,74 €"}}]}}],"SearchURL":"https://www.amazon.es/s?k=corazon+oro+plata&rh=n%3A10440399031%2Cp_n_availability%3A-1&tag=topinalambricos-21&linkCode=osi","TotalResultCount":1000}},"7":{"SearchResult":{"Items":[{"ASIN":"B09YDBRMQ3","DetailPageURL":"https://www.amazon.es/dp/B09YDBRMQ3?tag=topinalambricos-21&linkCode=osi&th=1&psc=1","Images":{"Primary":{"Small":{"Height":75,"URL":"https://m.media-amazon.com/images/I/21RZrKXVyBL._SL75_.jpg","Width":75}}},"ItemInfo":{"ByLineInfo":{"Brand":{"DisplayValue":"Amberta","Label":"Brand","Locale":"es_ES"},"Manufacturer":{"DisplayValue":"Amberta","Label":"Manufacturer","Locale":"es_ES"}},"Title":{"DisplayValue":"Amberta Allure Colgante para Mujer en Oro Amarillo de 9 Quilates: Colgante Oro 9K Corazón Pequeño","Label":"Title","Locale":"es_ES"}},"Offers":{"Summaries":[{"Condition":{"Value":"New"},"LowestPrice":{"Amount":60.99,"Currency":"EUR","DisplayAmount":"60,99 €"}}]}},{"ASIN":"B01N38EU59","DetailPageURL":"https://www.amazon.es/dp/B01N38EU59?tag=topinalambricos-21&linkCode=osi&th=1&psc=1","Images":{"Primary":{"Small":{"Height":75,"URL":"https://m.media-amazon.com/images/I/31lCUvf9LNL._SL75_.jpg","Width":75}}},"ItemInfo":{"ByLineInfo":{"Brand":{"DisplayValue":"Alda Joyeros","Label":"Brand","Locale":"es_ES"},"Manufacturer":{"DisplayValue":"Alda Joyeros","Label":"Manufacturer","Locale":"es_ES"}},"Title":{"DisplayValue":"Alda Joyeros Colgante corazón Oro Amarillo 18 ktes - San Valentín 9 mm (pequeño)","Label":"Title","Locale":"es_ES"}},"Offers":{"Summaries":[{"Condition":{"Value":"New"},"LowestPrice":{"Amount":59.0,"Currency":"EUR","DisplayAmount":"59,00 €"}}]}},{"ASIN":"B097CFMQLT","DetailPageURL":"https://www.amazon.es/dp/B097CFMQLT?tag=topinalambricos-21&linkCode=osi&th=1&psc=1","Images":{"Primary":{"Small":{"Height":64,"URL":"https://m.media-amazon.com/images/I/413fcobaNJS._SL75_.jpg","Width":75}}},"ItemInfo":{"ByLineInfo":{"Brand":{"DisplayValue":"EKONAT JOYERIA PERSONALIZADA","Label":"Brand","Locale":"es_ES"}},"Title":{"DisplayValue":"Escapulario virgen del Carmen - Medalla del Carmen- medalla de plata religiosa- Comunión-Sagrado Corazón","Label":"Title","Locale":"es_ES"}},"Offers":{"Summaries":[{"Condition":{"Value":"New"},"LowestPrice":{"Amount":39.0,"Currency":"EUR","DisplayAmount":"39,00 €"}}]}},{"ASIN":"B0BR8HXH39","DetailPageURL":"https://www.amazon.es/dp/B0BR8HXH39?tag=topinalambricos-21&linkCode=osi&th=1&psc=1","Images":{"Primary":{"Small":{"Height":75,"URL":"https://m.media-amazon.com/images/I/31Z3TBQMLKL._SL75_.jpg","Width":75}}},"ItemInfo":{"ByLineInfo":{"Brand":{"DisplayValue":"De Bussy","Label":"Brand","Locale":"es_ES"},"Manufacturer":{"DisplayValue":"De Bussy","Label":"Manufacturer","Locale":"es_ES"}},"Title":{"DisplayValue":"Medalla colgante Escapulario Virgen del Carmen Sagrado Corazón de Jesús en plata de ley cubierta de oro de 18kt","Label":"Title","Locale":"es_ES"}},"Offers":{"Summaries":[{"Condition":{"Value":"New"},"LowestPrice":{"Amount":11.9,"Currency":"EUR","DisplayAmount":"11,90 €"}}]}},{"ASIN":"B0BR8GTCT7","DetailPageURL":"https://www.amazon.es/dp/B0BR8GTCT7?tag=topinalambricos-21&linkCode=osi&th=1&psc=1","Images":{"Primary":{"Small":{"Height":75,"URL":"https://m.media-amazon.com/images/I/41RYlsfRS3L._SL75_.jpg","Width":75}}},"ItemInfo":{"ByLineInfo":{"Brand":{"DisplayValue":"De Bussy","Label":"Brand","Locale":"es_ES"},"Manufacturer":{"DisplayValue":"De Bussy","Label":"Manufacturer","Locale":"es_ES"}},"Title":{"DisplayValue":"Medalla Colgante Escapulario Virgen del Carmen y Sagrado Corazón de Jesús en Plata de Ley Cubierta de Oro de 18kt","Label":"Title","Locale":"es_ES"}},"Offers":{"Summaries":[{"Condition":{"Value":"New"},"LowestPrice":{"Amount":37.9,"Currency":"EUR","DisplayAmount":"37,90 €"}}]}},{"ASIN":"B09YDBWCV3","DetailPageURL":"https://www.amazon.es/dp/B09YDBWCV3?tag=topinalambricos-21&linkCode=osi&th=1&psc=1","Images":{"Primary":{"Small":{"Height":75,"URL":"https://m.media-amazon.com/images/I/21Yw5RJ3w1L._SL75_.jpg","Width":75}}},"ItemInfo":{"ByLineInfo":{"Brand":{"DisplayValue":"Amberta","Label":"Brand","Locale":"es_ES"},"Manufacturer":{"DisplayValue":"Amberta","Label":"Manufacturer","Locale":"es_ES"}},"Title":{"DisplayValue":"Amberta Allure Colgante con Circonita para Mujer en Oro de 9 Quilates: Colgante de Oro Solitario - Colgante Corazón con Circonita","Label":"Title","Locale":"es_ES"}},"Offers":{"Summaries":[{"Condition":{"Value":"New"},"LowestPrice":{"Amount":39.99,"Currency":"EUR","DisplayAmount":"39,99 €"}}]}},{"ASIN":"B07DWDQ83Q","DetailPageURL":"https://www.amazon.es/dp/B07DWDQ83Q?tag=topinalambricos-21&linkCode=osi&th=1&psc=1","Images":{"Primary":{"Small":{"Height":75,"URL":"https://m.media-amazon.com/images/I/313CKgMne0L._SL75_.jpg","Width":75}}},"ItemInfo":{"ByLineInfo":{"Brand":{"DisplayValue":"NKlaus","Label":"Brand","Locale":"es_ES"},"Manufacturer":{"DisplayValue":"NKlaus","Label":"Manufacturer","Locale":"es_ES"}},"Title":{"DisplayValue":"NKlaus 333 oro amarillo cadenas colgantes de corazón alto pulido 10,5x10mm damas niñas 4760","Label":"Title","Locale":"es_ES"}},"Offers":{"Summaries":[{"Condition":{"Value":"Used"},"LowestPrice":{"Amount":24.2,"Currency":"EUR","DisplayAmount":"24,20 €"}},{"Condition":{"Value":"New"},"LowestPrice":{"Amount":27.24,"Currency":"EUR","DisplayAmount":"27,24 €"}}]}},{"ASIN":"B09W2SZ63Y","DetailPageURL":"https://www.amazon.es/dp/B09W2SZ63Y?tag=topinalambricos-21&linkCode=osi&th=1&psc=1","Images":{"Primary":{"Small":{"Height":75,"URL":"https://m.media-amazon.com/images/I/21GI7epXBcL._SL75_.jpg","Width":75}}},"ItemInfo":{"ByLineInfo":{"Brand":{"DisplayValue":"forme di Lucchetta","Label":"Brand","Locale":"es_ES"},"Manufacturer":{"DisplayValue":"Lucchetta Armando Srl","Label":"Manufacturer","Locale":"es_ES"}},"Title":{"DisplayValue":"Lucchetta - Colgante Clave en Forma de Corazón de Oro Amarillo de 14 quilates, charms y colgantes para Mujer Niña","Label":"Title","Locale":"es_ES"}},"Offers":{"Summaries":[{"Condition":{"Value":"New"},"LowestPrice":{"Amount":140.12,"Currency":"EUR","DisplayAmount":"140,12 €"}}]}},{"ASIN":"B0CB6LW7B5","DetailPageURL":"https://www.amazon.es/dp/B0CB6LW7B5?tag=topinalambricos-21&linkCode=osi&th=1&psc=1","Images":{"Primary":{"Small":{"Height":75,"URL":"https://m.media-amazon.com/images/I/219pkx2qtgL._SL75_.jpg","Width":60}}},"ItemInfo":{"ByLineInfo":{"Brand":{"DisplayValue":"BEA SOLDADO","Label":"Brand","Locale":"es_ES"}},"Title":{"DisplayValue":"BEA SOLDADO ESCAPULARIO VIRGEN DEL CARMEN ORO 9K. MEDALLA VIRGEN DEL CARMEN Y SAGRADO CORAZON. MEDALLA RELIGIOSA ORO 9K","Label":"Title","Locale":"es_ES"}},"Offers":{"Summaries":[{"Condition":{"Value":"New"},"LowestPrice":{"Amount":70.0,"Currency":"EUR","DisplayAmount":"70,00 €"}}]}},{"ASIN":"B07DWGJRPJ","DetailPageURL":"https://www.amazon.es/dp/B07DWGJRPJ?tag=topinalambricos-21&linkCode=osi&th=1&psc=1","Images":{"Primary":{"Small":{"Height":75,"URL":"https://m.media-amazon.com/images/I/313CKgMne0L._SL75_.jpg","Width":75}}},"ItemInfo":{"ByLineInfo":{"Brand":{"DisplayValue":"NKlaus","Label":"Brand","Locale":"es_ES"},"Manufacturer":{"DisplayValue":"NKlaus","Label":"Manufacturer","Locale":"es_ES"}},"Title":{"DisplayValue":"NKlaus Plata de ley 925 cadenas colgantes de corazón bañadas en oro 10,5x10mm señoras chicas 4770","Label":"Title","Locale":"es_ES"}},"Offers":{"Summaries":[{"Condition":{"Value":"New"},"LowestPrice":{"Amount":15.74,"Currency":"EUR","DisplayAmount":"15,74 €"}}]}}],"SearchURL":"https://www.amazon.es/s?k=corazon+oro+plata&rh=n%3A10440399031%2Cp_n_availability%3A-1&tag=topinalambricos-21&linkCode=osi","TotalResultCount":1000}},"8":{"SearchResult":{"Items":[{"ASIN":"B09YDBRMQ3","DetailPageURL":"https://www.amazon.es/dp/B09YDBRMQ3?tag=topinalambricos-21&linkCode=osi&th=1&psc=1","Images":{"Primary":{"Small":{"Height":75,"URL":"https://m.media-amazon.com/images/I/21RZrKXVyBL._SL75_.jpg","Width":75}}},"ItemInfo":{"ByLineInfo":{"Brand":{"DisplayValue":"Amberta","Label":"Brand","Locale":"es_ES"},"Manufacturer":{"DisplayValue":"Amberta","Label":"Manufacturer","Locale":"es_ES"}},"Title":{"DisplayValue":"Amberta Allure Colgante para Mujer en Oro Amarillo de 9 Quilates: Colgante Oro 9K Corazón Pequeño","Label":"Title","Locale":"es_ES"}},"Offers":{"Summaries":[{"Condition":{"Value":"New"},"LowestPrice":{"Amount":60.99,"Currency":"EUR","DisplayAmount":"60,99 €"}}]}},{"ASIN":"B01N38EU59","DetailPageURL":"https://www.amazon.es/dp/B01N38EU59?tag=topinalambricos-21&linkCode=osi&th=1&psc=1","Images":{"Primary":{"Small":{"Height":75,"URL":"https://m.media-amazon.com/images/I/31lCUvf9LNL._SL75_.jpg","Width":75}}},"ItemInfo":{"ByLineInfo":{"Brand":{"DisplayValue":"Alda Joyeros","Label":"Brand","Locale":"es_ES"},"Manufacturer":{"DisplayValue":"Alda Joyeros","Label":"Manufacturer","Locale":"es_ES"}},"Title":{"DisplayValue":"Alda Joyeros Colgante corazón Oro Amarillo 18 ktes - San Valentín 9 mm (pequeño)","Label":"Title","Locale":"es_ES"}},"Offers":{"Summaries":[{"Condition":{"Value":"New"},"LowestPrice":{"Amount":59.0,"Currency":"EUR","DisplayAmount":"59,00 €"}}]}},{"ASIN":"B097CFMQLT","DetailPageURL":"https://www.amazon.es/dp/B097CFMQLT?tag=topinalambricos-21&linkCode=osi&th=1&psc=1","Images":{"Primary":{"Small":{"Height":64,"URL":"https://m.media-amazon.com/images/I/413fcobaNJS._SL75_.jpg","Width":75}}},"ItemInfo":{"ByLineInfo":{"Brand":{"DisplayValue":"EKONAT JOYERIA PERSONALIZADA","Label":"Brand","Locale":"es_ES"}},"Title":{"DisplayValue":"Escapulario virgen del Carmen - Medalla del Carmen- medalla de plata religiosa- Comunión-Sagrado Corazón","Label":"Title","Locale":"es_ES"}},"Offers":{"Summaries":[{"Condition":{"Value":"New"},"LowestPrice":{"Amount":39.0,"Currency":"EUR","DisplayAmount":"39,00 €"}}]}},{"ASIN":"B0BR8HXH39","DetailPageURL":"https://www.amazon.es/dp/B0BR8HXH39?tag=topinalambricos-21&linkCode=osi&th=1&psc=1","Images":{"Primary":{"Small":{"Height":75,"URL":"https://m.media-amazon.com/images/I/31Z3TBQMLKL._SL75_.jpg","Width":75}}},"ItemInfo":{"ByLineInfo":{"Brand":{"DisplayValue":"De Bussy","Label":"Brand","Locale":"es_ES"},"Manufacturer":{"DisplayValue":"De Bussy","Label":"Manufacturer","Locale":"es_ES"}},"Title":{"DisplayValue":"Medalla colgante Escapulario Virgen del Carmen Sagrado Corazón de Jesús en plata de ley cubierta de oro de 18kt","Label":"Title","Locale":"es_ES"}},"Offers":{"Summaries":[{"Condition":{"Value":"New"},"LowestPrice":{"Amount":11.9,"Currency":"EUR","DisplayAmount":"11,90 €"}}]}},{"ASIN":"B0BR8GTCT7","DetailPageURL":"https://www.amazon.es/dp/B0BR8GTCT7?tag=topinalambricos-21&linkCode=osi&th=1&psc=1","Images":{"Primary":{"Small":{"Height":75,"URL":"https://m.media-amazon.com/images/I/41RYlsfRS3L._SL75_.jpg","Width":75}}},"ItemInfo":{"ByLineInfo":{"Brand":{"DisplayValue":"De Bussy","Label":"Brand","Locale":"es_ES"},"Manufacturer":{"DisplayValue":"De Bussy","Label":"Manufacturer","Locale":"es_ES"}},"Title":{"DisplayValue":"Medalla Colgante Escapulario Virgen del Carmen y Sagrado Corazón de Jesús en Plata de Ley Cubierta de Oro de 18kt","Label":"Title","Locale":"es_ES"}},"Offers":{"Summaries":[{"Condition":{"Value":"New"},"LowestPrice":{"Amount":37.9,"Currency":"EUR","DisplayAmount":"37,90 €"}}]}},{"ASIN":"B09YDBWCV3","DetailPageURL":"https://www.amazon.es/dp/B09YDBWCV3?tag=topinalambricos-21&linkCode=osi&th=1&psc=1","Images":{"Primary":{"Small":{"Height":75,"URL":"https://m.media-amazon.com/images/I/21Yw5RJ3w1L._SL75_.jpg","Width":75}}},"ItemInfo":{"ByLineInfo":{"Brand":{"DisplayValue":"Amberta","Label":"Brand","Locale":"es_ES"},"Manufacturer":{"DisplayValue":"Amberta","Label":"Manufacturer","Locale":"es_ES"}},"Title":{"DisplayValue":"Amberta Allure Colgante con Circonita para Mujer en Oro de 9 Quilates: Colgante de Oro Solitario - Colgante Corazón con Circonita","Label":"Title","Locale":"es_ES"}},"Offers":{"Summaries":[{"Condition":{"Value":"New"},"LowestPrice":{"Amount":39.99,"Currency":"EUR","DisplayAmount":"39,99 €"}}]}},{"ASIN":"B07DWDQ83Q","DetailPageURL":"https://www.amazon.es/dp/B07DWDQ83Q?tag=topinalambricos-21&linkCode=osi&th=1&psc=1","Images":{"Primary":{"Small":{"Height":75,"URL":"https://m.media-amazon.com/images/I/313CKgMne0L._SL75_.jpg","Width":75}}},"ItemInfo":{"ByLineInfo":{"Brand":{"DisplayValue":"NKlaus","Label":"Brand","Locale":"es_ES"},"Manufacturer":{"DisplayValue":"NKlaus","Label":"Manufacturer","Locale":"es_ES"}},"Title":{"DisplayValue":"NKlaus 333 oro amarillo cadenas colgantes de corazón alto pulido 10,5x10mm damas niñas 4760","Label":"Title","Locale":"es_ES"}},"Offers":{"Summaries":[{"Condition":{"Value":"Used"},"LowestPrice":{"Amount":24.2,"Currency":"EUR","DisplayAmount":"24,20 €"}},{"Condition":{"Value":"New"},"LowestPrice":{"Amount":27.24,"Currency":"EUR","DisplayAmount":"27,24 €"}}]}},{"ASIN":"B09W2SZ63Y","DetailPageURL":"https://www.amazon.es/dp/B09W2SZ63Y?tag=topinalambricos-21&linkCode=osi&th=1&psc=1","Images":{"Primary":{"Small":{"Height":75,"URL":"https://m.media-amazon.com/images/I/21GI7epXBcL._SL75_.jpg","Width":75}}},"ItemInfo":{"ByLineInfo":{"Brand":{"DisplayValue":"forme di Lucchetta","Label":"Brand","Locale":"es_ES"},"Manufacturer":{"DisplayValue":"Lucchetta Armando Srl","Label":"Manufacturer","Locale":"es_ES"}},"Title":{"DisplayValue":"Lucchetta - Colgante Clave en Forma de Corazón de Oro Amarillo de 14 quilates, charms y colgantes para Mujer Niña","Label":"Title","Locale":"es_ES"}},"Offers":{"Summaries":[{"Condition":{"Value":"New"},"LowestPrice":{"Amount":140.12,"Currency":"EUR","DisplayAmount":"140,12 €"}}]}},{"ASIN":"B0CB6LW7B5","DetailPageURL":"https://www.amazon.es/dp/B0CB6LW7B5?tag=topinalambricos-21&linkCode=osi&th=1&psc=1","Images":{"Primary":{"Small":{"Height":75,"URL":"https://m.media-amazon.com/images/I/219pkx2qtgL._SL75_.jpg","Width":60}}},"ItemInfo":{"ByLineInfo":{"Brand":{"DisplayValue":"BEA SOLDADO","Label":"Brand","Locale":"es_ES"}},"Title":{"DisplayValue":"BEA SOLDADO ESCAPULARIO VIRGEN DEL CARMEN ORO 9K. MEDALLA VIRGEN DEL CARMEN Y SAGRADO CORAZON. MEDALLA RELIGIOSA ORO 9K","Label":"Title","Locale":"es_ES"}},"Offers":{"Summaries":[{"Condition":{"Value":"New"},"LowestPrice":{"Amount":70.0,"Currency":"EUR","DisplayAmount":"70,00 €"}}]}},{"ASIN":"B07DWGJRPJ","DetailPageURL":"https://www.amazon.es/dp/B07DWGJRPJ?tag=topinalambricos-21&linkCode=osi&th=1&psc=1","Images":{"Primary":{"Small":{"Height":75,"URL":"https://m.media-amazon.com/images/I/313CKgMne0L._SL75_.jpg","Width":75}}},"ItemInfo":{"ByLineInfo":{"Brand":{"DisplayValue":"NKlaus","Label":"Brand","Locale":"es_ES"},"Manufacturer":{"DisplayValue":"NKlaus","Label":"Manufacturer","Locale":"es_ES"}},"Title":{"DisplayValue":"NKlaus Plata de ley 925 cadenas colgantes de corazón bañadas en oro 10,5x10mm señoras chicas 4770","Label":"Title","Locale":"es_ES"}},"Offers":{"Summaries":[{"Condition":{"Value":"New"},"LowestPrice":{"Amount":15.74,"Currency":"EUR","DisplayAmount":"15,74 €"}}]}}],"SearchURL":"https://www.amazon.es/s?k=corazon+oro+plata&rh=n%3A10440399031%2Cp_n_availability%3A-1&tag=topinalambricos-21&linkCode=osi","TotalResultCount":1000}},"9":{"SearchResult":{"Items":[{"ASIN":"B09YDBRMQ3","DetailPageURL":"https://www.amazon.es/dp/B09YDBRMQ3?tag=topinalambricos-21&linkCode=osi&th=1&psc=1","Images":{"Primary":{"Small":{"Height":75,"URL":"https://m.media-amazon.com/images/I/21RZrKXVyBL._SL75_.jpg","Width":75}}},"ItemInfo":{"ByLineInfo":{"Brand":{"DisplayValue":"Amberta","Label":"Brand","Locale":"es_ES"},"Manufacturer":{"DisplayValue":"Amberta","Label":"Manufacturer","Locale":"es_ES"}},"Title":{"DisplayValue":"Amberta Allure Colgante para Mujer en Oro Amarillo de 9 Quilates: Colgante Oro 9K Corazón Pequeño","Label":"Title","Locale":"es_ES"}},"Offers":{"Summaries":[{"Condition":{"Value":"New"},"LowestPrice":{"Amount":60.99,"Currency":"EUR","DisplayAmount":"60,99 €"}}]}},{"ASIN":"B01N38EU59","DetailPageURL":"https://www.amazon.es/dp/B01N38EU59?tag=topinalambricos-21&linkCode=osi&th=1&psc=1","Images":{"Primary":{"Small":{"Height":75,"URL":"https://m.media-amazon.com/images/I/31lCUvf9LNL._SL75_.jpg","Width":75}}},"ItemInfo":{"ByLineInfo":{"Brand":{"DisplayValue":"Alda Joyeros","Label":"Brand","Locale":"es_ES"},"Manufacturer":{"DisplayValue":"Alda Joyeros","Label":"Manufacturer","Locale":"es_ES"}},"Title":{"DisplayValue":"Alda Joyeros Colgante corazón Oro Amarillo 18 ktes - San Valentín 9 mm (pequeño)","Label":"Title","Locale":"es_ES"}},"Offers":{"Summaries":[{"Condition":{"Value":"New"},"LowestPrice":{"Amount":59.0,"Currency":"EUR","DisplayAmount":"59,00 €"}}]}},{"ASIN":"B097CFMQLT","DetailPageURL":"https://www.amazon.es/dp/B097CFMQLT?tag=topinalambricos-21&linkCode=osi&th=1&psc=1","Images":{"Primary":{"Small":{"Height":64,"URL":"https://m.media-amazon.com/images/I/413fcobaNJS._SL75_.jpg","Width":75}}},"ItemInfo":{"ByLineInfo":{"Brand":{"DisplayValue":"EKONAT JOYERIA PERSONALIZADA","Label":"Brand","Locale":"es_ES"}},"Title":{"DisplayValue":"Escapulario virgen del Carmen - Medalla del Carmen- medalla de plata religiosa- Comunión-Sagrado Corazón","Label":"Title","Locale":"es_ES"}},"Offers":{"Summaries":[{"Condition":{"Value":"New"},"LowestPrice":{"Amount":39.0,"Currency":"EUR","DisplayAmount":"39,00 €"}}]}},{"ASIN":"B0BR8HXH39","DetailPageURL":"https://www.amazon.es/dp/B0BR8HXH39?tag=topinalambricos-21&linkCode=osi&th=1&psc=1","Images":{"Primary":{"Small":{"Height":75,"URL":"https://m.media-amazon.com/images/I/31Z3TBQMLKL._SL75_.jpg","Width":75}}},"ItemInfo":{"ByLineInfo":{"Brand":{"DisplayValue":"De Bussy","Label":"Brand","Locale":"es_ES"},"Manufacturer":{"DisplayValue":"De Bussy","Label":"Manufacturer","Locale":"es_ES"}},"Title":{"DisplayValue":"Medalla colgante Escapulario Virgen del Carmen Sagrado Corazón de Jesús en plata de ley cubierta de oro de 18kt","Label":"Title","Locale":"es_ES"}},"Offers":{"Summaries":[{"Condition":{"Value":"New"},"LowestPrice":{"Amount":11.9,"Currency":"EUR","DisplayAmount":"11,90 €"}}]}},{"ASIN":"B0BR8GTCT7","DetailPageURL":"https://www.amazon.es/dp/B0BR8GTCT7?tag=topinalambricos-21&linkCode=osi&th=1&psc=1","Images":{"Primary":{"Small":{"Height":75,"URL":"https://m.media-amazon.com/images/I/41RYlsfRS3L._SL75_.jpg","Width":75}}},"ItemInfo":{"ByLineInfo":{"Brand":{"DisplayValue":"De Bussy","Label":"Brand","Locale":"es_ES"},"Manufacturer":{"DisplayValue":"De Bussy","Label":"Manufacturer","Locale":"es_ES"}},"Title":{"DisplayValue":"Medalla Colgante Escapulario Virgen del Carmen y Sagrado Corazón de Jesús en Plata de Ley Cubierta de Oro de 18kt","Label":"Title","Locale":"es_ES"}},"Offers":{"Summaries":[{"Condition":{"Value":"New"},"LowestPrice":{"Amount":37.9,"Currency":"EUR","DisplayAmount":"37,90 €"}}]}},{"ASIN":"B09YDBWCV3","DetailPageURL":"https://www.amazon.es/dp/B09YDBWCV3?tag=topinalambricos-21&linkCode=osi&th=1&psc=1","Images":{"Primary":{"Small":{"Height":75,"URL":"https://m.media-amazon.com/images/I/21Yw5RJ3w1L._SL75_.jpg","Width":75}}},"ItemInfo":{"ByLineInfo":{"Brand":{"DisplayValue":"Amberta","Label":"Brand","Locale":"es_ES"},"Manufacturer":{"DisplayValue":"Amberta","Label":"Manufacturer","Locale":"es_ES"}},"Title":{"DisplayValue":"Amberta Allure Colgante con Circonita para Mujer en Oro de 9 Quilates: Colgante de Oro Solitario - Colgante Corazón con Circonita","Label":"Title","Locale":"es_ES"}},"Offers":{"Summaries":[{"Condition":{"Value":"New"},"LowestPrice":{"Amount":39.99,"Currency":"EUR","DisplayAmount":"39,99 €"}}]}},{"ASIN":"B07DWDQ83Q","DetailPageURL":"https://www.amazon.es/dp/B07DWDQ83Q?tag=topinalambricos-21&linkCode=osi&th=1&psc=1","Images":{"Primary":{"Small":{"Height":75,"URL":"https://m.media-amazon.com/images/I/313CKgMne0L._SL75_.jpg","Width":75}}},"ItemInfo":{"ByLineInfo":{"Brand":{"DisplayValue":"NKlaus","Label":"Brand","Locale":"es_ES"},"Manufacturer":{"DisplayValue":"NKlaus","Label":"Manufacturer","Locale":"es_ES"}},"Title":{"DisplayValue":"NKlaus 333 oro amarillo cadenas colgantes de corazón alto pulido 10,5x10mm damas niñas 4760","Label":"Title","Locale":"es_ES"}},"Offers":{"Summaries":[{"Condition":{"Value":"Used"},"LowestPrice":{"Amount":24.2,"Currency":"EUR","DisplayAmount":"24,20 €"}},{"Condition":{"Value":"New"},"LowestPrice":{"Amount":27.24,"Currency":"EUR","DisplayAmount":"27,24 €"}}]}},{"ASIN":"B09W2SZ63Y","DetailPageURL":"https://www.amazon.es/dp/B09W2SZ63Y?tag=topinalambricos-21&linkCode=osi&th=1&psc=1","Images":{"Primary":{"Small":{"Height":75,"URL":"https://m.media-amazon.com/images/I/21GI7epXBcL._SL75_.jpg","Width":75}}},"ItemInfo":{"ByLineInfo":{"Brand":{"DisplayValue":"forme di Lucchetta","Label":"Brand","Locale":"es_ES"},"Manufacturer":{"DisplayValue":"Lucchetta Armando Srl","Label":"Manufacturer","Locale":"es_ES"}},"Title":{"DisplayValue":"Lucchetta - Colgante Clave en Forma de Corazón de Oro Amarillo de 14 quilates, charms y colgantes para Mujer Niña","Label":"Title","Locale":"es_ES"}},"Offers":{"Summaries":[{"Condition":{"Value":"New"},"LowestPrice":{"Amount":140.12,"Currency":"EUR","DisplayAmount":"140,12 €"}}]}},{"ASIN":"B0CB6LW7B5","DetailPageURL":"https://www.amazon.es/dp/B0CB6LW7B5?tag=topinalambricos-21&linkCode=osi&th=1&psc=1","Images":{"Primary":{"Small":{"Height":75,"URL":"https://m.media-amazon.com/images/I/219pkx2qtgL._SL75_.jpg","Width":60}}},"ItemInfo":{"ByLineInfo":{"Brand":{"DisplayValue":"BEA SOLDADO","Label":"Brand","Locale":"es_ES"}},"Title":{"DisplayValue":"BEA SOLDADO ESCAPULARIO VIRGEN DEL CARMEN ORO 9K. MEDALLA VIRGEN DEL CARMEN Y SAGRADO CORAZON. MEDALLA RELIGIOSA ORO 9K","Label":"Title","Locale":"es_ES"}},"Offers":{"Summaries":[{"Condition":{"Value":"New"},"LowestPrice":{"Amount":70.0,"Currency":"EUR","DisplayAmount":"70,00 €"}}]}},{"ASIN":"B07DWGJRPJ","DetailPageURL":"https://www.amazon.es/dp/B07DWGJRPJ?tag=topinalambricos-21&linkCode=osi&th=1&psc=1","Images":{"Primary":{"Small":{"Height":75,"URL":"https://m.media-amazon.com/images/I/313CKgMne0L._SL75_.jpg","Width":75}}},"ItemInfo":{"ByLineInfo":{"Brand":{"DisplayValue":"NKlaus","Label":"Brand","Locale":"es_ES"},"Manufacturer":{"DisplayValue":"NKlaus","Label":"Manufacturer","Locale":"es_ES"}},"Title":{"DisplayValue":"NKlaus Plata de ley 925 cadenas colgantes de corazón bañadas en oro 10,5x10mm señoras chicas 4770","Label":"Title","Locale":"es_ES"}},"Offers":{"Summaries":[{"Condition":{"Value":"New"},"LowestPrice":{"Amount":15.74,"Currency":"EUR","DisplayAmount":"15,74 €"}}]}}],"SearchURL":"https://www.amazon.es/s?k=corazon+oro+plata&rh=n%3A10440399031%2Cp_n_availability%3A-1&tag=topinalambricos-21&linkCode=osi","TotalResultCount":1000}},"10":{"SearchResult":{"Items":[{"ASIN":"B09YDBRMQ3","DetailPageURL":"https://www.amazon.es/dp/B09YDBRMQ3?tag=topinalambricos-21&linkCode=osi&th=1&psc=1","Images":{"Primary":{"Small":{"Height":75,"URL":"https://m.media-amazon.com/images/I/21RZrKXVyBL._SL75_.jpg","Width":75}}},"ItemInfo":{"ByLineInfo":{"Brand":{"DisplayValue":"Amberta","Label":"Brand","Locale":"es_ES"},"Manufacturer":{"DisplayValue":"Amberta","Label":"Manufacturer","Locale":"es_ES"}},"Title":{"DisplayValue":"Amberta Allure Colgante para Mujer en Oro Amarillo de 9 Quilates: Colgante Oro 9K Corazón Pequeño","Label":"Title","Locale":"es_ES"}},"Offers":{"Summaries":[{"Condition":{"Value":"New"},"LowestPrice":{"Amount":60.99,"Currency":"EUR","DisplayAmount":"60,99 €"}}]}},{"ASIN":"B01N38EU59","DetailPageURL":"https://www.amazon.es/dp/B01N38EU59?tag=topinalambricos-21&linkCode=osi&th=1&psc=1","Images":{"Primary":{"Small":{"Height":75,"URL":"https://m.media-amazon.com/images/I/31lCUvf9LNL._SL75_.jpg","Width":75}}},"ItemInfo":{"ByLineInfo":{"Brand":{"DisplayValue":"Alda Joyeros","Label":"Brand","Locale":"es_ES"},"Manufacturer":{"DisplayValue":"Alda Joyeros","Label":"Manufacturer","Locale":"es_ES"}},"Title":{"DisplayValue":"Alda Joyeros Colgante corazón Oro Amarillo 18 ktes - San Valentín 9 mm (pequeño)","Label":"Title","Locale":"es_ES"}},"Offers":{"Summaries":[{"Condition":{"Value":"New"},"LowestPrice":{"Amount":59.0,"Currency":"EUR","DisplayAmount":"59,00 €"}}]}},{"ASIN":"B097CFMQLT","DetailPageURL":"https://www.amazon.es/dp/B097CFMQLT?tag=topinalambricos-21&linkCode=osi&th=1&psc=1","Images":{"Primary":{"Small":{"Height":64,"URL":"https://m.media-amazon.com/images/I/413fcobaNJS._SL75_.jpg","Width":75}}},"ItemInfo":{"ByLineInfo":{"Brand":{"DisplayValue":"EKONAT JOYERIA PERSONALIZADA","Label":"Brand","Locale":"es_ES"}},"Title":{"DisplayValue":"Escapulario virgen del Carmen - Medalla del Carmen- medalla de plata religiosa- Comunión-Sagrado Corazón","Label":"Title","Locale":"es_ES"}},"Offers":{"Summaries":[{"Condition":{"Value":"New"},"LowestPrice":{"Amount":39.0,"Currency":"EUR","DisplayAmount":"39,00 €"}}]}},{"ASIN":"B0BR8HXH39","DetailPageURL":"https://www.amazon.es/dp/B0BR8HXH39?tag=topinalambricos-21&linkCode=osi&th=1&psc=1","Images":{"Primary":{"Small":{"Height":75,"URL":"https://m.media-amazon.com/images/I/31Z3TBQMLKL._SL75_.jpg","Width":75}}},"ItemInfo":{"ByLineInfo":{"Brand":{"DisplayValue":"De Bussy","Label":"Brand","Locale":"es_ES"},"Manufacturer":{"DisplayValue":"De Bussy","Label":"Manufacturer","Locale":"es_ES"}},"Title":{"DisplayValue":"Medalla colgante Escapulario Virgen del Carmen Sagrado Corazón de Jesús en plata de ley cubierta de oro de 18kt","Label":"Title","Locale":"es_ES"}},"Offers":{"Summaries":[{"Condition":{"Value":"New"},"LowestPrice":{"Amount":11.9,"Currency":"EUR","DisplayAmount":"11,90 €"}}]}},{"ASIN":"B0BR8GTCT7","DetailPageURL":"https://www.amazon.es/dp/B0BR8GTCT7?tag=topinalambricos-21&linkCode=osi&th=1&psc=1","Images":{"Primary":{"Small":{"Height":75,"URL":"https://m.media-amazon.com/images/I/41RYlsfRS3L._SL75_.jpg","Width":75}}},"ItemInfo":{"ByLineInfo":{"Brand":{"DisplayValue":"De Bussy","Label":"Brand","Locale":"es_ES"},"Manufacturer":{"DisplayValue":"De Bussy","Label":"Manufacturer","Locale":"es_ES"}},"Title":{"DisplayValue":"Medalla Colgante Escapulario Virgen del Carmen y Sagrado Corazón de Jesús en Plata de Ley Cubierta de Oro de 18kt","Label":"Title","Locale":"es_ES"}},"Offers":{"Summaries":[{"Condition":{"Value":"New"},"LowestPrice":{"Amount":37.9,"Currency":"EUR","DisplayAmount":"37,90 €"}}]}},{"ASIN":"B09YDBWCV3","DetailPageURL":"https://www.amazon.es/dp/B09YDBWCV3?tag=topinalambricos-21&linkCode=osi&th=1&psc=1","Images":{"Primary":{"Small":{"Height":75,"URL":"https://m.media-amazon.com/images/I/21Yw5RJ3w1L._SL75_.jpg","Width":75}}},"ItemInfo":{"ByLineInfo":{"Brand":{"DisplayValue":"Amberta","Label":"Brand","Locale":"es_ES"},"Manufacturer":{"DisplayValue":"Amberta","Label":"Manufacturer","Locale":"es_ES"}},"Title":{"DisplayValue":"Amberta Allure Colgante con Circonita para Mujer en Oro de 9 Quilates: Colgante de Oro Solitario - Colgante Corazón con Circonita","Label":"Title","Locale":"es_ES"}},"Offers":{"Summaries":[{"Condition":{"Value":"New"},"LowestPrice":{"Amount":39.99,"Currency":"EUR","DisplayAmount":"39,99 €"}}]}},{"ASIN":"B07DWDQ83Q","DetailPageURL":"https://www.amazon.es/dp/B07DWDQ83Q?tag=topinalambricos-21&linkCode=osi&th=1&psc=1","Images":{"Primary":{"Small":{"Height":75,"URL":"https://m.media-amazon.com/images/I/313CKgMne0L._SL75_.jpg","Width":75}}},"ItemInfo":{"ByLineInfo":{"Brand":{"DisplayValue":"NKlaus","Label":"Brand","Locale":"es_ES"},"Manufacturer":{"DisplayValue":"NKlaus","Label":"Manufacturer","Locale":"es_ES"}},"Title":{"DisplayValue":"NKlaus 333 oro amarillo cadenas colgantes de corazón alto pulido 10,5x10mm damas niñas 4760","Label":"Title","Locale":"es_ES"}},"Offers":{"Summaries":[{"Condition":{"Value":"Used"},"LowestPrice":{"Amount":24.2,"Currency":"EUR","DisplayAmount":"24,20 €"}},{"Condition":{"Value":"New"},"LowestPrice":{"Amount":27.24,"Currency":"EUR","DisplayAmount":"27,24 €"}}]}},{"ASIN":"B09W2SZ63Y","DetailPageURL":"https://www.amazon.es/dp/B09W2SZ63Y?tag=topinalambricos-21&linkCode=osi&th=1&psc=1","Images":{"Primary":{"Small":{"Height":75,"URL":"https://m.media-amazon.com/images/I/21GI7epXBcL._SL75_.jpg","Width":75}}},"ItemInfo":{"ByLineInfo":{"Brand":{"DisplayValue":"forme di Lucchetta","Label":"Brand","Locale":"es_ES"},"Manufacturer":{"DisplayValue":"Lucchetta Armando Srl","Label":"Manufacturer","Locale":"es_ES"}},"Title":{"DisplayValue":"Lucchetta - Colgante Clave en Forma de Corazón de Oro Amarillo de 14 quilates, charms y colgantes para Mujer Niña","Label":"Title","Locale":"es_ES"}},"Offers":{"Summaries":[{"Condition":{"Value":"New"},"LowestPrice":{"Amount":140.12,"Currency":"EUR","DisplayAmount":"140,12 €"}}]}},{"ASIN":"B0CB6LW7B5","DetailPageURL":"https://www.amazon.es/dp/B0CB6LW7B5?tag=topinalambricos-21&linkCode=osi&th=1&psc=1","Images":{"Primary":{"Small":{"Height":75,"URL":"https://m.media-amazon.com/images/I/219pkx2qtgL._SL75_.jpg","Width":60}}},"ItemInfo":{"ByLineInfo":{"Brand":{"DisplayValue":"BEA SOLDADO","Label":"Brand","Locale":"es_ES"}},"Title":{"DisplayValue":"BEA SOLDADO ESCAPULARIO VIRGEN DEL CARMEN ORO 9K. MEDALLA VIRGEN DEL CARMEN Y SAGRADO CORAZON. MEDALLA RELIGIOSA ORO 9K","Label":"Title","Locale":"es_ES"}},"Offers":{"Summaries":[{"Condition":{"Value":"New"},"LowestPrice":{"Amount":70.0,"Currency":"EUR","DisplayAmount":"70,00 €"}}]}},{"ASIN":"B07DWGJRPJ","DetailPageURL":"https://www.amazon.es/dp/B07DWGJRPJ?tag=topinalambricos-21&linkCode=osi&th=1&psc=1","Images":{"Primary":{"Small":{"Height":75,"URL":"https://m.media-amazon.com/images/I/313CKgMne0L._SL75_.jpg","Width":75}}},"ItemInfo":{"ByLineInfo":{"Brand":{"DisplayValue":"NKlaus","Label":"Brand","Locale":"es_ES"},"Manufacturer":{"DisplayValue":"NKlaus","Label":"Manufacturer","Locale":"es_ES"}},"Title":{"DisplayValue":"NKlaus Plata de ley 925 cadenas colgantes de corazón bañadas en oro 10,5x10mm señoras chicas 4770","Label":"Title","Locale":"es_ES"}},"Offers":{"Summaries":[{"Condition":{"Value":"New"},"LowestPrice":{"Amount":15.74,"Currency":"EUR","DisplayAmount":"15,74 €"}}]}}],"SearchURL":"https://www.amazon.es/s?k=corazon+oro+plata&rh=n%3A10440399031%2Cp_n_availability%3A-1&tag=topinalambricos-21&linkCode=osi","TotalResultCount":1000}},"12":{"SearchResult":{"Items":[{"ASIN":"B09G4GZHMK","DetailPageURL":"https://www.amazon.es/dp/B09G4GZHMK?tag=topinalambricos-21&linkCode=osi&th=1&psc=1","Images":{"Primary":{"Small":{"Height":75,"URL":"https://m.media-amazon.com/images/I/51YR7ME3yKL._SL75_.jpg","Width":75}}},"ItemInfo":{"ByLineInfo":{"Brand":{"DisplayValue":"Jonami","Label":"Brand","Locale":"es_ES"},"Manufacturer":{"DisplayValue":"Jonami","Label":"Manufacturer","Locale":"es_ES"}},"Title":{"DisplayValue":"Kit Romántico de Velas y Pétalos. 50 Velas en Forma de Corazón + 1000 Pétalos de Rosa Roja de Seda + 5 Globos Corazón Rojo - Decoración para Bodas, San Valentín y Compromiso","Label":"Title","Locale":"es_ES"}},"Offers":{"Summaries":[{"Condition":{"Value":"New"},"LowestPrice":{"Amount":11.99,"Currency":"EUR","DisplayAmount":"11,99 €"}}]}},{"ASIN":"B0B7B8381P","DetailPageURL":"https://www.amazon.es/dp/B0B7B8381P?tag=topinalambricos-21&linkCode=osi&th=1&psc=1","Images":{"Primary":{"Small":{"Height":75,"URL":"https://m.media-amazon.com/images/I/41pL11YIo4L._SL75_.jpg","Width":75}}},"ItemInfo":{"ByLineInfo":{"Brand":{"DisplayValue":"YOUYIKE","Label":"Brand","Locale":"es_ES"},"Manufacturer":{"DisplayValue":"Yanniler-EU","Label":"Manufacturer","Locale":"es_ES"}},"Title":{"DisplayValue":"50 Pcs Globos de Corazón Rojo, 10 Pulgada Globos Corazon, Globos de Latex con Forma de Corazon, Corazón Globo Helio para Boda, Cumpleaños, Baby Shower, Aniversario Decoracion","Label":"Title","Locale":"es_ES"}},"Offers":{"Summaries":[{"Condition":{"Value":"New"},"LowestPrice":{"Amount":7.99,"Currency":"EUR","DisplayAmount":"7,99 € (0,16 € / unidad)","PricePerUnit":0.16}}]}},{"ASIN":"B0CFQG6CJP","DetailPageURL":"https://www.amazon.es/dp/B0CFQG6CJP?tag=topinalambricos-21&linkCode=osi&th=1&psc=1","Images":{"Primary":{"Small":{"Height":75,"URL":"https://m.media-amazon.com/images/I/41gMTHOtF3L._SL75_.jpg","Width":75}}},"ItemInfo":{"ByLineInfo":{"Brand":{"DisplayValue":"QIMMU","Label":"Brand","Locale":"es_ES"},"Manufacturer":{"DisplayValue":"QIMMU","Label":"Manufacturer","Locale":"es_ES"}},"Title":{"DisplayValue":"30 Piezas Globos Corazon,Globos Corazon Rojo, Globos de Latex con Forma de Corazon,Globos de Corazon para Boda,Cumpleaños,de Ceremonia Decoracion","Label":"Title","Locale":"es_ES"}},"Offers":{"Summaries":[{"Condition":{"Value":"New"},"LowestPrice":{"Amount":7.99,"Currency":"EUR","DisplayAmount":"7,99 € (0,27 € / unidad)","PricePerUnit":0.27}}]}},{"ASIN":"B0C6H5SBXS","DetailPageURL":"https://www.amazon.es/dp/B0C6H5SBXS?tag=topinalambricos-21&linkCode=osi&th=1&psc=1","Images":{"Primary":{"Small":{"Height":75,"URL":"https://m.media-amazon.com/images/I/513r3K8Rp8L._SL75_.jpg","Width":75}}},"ItemInfo":{"ByLineInfo":{"Brand":{"DisplayValue":"YOUYIKE","Label":"Brand","Locale":"es_ES"},"Manufacturer":{"DisplayValue":"Unique'store","Label":"Manufacturer","Locale":"es_ES"}},"Title":{"DisplayValue":"50 Pcs Globos corazon Azul, 12 Pulgadas Globo en Forma de Corazón, Corazón Globo Helio, Decoraciones de San ValentíN para el Día de San Valentín, Boda, Fiesta de Cumpleaños, Decoración","Label":"Title","Locale":"es_ES"}},"Offers":{"Summaries":[{"Condition":{"Value":"New"},"LowestPrice":{"Amount":7.89,"Currency":"EUR","DisplayAmount":"7,89 €"}}]}},{"ASIN":"B0C1ZN95YQ","DetailPageURL":"https://www.amazon.es/dp/B0C1ZN95YQ?tag=topinalambricos-21&linkCode=osi&th=1&psc=1","Images":{"Primary":{"Small":{"Height":75,"URL":"https://m.media-amazon.com/images/I/31-KOIjo5qL._SL75_.jpg","Width":75}}},"ItemInfo":{"ByLineInfo":{"Brand":{"DisplayValue":"Balloon Dance","Label":"Brand","Locale":"es_ES"},"Manufacturer":{"DisplayValue":"Balloon Dance","Label":"Manufacturer","Locale":"es_ES"}},"Title":{"DisplayValue":"Globos NúMero 1 Color Crema, 40 Pulgadas, Color Beige Y Blanco, 1 Globos Con Globos De CorazóN Y Globos Blancos De Arena De Albaricoque Retro Para Decoraciones De CumpleañOs, NiñOs, NiñAs, Baby Shower","Label":"Title","Locale":"es_ES"}},"Offers":{"Summaries":[{"Condition":{"Value":"New"},"LowestPrice":{"Amount":8.99,"Currency":"EUR","DisplayAmount":"8,99 €"}}]}},{"ASIN":"B07VDPYZ7Z","DetailPageURL":"https://www.amazon.es/dp/B07VDPYZ7Z?tag=topinalambricos-21&linkCode=osi&th=1&psc=1","Images":{"Primary":{"Small":{"Height":75,"URL":"https://m.media-amazon.com/images/I/51wn7d1-xjL._SL75_.jpg","Width":75}}},"ItemInfo":{"ByLineInfo":{"Brand":{"DisplayValue":"a ray of sunshine","Label":"Brand","Locale":"es_ES"},"Manufacturer":{"DisplayValue":"a ray of sunshine","Label":"Manufacturer","Locale":"es_ES"}},"Title":{"DisplayValue":"a ray of sunshine 30 Piezas Globos de corazón de 18 Pulgadas, Globo de lámina de corazón, Globos de Helio en Forma de corazón para Fiesta, cumpleaños, día de San Valentín, Boda, Compromiso. (Plata)","Label":"Title","Locale":"es_ES"}},"Offers":{"Summaries":[{"Condition":{"Value":"New"},"LowestPrice":{"Amount":12.99,"Currency":"EUR","DisplayAmount":"12,99 €"}}]}},{"ASIN":"B0CF86ML9W","DetailPageURL":"https://www.amazon.es/dp/B0CF86ML9W?tag=topinalambricos-21&linkCode=osi&th=1&psc=1","Images":{"Primary":{"Small":{"Height":75,"URL":"https://m.media-amazon.com/images/I/31PXeqLoCjL._SL75_.jpg","Width":75}}},"ItemInfo":{"ByLineInfo":{"Brand":{"DisplayValue":"LUKIUP","Label":"Brand","Locale":"es_ES"},"Manufacturer":{"DisplayValue":"KAISBANG","Label":"Manufacturer","Locale":"es_ES"}},"Title":{"DisplayValue":"50 Pcs Globos corazon Blanco, 12 Pulgadas Blanco Globo en Forma de Corazón, Corazón Globo Helio, Decoraciones de San ValentíN para el Día de San Valentín, Boda, Fiesta de Cumpleaños, Decoración","Label":"Title","Locale":"es_ES"}},"Offers":{"Summaries":[{"Condition":{"Value":"New"},"LowestPrice":{"Amount":6.99,"Currency":"EUR","DisplayAmount":"6,99 €"}}]}},{"ASIN":"B08PDBXK49","DetailPageURL":"https://www.amazon.es/dp/B08PDBXK49?tag=topinalambricos-21&linkCode=osi&th=1&psc=1","Images":{"Primary":{"Small":{"Height":75,"URL":"https://m.media-amazon.com/images/I/51S4rWTsxCL._SL75_.jpg","Width":75}}},"ItemInfo":{"ByLineInfo":{"Brand":{"DisplayValue":"Yisscen","Label":"Brand","Locale":"es_ES"},"Manufacturer":{"DisplayValue":"Yisscen","Label":"Manufacturer","Locale":"es_ES"}},"Title":{"DisplayValue":"Yisscen Globos Papel de Aluminio 25 PCS Globos de Corazón Rojo 18 Pulgadas Globos de Cumpleaños Inflable para Fiesta, San Valentín, Boda, Compromiso","Label":"Title","Locale":"es_ES"}},"Offers":{"Summaries":[{"Condition":{"Value":"New"},"LowestPrice":{"Amount":14.99,"Currency":"EUR","DisplayAmount":"14,99 €"}}]}},{"ASIN":"B07WRRCJP7","DetailPageURL":"https://www.amazon.es/dp/B07WRRCJP7?tag=topinalambricos-21&linkCode=osi&th=1&psc=1","Images":{"Primary":{"Small":{"Height":75,"URL":"https://m.media-amazon.com/images/I/51MhT785pyL._SL75_.jpg","Width":75}}},"ItemInfo":{"ByLineInfo":{"Brand":{"DisplayValue":"DIWULI","Label":"Brand","Locale":"es_ES"},"Manufacturer":{"DisplayValue":"DIWULI","Label":"Manufacturer","Locale":"es_ES"}},"Title":{"DisplayValue":"DIWULI Globo Gigante de Corazón XXL Rojo, Globo en Forma de Corazón dentro de hueco, Globo de Corazón Noble, Globo de Corazón, Globo de Papel de Aluminio de Corazón, Globo de Papel de Aluminio","Label":"Title","Locale":"es_ES"}},"Offers":{"Summaries":[{"Condition":{"Value":"New"},"LowestPrice":{"Amount":6.99,"Currency":"EUR","DisplayAmount":"6,99 €"}}]}},{"ASIN":"B0CFHKGDCJ","DetailPageURL":"https://www.amazon.es/dp/B0CFHKGDCJ?tag=topinalambricos-21&linkCode=osi&th=1&psc=1","Images":{"Primary":{"Small":{"Height":75,"URL":"https://m.media-amazon.com/images/I/51oteXDRCoL._SL75_.jpg","Width":75}}},"ItemInfo":{"ByLineInfo":{"Brand":{"DisplayValue":"BOXOB","Label":"Brand","Locale":"es_ES"},"Manufacturer":{"DisplayValue":"BOXOB","Label":"Manufacturer","Locale":"es_ES"}},"Title":{"DisplayValue":"50pcs Globos en Forma de Corazón, 1,27cm Mini Globos de Aluminio Cumpleaños Globos de Corazones Pequeños para Boda Baby Shower Decoración de Fiesta de Cumpleaños (Color Mixto)","Label":"Title","Locale":"es_ES"}},"Offers":{"Summaries":[{"Condition":{"Value":"New"},"LowestPrice":{"Amount":8.99,"Currency":"EUR","DisplayAmount":"8,99 € (0,18 € / unidad)","PricePerUnit":0.18}}]}}],"SearchURL":"https://www.amazon.es/s?k=corazon&rh=n%3A1641834031%2Cp_n_availability%3A-1&tag=topinalambricos-21&linkCode=osi","TotalResultCount":1000}},"13":{"SearchResult":{"Items":[{"ASIN":"B09G4GZHMK","DetailPageURL":"https://www.amazon.es/dp/B09G4GZHMK?tag=topinalambricos-21&linkCode=osi&th=1&psc=1","Images":{"Primary":{"Small":{"Height":75,"URL":"https://m.media-amazon.com/images/I/51YR7ME3yKL._SL75_.jpg","Width":75}}},"ItemInfo":{"ByLineInfo":{"Brand":{"DisplayValue":"Jonami","Label":"Brand","Locale":"es_ES"},"Manufacturer":{"DisplayValue":"Jonami","Label":"Manufacturer","Locale":"es_ES"}},"Title":{"DisplayValue":"Kit Romántico de Velas y Pétalos. 50 Velas en Forma de Corazón + 1000 Pétalos de Rosa Roja de Seda + 5 Globos Corazón Rojo - Decoración para Bodas, San Valentín y Compromiso","Label":"Title","Locale":"es_ES"}},"Offers":{"Summaries":[{"Condition":{"Value":"New"},"LowestPrice":{"Amount":11.99,"Currency":"EUR","DisplayAmount":"11,99 €"}}]}},{"ASIN":"B0B7B8381P","DetailPageURL":"https://www.amazon.es/dp/B0B7B8381P?tag=topinalambricos-21&linkCode=osi&th=1&psc=1","Images":{"Primary":{"Small":{"Height":75,"URL":"https://m.media-amazon.com/images/I/41pL11YIo4L._SL75_.jpg","Width":75}}},"ItemInfo":{"ByLineInfo":{"Brand":{"DisplayValue":"YOUYIKE","Label":"Brand","Locale":"es_ES"},"Manufacturer":{"DisplayValue":"Yanniler-EU","Label":"Manufacturer","Locale":"es_ES"}},"Title":{"DisplayValue":"50 Pcs Globos de Corazón Rojo, 10 Pulgada Globos Corazon, Globos de Latex con Forma de Corazon, Corazón Globo Helio para Boda, Cumpleaños, Baby Shower, Aniversario Decoracion","Label":"Title","Locale":"es_ES"}},"Offers":{"Summaries":[{"Condition":{"Value":"New"},"LowestPrice":{"Amount":7.99,"Currency":"EUR","DisplayAmount":"7,99 € (0,16 € / unidad)","PricePerUnit":0.16}}]}},{"ASIN":"B0CFQG6CJP","DetailPageURL":"https://www.amazon.es/dp/B0CFQG6CJP?tag=topinalambricos-21&linkCode=osi&th=1&psc=1","Images":{"Primary":{"Small":{"Height":75,"URL":"https://m.media-amazon.com/images/I/41gMTHOtF3L._SL75_.jpg","Width":75}}},"ItemInfo":{"ByLineInfo":{"Brand":{"DisplayValue":"QIMMU","Label":"Brand","Locale":"es_ES"},"Manufacturer":{"DisplayValue":"QIMMU","Label":"Manufacturer","Locale":"es_ES"}},"Title":{"DisplayValue":"30 Piezas Globos Corazon,Globos Corazon Rojo, Globos de Latex con Forma de Corazon,Globos de Corazon para Boda,Cumpleaños,de Ceremonia Decoracion","Label":"Title","Locale":"es_ES"}},"Offers":{"Summaries":[{"Condition":{"Value":"New"},"LowestPrice":{"Amount":7.99,"Currency":"EUR","DisplayAmount":"7,99 € (0,27 € / unidad)","PricePerUnit":0.27}}]}},{"ASIN":"B0C6H5SBXS","DetailPageURL":"https://www.amazon.es/dp/B0C6H5SBXS?tag=topinalambricos-21&linkCode=osi&th=1&psc=1","Images":{"Primary":{"Small":{"Height":75,"URL":"https://m.media-amazon.com/images/I/513r3K8Rp8L._SL75_.jpg","Width":75}}},"ItemInfo":{"ByLineInfo":{"Brand":{"DisplayValue":"YOUYIKE","Label":"Brand","Locale":"es_ES"},"Manufacturer":{"DisplayValue":"Unique'store","Label":"Manufacturer","Locale":"es_ES"}},"Title":{"DisplayValue":"50 Pcs Globos corazon Azul, 12 Pulgadas Globo en Forma de Corazón, Corazón Globo Helio, Decoraciones de San ValentíN para el Día de San Valentín, Boda, Fiesta de Cumpleaños, Decoración","Label":"Title","Locale":"es_ES"}},"Offers":{"Summaries":[{"Condition":{"Value":"New"},"LowestPrice":{"Amount":7.89,"Currency":"EUR","DisplayAmount":"7,89 €"}}]}},{"ASIN":"B0C1ZN95YQ","DetailPageURL":"https://www.amazon.es/dp/B0C1ZN95YQ?tag=topinalambricos-21&linkCode=osi&th=1&psc=1","Images":{"Primary":{"Small":{"Height":75,"URL":"https://m.media-amazon.com/images/I/31-KOIjo5qL._SL75_.jpg","Width":75}}},"ItemInfo":{"ByLineInfo":{"Brand":{"DisplayValue":"Balloon Dance","Label":"Brand","Locale":"es_ES"},"Manufacturer":{"DisplayValue":"Balloon Dance","Label":"Manufacturer","Locale":"es_ES"}},"Title":{"DisplayValue":"Globos NúMero 1 Color Crema, 40 Pulgadas, Color Beige Y Blanco, 1 Globos Con Globos De CorazóN Y Globos Blancos De Arena De Albaricoque Retro Para Decoraciones De CumpleañOs, NiñOs, NiñAs, Baby Shower","Label":"Title","Locale":"es_ES"}},"Offers":{"Summaries":[{"Condition":{"Value":"New"},"LowestPrice":{"Amount":8.99,"Currency":"EUR","DisplayAmount":"8,99 €"}}]}},{"ASIN":"B07VDPYZ7Z","DetailPageURL":"https://www.amazon.es/dp/B07VDPYZ7Z?tag=topinalambricos-21&linkCode=osi&th=1&psc=1","Images":{"Primary":{"Small":{"Height":75,"URL":"https://m.media-amazon.com/images/I/51wn7d1-xjL._SL75_.jpg","Width":75}}},"ItemInfo":{"ByLineInfo":{"Brand":{"DisplayValue":"a ray of sunshine","Label":"Brand","Locale":"es_ES"},"Manufacturer":{"DisplayValue":"a ray of sunshine","Label":"Manufacturer","Locale":"es_ES"}},"Title":{"DisplayValue":"a ray of sunshine 30 Piezas Globos de corazón de 18 Pulgadas, Globo de lámina de corazón, Globos de Helio en Forma de corazón para Fiesta, cumpleaños, día de San Valentín, Boda, Compromiso. (Plata)","Label":"Title","Locale":"es_ES"}},"Offers":{"Summaries":[{"Condition":{"Value":"New"},"LowestPrice":{"Amount":12.99,"Currency":"EUR","DisplayAmount":"12,99 €"}}]}},{"ASIN":"B0CF86ML9W","DetailPageURL":"https://www.amazon.es/dp/B0CF86ML9W?tag=topinalambricos-21&linkCode=osi&th=1&psc=1","Images":{"Primary":{"Small":{"Height":75,"URL":"https://m.media-amazon.com/images/I/31PXeqLoCjL._SL75_.jpg","Width":75}}},"ItemInfo":{"ByLineInfo":{"Brand":{"DisplayValue":"LUKIUP","Label":"Brand","Locale":"es_ES"},"Manufacturer":{"DisplayValue":"KAISBANG","Label":"Manufacturer","Locale":"es_ES"}},"Title":{"DisplayValue":"50 Pcs Globos corazon Blanco, 12 Pulgadas Blanco Globo en Forma de Corazón, Corazón Globo Helio, Decoraciones de San ValentíN para el Día de San Valentín, Boda, Fiesta de Cumpleaños, Decoración","Label":"Title","Locale":"es_ES"}},"Offers":{"Summaries":[{"Condition":{"Value":"New"},"LowestPrice":{"Amount":6.99,"Currency":"EUR","DisplayAmount":"6,99 €"}}]}},{"ASIN":"B08PDBXK49","DetailPageURL":"https://www.amazon.es/dp/B08PDBXK49?tag=topinalambricos-21&linkCode=osi&th=1&psc=1","Images":{"Primary":{"Small":{"Height":75,"URL":"https://m.media-amazon.com/images/I/51S4rWTsxCL._SL75_.jpg","Width":75}}},"ItemInfo":{"ByLineInfo":{"Brand":{"DisplayValue":"Yisscen","Label":"Brand","Locale":"es_ES"},"Manufacturer":{"DisplayValue":"Yisscen","Label":"Manufacturer","Locale":"es_ES"}},"Title":{"DisplayValue":"Yisscen Globos Papel de Aluminio 25 PCS Globos de Corazón Rojo 18 Pulgadas Globos de Cumpleaños Inflable para Fiesta, San Valentín, Boda, Compromiso","Label":"Title","Locale":"es_ES"}},"Offers":{"Summaries":[{"Condition":{"Value":"New"},"LowestPrice":{"Amount":14.99,"Currency":"EUR","DisplayAmount":"14,99 €"}}]}},{"ASIN":"B07WRRCJP7","DetailPageURL":"https://www.amazon.es/dp/B07WRRCJP7?tag=topinalambricos-21&linkCode=osi&th=1&psc=1","Images":{"Primary":{"Small":{"Height":75,"URL":"https://m.media-amazon.com/images/I/51MhT785pyL._SL75_.jpg","Width":75}}},"ItemInfo":{"ByLineInfo":{"Brand":{"DisplayValue":"DIWULI","Label":"Brand","Locale":"es_ES"},"Manufacturer":{"DisplayValue":"DIWULI","Label":"Manufacturer","Locale":"es_ES"}},"Title":{"DisplayValue":"DIWULI Globo Gigante de Corazón XXL Rojo, Globo en Forma de Corazón dentro de hueco, Globo de Corazón Noble, Globo de Corazón, Globo de Papel de Aluminio de Corazón, Globo de Papel de Aluminio","Label":"Title","Locale":"es_ES"}},"Offers":{"Summaries":[{"Condition":{"Value":"New"},"LowestPrice":{"Amount":6.99,"Currency":"EUR","DisplayAmount":"6,99 €"}}]}},{"ASIN":"B0CFHKGDCJ","DetailPageURL":"https://www.amazon.es/dp/B0CFHKGDCJ?tag=topinalambricos-21&linkCode=osi&th=1&psc=1","Images":{"Primary":{"Small":{"Height":75,"URL":"https://m.media-amazon.com/images/I/51oteXDRCoL._SL75_.jpg","Width":75}}},"ItemInfo":{"ByLineInfo":{"Brand":{"DisplayValue":"BOXOB","Label":"Brand","Locale":"es_ES"},"Manufacturer":{"DisplayValue":"BOXOB","Label":"Manufacturer","Locale":"es_ES"}},"Title":{"DisplayValue":"50pcs Globos en Forma de Corazón, 1,27cm Mini Globos de Aluminio Cumpleaños Globos de Corazones Pequeños para Boda Baby Shower Decoración de Fiesta de Cumpleaños (Color Mixto)","Label":"Title","Locale":"es_ES"}},"Offers":{"Summaries":[{"Condition":{"Value":"New"},"LowestPrice":{"Amount":8.99,"Currency":"EUR","DisplayAmount":"8,99 € (0,18 € / unidad)","PricePerUnit":0.18}}]}}],"SearchURL":"https://www.amazon.es/s?k=corazon&rh=n%3A1641834031%2Cp_n_availability%3A-1&tag=topinalambricos-21&linkCode=osi","TotalResultCount":1000}},"14":{"SearchResult":{"Items":[{"ASIN":"B09G4GZHMK","DetailPageURL":"https://www.amazon.es/dp/B09G4GZHMK?tag=topinalambricos-21&linkCode=osi&th=1&psc=1","Images":{"Primary":{"Small":{"Height":75,"URL":"https://m.media-amazon.com/images/I/51YR7ME3yKL._SL75_.jpg","Width":75}}},"ItemInfo":{"ByLineInfo":{"Brand":{"DisplayValue":"Jonami","Label":"Brand","Locale":"es_ES"},"Manufacturer":{"DisplayValue":"Jonami","Label":"Manufacturer","Locale":"es_ES"}},"Title":{"DisplayValue":"Kit Romántico de Velas y Pétalos. 50 Velas en Forma de Corazón + 1000 Pétalos de Rosa Roja de Seda + 5 Globos Corazón Rojo - Decoración para Bodas, San Valentín y Compromiso","Label":"Title","Locale":"es_ES"}},"Offers":{"Summaries":[{"Condition":{"Value":"New"},"LowestPrice":{"Amount":11.99,"Currency":"EUR","DisplayAmount":"11,99 €"}}]}},{"ASIN":"B0B7B8381P","DetailPageURL":"https://www.amazon.es/dp/B0B7B8381P?tag=topinalambricos-21&linkCode=osi&th=1&psc=1","Images":{"Primary":{"Small":{"Height":75,"URL":"https://m.media-amazon.com/images/I/41pL11YIo4L._SL75_.jpg","Width":75}}},"ItemInfo":{"ByLineInfo":{"Brand":{"DisplayValue":"YOUYIKE","Label":"Brand","Locale":"es_ES"},"Manufacturer":{"DisplayValue":"Yanniler-EU","Label":"Manufacturer","Locale":"es_ES"}},"Title":{"DisplayValue":"50 Pcs Globos de Corazón Rojo, 10 Pulgada Globos Corazon, Globos de Latex con Forma de Corazon, Corazón Globo Helio para Boda, Cumpleaños, Baby Shower, Aniversario Decoracion","Label":"Title","Locale":"es_ES"}},"Offers":{"Summaries":[{"Condition":{"Value":"New"},"LowestPrice":{"Amount":7.99,"Currency":"EUR","DisplayAmount":"7,99 € (0,16 € / unidad)","PricePerUnit":0.16}}]}},{"ASIN":"B0CFQG6CJP","DetailPageURL":"https://www.amazon.es/dp/B0CFQG6CJP?tag=topinalambricos-21&linkCode=osi&th=1&psc=1","Images":{"Primary":{"Small":{"Height":75,"URL":"https://m.media-amazon.com/images/I/41gMTHOtF3L._SL75_.jpg","Width":75}}},"ItemInfo":{"ByLineInfo":{"Brand":{"DisplayValue":"QIMMU","Label":"Brand","Locale":"es_ES"},"Manufacturer":{"DisplayValue":"QIMMU","Label":"Manufacturer","Locale":"es_ES"}},"Title":{"DisplayValue":"30 Piezas Globos Corazon,Globos Corazon Rojo, Globos de Latex con Forma de Corazon,Globos de Corazon para Boda,Cumpleaños,de Ceremonia Decoracion","Label":"Title","Locale":"es_ES"}},"Offers":{"Summaries":[{"Condition":{"Value":"New"},"LowestPrice":{"Amount":7.99,"Currency":"EUR","DisplayAmount":"7,99 € (0,27 € / unidad)","PricePerUnit":0.27}}]}},{"ASIN":"B0C6H5SBXS","DetailPageURL":"https://www.amazon.es/dp/B0C6H5SBXS?tag=topinalambricos-21&linkCode=osi&th=1&psc=1","Images":{"Primary":{"Small":{"Height":75,"URL":"https://m.media-amazon.com/images/I/513r3K8Rp8L._SL75_.jpg","Width":75}}},"ItemInfo":{"ByLineInfo":{"Brand":{"DisplayValue":"YOUYIKE","Label":"Brand","Locale":"es_ES"},"Manufacturer":{"DisplayValue":"Unique'store","Label":"Manufacturer","Locale":"es_ES"}},"Title":{"DisplayValue":"50 Pcs Globos corazon Azul, 12 Pulgadas Globo en Forma de Corazón, Corazón Globo Helio, Decoraciones de San ValentíN para el Día de San Valentín, Boda, Fiesta de Cumpleaños, Decoración","Label":"Title","Locale":"es_ES"}},"Offers":{"Summaries":[{"Condition":{"Value":"New"},"LowestPrice":{"Amount":7.89,"Currency":"EUR","DisplayAmount":"7,89 €"}}]}},{"ASIN":"B0C1ZN95YQ","DetailPageURL":"https://www.amazon.es/dp/B0C1ZN95YQ?tag=topinalambricos-21&linkCode=osi&th=1&psc=1","Images":{"Primary":{"Small":{"Height":75,"URL":"https://m.media-amazon.com/images/I/31-KOIjo5qL._SL75_.jpg","Width":75}}},"ItemInfo":{"ByLineInfo":{"Brand":{"DisplayValue":"Balloon Dance","Label":"Brand","Locale":"es_ES"},"Manufacturer":{"DisplayValue":"Balloon Dance","Label":"Manufacturer","Locale":"es_ES"}},"Title":{"DisplayValue":"Globos NúMero 1 Color Crema, 40 Pulgadas, Color Beige Y Blanco, 1 Globos Con Globos De CorazóN Y Globos Blancos De Arena De Albaricoque Retro Para Decoraciones De CumpleañOs, NiñOs, NiñAs, Baby Shower","Label":"Title","Locale":"es_ES"}},"Offers":{"Summaries":[{"Condition":{"Value":"New"},"LowestPrice":{"Amount":8.99,"Currency":"EUR","DisplayAmount":"8,99 €"}}]}},{"ASIN":"B07VDPYZ7Z","DetailPageURL":"https://www.amazon.es/dp/B07VDPYZ7Z?tag=topinalambricos-21&linkCode=osi&th=1&psc=1","Images":{"Primary":{"Small":{"Height":75,"URL":"https://m.media-amazon.com/images/I/51wn7d1-xjL._SL75_.jpg","Width":75}}},"ItemInfo":{"ByLineInfo":{"Brand":{"DisplayValue":"a ray of sunshine","Label":"Brand","Locale":"es_ES"},"Manufacturer":{"DisplayValue":"a ray of sunshine","Label":"Manufacturer","Locale":"es_ES"}},"Title":{"DisplayValue":"a ray of sunshine 30 Piezas Globos de corazón de 18 Pulgadas, Globo de lámina de corazón, Globos de Helio en Forma de corazón para Fiesta, cumpleaños, día de San Valentín, Boda, Compromiso. (Plata)","Label":"Title","Locale":"es_ES"}},"Offers":{"Summaries":[{"Condition":{"Value":"New"},"LowestPrice":{"Amount":12.99,"Currency":"EUR","DisplayAmount":"12,99 €"}}]}},{"ASIN":"B0CF86ML9W","DetailPageURL":"https://www.amazon.es/dp/B0CF86ML9W?tag=topinalambricos-21&linkCode=osi&th=1&psc=1","Images":{"Primary":{"Small":{"Height":75,"URL":"https://m.media-amazon.com/images/I/31PXeqLoCjL._SL75_.jpg","Width":75}}},"ItemInfo":{"ByLineInfo":{"Brand":{"DisplayValue":"LUKIUP","Label":"Brand","Locale":"es_ES"},"Manufacturer":{"DisplayValue":"KAISBANG","Label":"Manufacturer","Locale":"es_ES"}},"Title":{"DisplayValue":"50 Pcs Globos corazon Blanco, 12 Pulgadas Blanco Globo en Forma de Corazón, Corazón Globo Helio, Decoraciones de San ValentíN para el Día de San Valentín, Boda, Fiesta de Cumpleaños, Decoración","Label":"Title","Locale":"es_ES"}},"Offers":{"Summaries":[{"Condition":{"Value":"New"},"LowestPrice":{"Amount":6.99,"Currency":"EUR","DisplayAmount":"6,99 €"}}]}},{"ASIN":"B08PDBXK49","DetailPageURL":"https://www.amazon.es/dp/B08PDBXK49?tag=topinalambricos-21&linkCode=osi&th=1&psc=1","Images":{"Primary":{"Small":{"Height":75,"URL":"https://m.media-amazon.com/images/I/51S4rWTsxCL._SL75_.jpg","Width":75}}},"ItemInfo":{"ByLineInfo":{"Brand":{"DisplayValue":"Yisscen","Label":"Brand","Locale":"es_ES"},"Manufacturer":{"DisplayValue":"Yisscen","Label":"Manufacturer","Locale":"es_ES"}},"Title":{"DisplayValue":"Yisscen Globos Papel de Aluminio 25 PCS Globos de Corazón Rojo 18 Pulgadas Globos de Cumpleaños Inflable para Fiesta, San Valentín, Boda, Compromiso","Label":"Title","Locale":"es_ES"}},"Offers":{"Summaries":[{"Condition":{"Value":"New"},"LowestPrice":{"Amount":14.99,"Currency":"EUR","DisplayAmount":"14,99 €"}}]}},{"ASIN":"B07WRRCJP7","DetailPageURL":"https://www.amazon.es/dp/B07WRRCJP7?tag=topinalambricos-21&linkCode=osi&th=1&psc=1","Images":{"Primary":{"Small":{"Height":75,"URL":"https://m.media-amazon.com/images/I/51MhT785pyL._SL75_.jpg","Width":75}}},"ItemInfo":{"ByLineInfo":{"Brand":{"DisplayValue":"DIWULI","Label":"Brand","Locale":"es_ES"},"Manufacturer":{"DisplayValue":"DIWULI","Label":"Manufacturer","Locale":"es_ES"}},"Title":{"DisplayValue":"DIWULI Globo Gigante de Corazón XXL Rojo, Globo en Forma de Corazón dentro de hueco, Globo de Corazón Noble, Globo de Corazón, Globo de Papel de Aluminio de Corazón, Globo de Papel de Aluminio","Label":"Title","Locale":"es_ES"}},"Offers":{"Summaries":[{"Condition":{"Value":"New"},"LowestPrice":{"Amount":6.99,"Currency":"EUR","DisplayAmount":"6,99 €"}}]}},{"ASIN":"B0CFHKGDCJ","DetailPageURL":"https://www.amazon.es/dp/B0CFHKGDCJ?tag=topinalambricos-21&linkCode=osi&th=1&psc=1","Images":{"Primary":{"Small":{"Height":75,"URL":"https://m.media-amazon.com/images/I/51oteXDRCoL._SL75_.jpg","Width":75}}},"ItemInfo":{"ByLineInfo":{"Brand":{"DisplayValue":"BOXOB","Label":"Brand","Locale":"es_ES"},"Manufacturer":{"DisplayValue":"BOXOB","Label":"Manufacturer","Locale":"es_ES"}},"Title":{"DisplayValue":"50pcs Globos en Forma de Corazón, 1,27cm Mini Globos de Aluminio Cumpleaños Globos de Corazones Pequeños para Boda Baby Shower Decoración de Fiesta de Cumpleaños (Color Mixto)","Label":"Title","Locale":"es_ES"}},"Offers":{"Summaries":[{"Condition":{"Value":"New"},"LowestPrice":{"Amount":8.99,"Currency":"EUR","DisplayAmount":"8,99 € (0,18 € / unidad)","PricePerUnit":0.18}}]}}],"SearchURL":"https://www.amazon.es/s?k=corazon&rh=n%3A1641834031%2Cp_n_availability%3A-1&tag=topinalambricos-21&linkCode=osi","TotalResultCount":1000}},"15":{"SearchResult":{"Items":[{"ASIN":"B09G4GZHMK","DetailPageURL":"https://www.amazon.es/dp/B09G4GZHMK?tag=topinalambricos-21&linkCode=osi&th=1&psc=1","Images":{"Primary":{"Small":{"Height":75,"URL":"https://m.media-amazon.com/images/I/51YR7ME3yKL._SL75_.jpg","Width":75}}},"ItemInfo":{"ByLineInfo":{"Brand":{"DisplayValue":"Jonami","Label":"Brand","Locale":"es_ES"},"Manufacturer":{"DisplayValue":"Jonami","Label":"Manufacturer","Locale":"es_ES"}},"Title":{"DisplayValue":"Kit Romántico de Velas y Pétalos. 50 Velas en Forma de Corazón + 1000 Pétalos de Rosa Roja de Seda + 5 Globos Corazón Rojo - Decoración para Bodas, San Valentín y Compromiso","Label":"Title","Locale":"es_ES"}},"Offers":{"Summaries":[{"Condition":{"Value":"New"},"LowestPrice":{"Amount":11.99,"Currency":"EUR","DisplayAmount":"11,99 €"}}]}},{"ASIN":"B0B7B8381P","DetailPageURL":"https://www.amazon.es/dp/B0B7B8381P?tag=topinalambricos-21&linkCode=osi&th=1&psc=1","Images":{"Primary":{"Small":{"Height":75,"URL":"https://m.media-amazon.com/images/I/41pL11YIo4L._SL75_.jpg","Width":75}}},"ItemInfo":{"ByLineInfo":{"Brand":{"DisplayValue":"YOUYIKE","Label":"Brand","Locale":"es_ES"},"Manufacturer":{"DisplayValue":"Yanniler-EU","Label":"Manufacturer","Locale":"es_ES"}},"Title":{"DisplayValue":"50 Pcs Globos de Corazón Rojo, 10 Pulgada Globos Corazon, Globos de Latex con Forma de Corazon, Corazón Globo Helio para Boda, Cumpleaños, Baby Shower, Aniversario Decoracion","Label":"Title","Locale":"es_ES"}},"Offers":{"Summaries":[{"Condition":{"Value":"New"},"LowestPrice":{"Amount":7.99,"Currency":"EUR","DisplayAmount":"7,99 € (0,16 € / unidad)","PricePerUnit":0.16}}]}},{"ASIN":"B0CFQG6CJP","DetailPageURL":"https://www.amazon.es/dp/B0CFQG6CJP?tag=topinalambricos-21&linkCode=osi&th=1&psc=1","Images":{"Primary":{"Small":{"Height":75,"URL":"https://m.media-amazon.com/images/I/41gMTHOtF3L._SL75_.jpg","Width":75}}},"ItemInfo":{"ByLineInfo":{"Brand":{"DisplayValue":"QIMMU","Label":"Brand","Locale":"es_ES"},"Manufacturer":{"DisplayValue":"QIMMU","Label":"Manufacturer","Locale":"es_ES"}},"Title":{"DisplayValue":"30 Piezas Globos Corazon,Globos Corazon Rojo, Globos de Latex con Forma de Corazon,Globos de Corazon para Boda,Cumpleaños,de Ceremonia Decoracion","Label":"Title","Locale":"es_ES"}},"Offers":{"Summaries":[{"Condition":{"Value":"New"},"LowestPrice":{"Amount":7.99,"Currency":"EUR","DisplayAmount":"7,99 € (0,27 € / unidad)","PricePerUnit":0.27}}]}},{"ASIN":"B0C6H5SBXS","DetailPageURL":"https://www.amazon.es/dp/B0C6H5SBXS?tag=topinalambricos-21&linkCode=osi&th=1&psc=1","Images":{"Primary":{"Small":{"Height":75,"URL":"https://m.media-amazon.com/images/I/513r3K8Rp8L._SL75_.jpg","Width":75}}},"ItemInfo":{"ByLineInfo":{"Brand":{"DisplayValue":"YOUYIKE","Label":"Brand","Locale":"es_ES"},"Manufacturer":{"DisplayValue":"Unique'store","Label":"Manufacturer","Locale":"es_ES"}},"Title":{"DisplayValue":"50 Pcs Globos corazon Azul, 12 Pulgadas Globo en Forma de Corazón, Corazón Globo Helio, Decoraciones de San ValentíN para el Día de San Valentín, Boda, Fiesta de Cumpleaños, Decoración","Label":"Title","Locale":"es_ES"}},"Offers":{"Summaries":[{"Condition":{"Value":"New"},"LowestPrice":{"Amount":7.89,"Currency":"EUR","DisplayAmount":"7,89 €"}}]}},{"ASIN":"B0C1ZN95YQ","DetailPageURL":"https://www.amazon.es/dp/B0C1ZN95YQ?tag=topinalambricos-21&linkCode=osi&th=1&psc=1","Images":{"Primary":{"Small":{"Height":75,"URL":"https://m.media-amazon.com/images/I/31-KOIjo5qL._SL75_.jpg","Width":75}}},"ItemInfo":{"ByLineInfo":{"Brand":{"DisplayValue":"Balloon Dance","Label":"Brand","Locale":"es_ES"},"Manufacturer":{"DisplayValue":"Balloon Dance","Label":"Manufacturer","Locale":"es_ES"}},"Title":{"DisplayValue":"Globos NúMero 1 Color Crema, 40 Pulgadas, Color Beige Y Blanco, 1 Globos Con Globos De CorazóN Y Globos Blancos De Arena De Albaricoque Retro Para Decoraciones De CumpleañOs, NiñOs, NiñAs, Baby Shower","Label":"Title","Locale":"es_ES"}},"Offers":{"Summaries":[{"Condition":{"Value":"New"},"LowestPrice":{"Amount":8.99,"Currency":"EUR","DisplayAmount":"8,99 €"}}]}},{"ASIN":"B07VDPYZ7Z","DetailPageURL":"https://www.amazon.es/dp/B07VDPYZ7Z?tag=topinalambricos-21&linkCode=osi&th=1&psc=1","Images":{"Primary":{"Small":{"Height":75,"URL":"https://m.media-amazon.com/images/I/51wn7d1-xjL._SL75_.jpg","Width":75}}},"ItemInfo":{"ByLineInfo":{"Brand":{"DisplayValue":"a ray of sunshine","Label":"Brand","Locale":"es_ES"},"Manufacturer":{"DisplayValue":"a ray of sunshine","Label":"Manufacturer","Locale":"es_ES"}},"Title":{"DisplayValue":"a ray of sunshine 30 Piezas Globos de corazón de 18 Pulgadas, Globo de lámina de corazón, Globos de Helio en Forma de corazón para Fiesta, cumpleaños, día de San Valentín, Boda, Compromiso. (Plata)","Label":"Title","Locale":"es_ES"}},"Offers":{"Summaries":[{"Condition":{"Value":"New"},"LowestPrice":{"Amount":12.99,"Currency":"EUR","DisplayAmount":"12,99 €"}}]}},{"ASIN":"B0CF86ML9W","DetailPageURL":"https://www.amazon.es/dp/B0CF86ML9W?tag=topinalambricos-21&linkCode=osi&th=1&psc=1","Images":{"Primary":{"Small":{"Height":75,"URL":"https://m.media-amazon.com/images/I/31PXeqLoCjL._SL75_.jpg","Width":75}}},"ItemInfo":{"ByLineInfo":{"Brand":{"DisplayValue":"LUKIUP","Label":"Brand","Locale":"es_ES"},"Manufacturer":{"DisplayValue":"KAISBANG","Label":"Manufacturer","Locale":"es_ES"}},"Title":{"DisplayValue":"50 Pcs Globos corazon Blanco, 12 Pulgadas Blanco Globo en Forma de Corazón, Corazón Globo Helio, Decoraciones de San ValentíN para el Día de San Valentín, Boda, Fiesta de Cumpleaños, Decoración","Label":"Title","Locale":"es_ES"}},"Offers":{"Summaries":[{"Condition":{"Value":"New"},"LowestPrice":{"Amount":6.99,"Currency":"EUR","DisplayAmount":"6,99 €"}}]}},{"ASIN":"B08PDBXK49","DetailPageURL":"https://www.amazon.es/dp/B08PDBXK49?tag=topinalambricos-21&linkCode=osi&th=1&psc=1","Images":{"Primary":{"Small":{"Height":75,"URL":"https://m.media-amazon.com/images/I/51S4rWTsxCL._SL75_.jpg","Width":75}}},"ItemInfo":{"ByLineInfo":{"Brand":{"DisplayValue":"Yisscen","Label":"Brand","Locale":"es_ES"},"Manufacturer":{"DisplayValue":"Yisscen","Label":"Manufacturer","Locale":"es_ES"}},"Title":{"DisplayValue":"Yisscen Globos Papel de Aluminio 25 PCS Globos de Corazón Rojo 18 Pulgadas Globos de Cumpleaños Inflable para Fiesta, San Valentín, Boda, Compromiso","Label":"Title","Locale":"es_ES"}},"Offers":{"Summaries":[{"Condition":{"Value":"New"},"LowestPrice":{"Amount":14.99,"Currency":"EUR","DisplayAmount":"14,99 €"}}]}},{"ASIN":"B07WRRCJP7","DetailPageURL":"https://www.amazon.es/dp/B07WRRCJP7?tag=topinalambricos-21&linkCode=osi&th=1&psc=1","Images":{"Primary":{"Small":{"Height":75,"URL":"https://m.media-amazon.com/images/I/51MhT785pyL._SL75_.jpg","Width":75}}},"ItemInfo":{"ByLineInfo":{"Brand":{"DisplayValue":"DIWULI","Label":"Brand","Locale":"es_ES"},"Manufacturer":{"DisplayValue":"DIWULI","Label":"Manufacturer","Locale":"es_ES"}},"Title":{"DisplayValue":"DIWULI Globo Gigante de Corazón XXL Rojo, Globo en Forma de Corazón dentro de hueco, Globo de Corazón Noble, Globo de Corazón, Globo de Papel de Aluminio de Corazón, Globo de Papel de Aluminio","Label":"Title","Locale":"es_ES"}},"Offers":{"Summaries":[{"Condition":{"Value":"New"},"LowestPrice":{"Amount":6.99,"Currency":"EUR","DisplayAmount":"6,99 €"}}]}},{"ASIN":"B0CFHKGDCJ","DetailPageURL":"https://www.amazon.es/dp/B0CFHKGDCJ?tag=topinalambricos-21&linkCode=osi&th=1&psc=1","Images":{"Primary":{"Small":{"Height":75,"URL":"https://m.media-amazon.com/images/I/51oteXDRCoL._SL75_.jpg","Width":75}}},"ItemInfo":{"ByLineInfo":{"Brand":{"DisplayValue":"BOXOB","Label":"Brand","Locale":"es_ES"},"Manufacturer":{"DisplayValue":"BOXOB","Label":"Manufacturer","Locale":"es_ES"}},"Title":{"DisplayValue":"50pcs Globos en Forma de Corazón, 1,27cm Mini Globos de Aluminio Cumpleaños Globos de Corazones Pequeños para Boda Baby Shower Decoración de Fiesta de Cumpleaños (Color Mixto)","Label":"Title","Locale":"es_ES"}},"Offers":{"Summaries":[{"Condition":{"Value":"New"},"LowestPrice":{"Amount":8.99,"Currency":"EUR","DisplayAmount":"8,99 € (0,18 € / unidad)","PricePerUnit":0.18}}]}}],"SearchURL":"https://www.amazon.es/s?k=corazon&rh=n%3A1641834031%2Cp_n_availability%3A-1&tag=topinalambricos-21&linkCode=osi","TotalResultCount":1000}},"16":{"SearchResult":{"Items":[{"ASIN":"B09G4GZHMK","DetailPageURL":"https://www.amazon.es/dp/B09G4GZHMK?tag=topinalambricos-21&linkCode=osi&th=1&psc=1","Images":{"Primary":{"Small":{"Height":75,"URL":"https://m.media-amazon.com/images/I/51YR7ME3yKL._SL75_.jpg","Width":75}}},"ItemInfo":{"ByLineInfo":{"Brand":{"DisplayValue":"Jonami","Label":"Brand","Locale":"es_ES"},"Manufacturer":{"DisplayValue":"Jonami","Label":"Manufacturer","Locale":"es_ES"}},"Title":{"DisplayValue":"Kit Romántico de Velas y Pétalos. 50 Velas en Forma de Corazón + 1000 Pétalos de Rosa Roja de Seda + 5 Globos Corazón Rojo - Decoración para Bodas, San Valentín y Compromiso","Label":"Title","Locale":"es_ES"}},"Offers":{"Summaries":[{"Condition":{"Value":"New"},"LowestPrice":{"Amount":11.99,"Currency":"EUR","DisplayAmount":"11,99 €"}}]}},{"ASIN":"B0B7B8381P","DetailPageURL":"https://www.amazon.es/dp/B0B7B8381P?tag=topinalambricos-21&linkCode=osi&th=1&psc=1","Images":{"Primary":{"Small":{"Height":75,"URL":"https://m.media-amazon.com/images/I/41pL11YIo4L._SL75_.jpg","Width":75}}},"ItemInfo":{"ByLineInfo":{"Brand":{"DisplayValue":"YOUYIKE","Label":"Brand","Locale":"es_ES"},"Manufacturer":{"DisplayValue":"Yanniler-EU","Label":"Manufacturer","Locale":"es_ES"}},"Title":{"DisplayValue":"50 Pcs Globos de Corazón Rojo, 10 Pulgada Globos Corazon, Globos de Latex con Forma de Corazon, Corazón Globo Helio para Boda, Cumpleaños, Baby Shower, Aniversario Decoracion","Label":"Title","Locale":"es_ES"}},"Offers":{"Summaries":[{"Condition":{"Value":"New"},"LowestPrice":{"Amount":7.99,"Currency":"EUR","DisplayAmount":"7,99 € (0,16 € / unidad)","PricePerUnit":0.16}}]}},{"ASIN":"B0CFQG6CJP","DetailPageURL":"https://www.amazon.es/dp/B0CFQG6CJP?tag=topinalambricos-21&linkCode=osi&th=1&psc=1","Images":{"Primary":{"Small":{"Height":75,"URL":"https://m.media-amazon.com/images/I/41gMTHOtF3L._SL75_.jpg","Width":75}}},"ItemInfo":{"ByLineInfo":{"Brand":{"DisplayValue":"QIMMU","Label":"Brand","Locale":"es_ES"},"Manufacturer":{"DisplayValue":"QIMMU","Label":"Manufacturer","Locale":"es_ES"}},"Title":{"DisplayValue":"30 Piezas Globos Corazon,Globos Corazon Rojo, Globos de Latex con Forma de Corazon,Globos de Corazon para Boda,Cumpleaños,de Ceremonia Decoracion","Label":"Title","Locale":"es_ES"}},"Offers":{"Summaries":[{"Condition":{"Value":"New"},"LowestPrice":{"Amount":7.99,"Currency":"EUR","DisplayAmount":"7,99 € (0,27 € / unidad)","PricePerUnit":0.27}}]}},{"ASIN":"B0C6H5SBXS","DetailPageURL":"https://www.amazon.es/dp/B0C6H5SBXS?tag=topinalambricos-21&linkCode=osi&th=1&psc=1","Images":{"Primary":{"Small":{"Height":75,"URL":"https://m.media-amazon.com/images/I/513r3K8Rp8L._SL75_.jpg","Width":75}}},"ItemInfo":{"ByLineInfo":{"Brand":{"DisplayValue":"YOUYIKE","Label":"Brand","Locale":"es_ES"},"Manufacturer":{"DisplayValue":"Unique'store","Label":"Manufacturer","Locale":"es_ES"}},"Title":{"DisplayValue":"50 Pcs Globos corazon Azul, 12 Pulgadas Globo en Forma de Corazón, Corazón Globo Helio, Decoraciones de San ValentíN para el Día de San Valentín, Boda, Fiesta de Cumpleaños, Decoración","Label":"Title","Locale":"es_ES"}},"Offers":{"Summaries":[{"Condition":{"Value":"New"},"LowestPrice":{"Amount":7.89,"Currency":"EUR","DisplayAmount":"7,89 €"}}]}},{"ASIN":"B0C1ZN95YQ","DetailPageURL":"https://www.amazon.es/dp/B0C1ZN95YQ?tag=topinalambricos-21&linkCode=osi&th=1&psc=1","Images":{"Primary":{"Small":{"Height":75,"URL":"https://m.media-amazon.com/images/I/31-KOIjo5qL._SL75_.jpg","Width":75}}},"ItemInfo":{"ByLineInfo":{"Brand":{"DisplayValue":"Balloon Dance","Label":"Brand","Locale":"es_ES"},"Manufacturer":{"DisplayValue":"Balloon Dance","Label":"Manufacturer","Locale":"es_ES"}},"Title":{"DisplayValue":"Globos NúMero 1 Color Crema, 40 Pulgadas, Color Beige Y Blanco, 1 Globos Con Globos De CorazóN Y Globos Blancos De Arena De Albaricoque Retro Para Decoraciones De CumpleañOs, NiñOs, NiñAs, Baby Shower","Label":"Title","Locale":"es_ES"}},"Offers":{"Summaries":[{"Condition":{"Value":"New"},"LowestPrice":{"Amount":8.99,"Currency":"EUR","DisplayAmount":"8,99 €"}}]}},{"ASIN":"B07VDPYZ7Z","DetailPageURL":"https://www.amazon.es/dp/B07VDPYZ7Z?tag=topinalambricos-21&linkCode=osi&th=1&psc=1","Images":{"Primary":{"Small":{"Height":75,"URL":"https://m.media-amazon.com/images/I/51wn7d1-xjL._SL75_.jpg","Width":75}}},"ItemInfo":{"ByLineInfo":{"Brand":{"DisplayValue":"a ray of sunshine","Label":"Brand","Locale":"es_ES"},"Manufacturer":{"DisplayValue":"a ray of sunshine","Label":"Manufacturer","Locale":"es_ES"}},"Title":{"DisplayValue":"a ray of sunshine 30 Piezas Globos de corazón de 18 Pulgadas, Globo de lámina de corazón, Globos de Helio en Forma de corazón para Fiesta, cumpleaños, día de San Valentín, Boda, Compromiso. (Plata)","Label":"Title","Locale":"es_ES"}},"Offers":{"Summaries":[{"Condition":{"Value":"New"},"LowestPrice":{"Amount":12.99,"Currency":"EUR","DisplayAmount":"12,99 €"}}]}},{"ASIN":"B0CF86ML9W","DetailPageURL":"https://www.amazon.es/dp/B0CF86ML9W?tag=topinalambricos-21&linkCode=osi&th=1&psc=1","Images":{"Primary":{"Small":{"Height":75,"URL":"https://m.media-amazon.com/images/I/31PXeqLoCjL._SL75_.jpg","Width":75}}},"ItemInfo":{"ByLineInfo":{"Brand":{"DisplayValue":"LUKIUP","Label":"Brand","Locale":"es_ES"},"Manufacturer":{"DisplayValue":"KAISBANG","Label":"Manufacturer","Locale":"es_ES"}},"Title":{"DisplayValue":"50 Pcs Globos corazon Blanco, 12 Pulgadas Blanco Globo en Forma de Corazón, Corazón Globo Helio, Decoraciones de San ValentíN para el Día de San Valentín, Boda, Fiesta de Cumpleaños, Decoración","Label":"Title","Locale":"es_ES"}},"Offers":{"Summaries":[{"Condition":{"Value":"New"},"LowestPrice":{"Amount":6.99,"Currency":"EUR","DisplayAmount":"6,99 €"}}]}},{"ASIN":"B08PDBXK49","DetailPageURL":"https://www.amazon.es/dp/B08PDBXK49?tag=topinalambricos-21&linkCode=osi&th=1&psc=1","Images":{"Primary":{"Small":{"Height":75,"URL":"https://m.media-amazon.com/images/I/51S4rWTsxCL._SL75_.jpg","Width":75}}},"ItemInfo":{"ByLineInfo":{"Brand":{"DisplayValue":"Yisscen","Label":"Brand","Locale":"es_ES"},"Manufacturer":{"DisplayValue":"Yisscen","Label":"Manufacturer","Locale":"es_ES"}},"Title":{"DisplayValue":"Yisscen Globos Papel de Aluminio 25 PCS Globos de Corazón Rojo 18 Pulgadas Globos de Cumpleaños Inflable para Fiesta, San Valentín, Boda, Compromiso","Label":"Title","Locale":"es_ES"}},"Offers":{"Summaries":[{"Condition":{"Value":"New"},"LowestPrice":{"Amount":14.99,"Currency":"EUR","DisplayAmount":"14,99 €"}}]}},{"ASIN":"B07WRRCJP7","DetailPageURL":"https://www.amazon.es/dp/B07WRRCJP7?tag=topinalambricos-21&linkCode=osi&th=1&psc=1","Images":{"Primary":{"Small":{"Height":75,"URL":"https://m.media-amazon.com/images/I/51MhT785pyL._SL75_.jpg","Width":75}}},"ItemInfo":{"ByLineInfo":{"Brand":{"DisplayValue":"DIWULI","Label":"Brand","Locale":"es_ES"},"Manufacturer":{"DisplayValue":"DIWULI","Label":"Manufacturer","Locale":"es_ES"}},"Title":{"DisplayValue":"DIWULI Globo Gigante de Corazón XXL Rojo, Globo en Forma de Corazón dentro de hueco, Globo de Corazón Noble, Globo de Corazón, Globo de Papel de Aluminio de Corazón, Globo de Papel de Aluminio","Label":"Title","Locale":"es_ES"}},"Offers":{"Summaries":[{"Condition":{"Value":"New"},"LowestPrice":{"Amount":6.99,"Currency":"EUR","DisplayAmount":"6,99 €"}}]}},{"ASIN":"B0CFHKGDCJ","DetailPageURL":"https://www.amazon.es/dp/B0CFHKGDCJ?tag=topinalambricos-21&linkCode=osi&th=1&psc=1","Images":{"Primary":{"Small":{"Height":75,"URL":"https://m.media-amazon.com/images/I/51oteXDRCoL._SL75_.jpg","Width":75}}},"ItemInfo":{"ByLineInfo":{"Brand":{"DisplayValue":"BOXOB","Label":"Brand","Locale":"es_ES"},"Manufacturer":{"DisplayValue":"BOXOB","Label":"Manufacturer","Locale":"es_ES"}},"Title":{"DisplayValue":"50pcs Globos en Forma de Corazón, 1,27cm Mini Globos de Aluminio Cumpleaños Globos de Corazones Pequeños para Boda Baby Shower Decoración de Fiesta de Cumpleaños (Color Mixto)","Label":"Title","Locale":"es_ES"}},"Offers":{"Summaries":[{"Condition":{"Value":"New"},"LowestPrice":{"Amount":8.99,"Currency":"EUR","DisplayAmount":"8,99 € (0,18 € / unidad)","PricePerUnit":0.18}}]}}],"SearchURL":"https://www.amazon.es/s?k=corazon&rh=n%3A1641834031%2Cp_n_availability%3A-1&tag=topinalambricos-21&linkCode=osi","TotalResultCount":1000}},"17":{"SearchResult":{"Items":[{"ASIN":"B08QD2LRZ6","DetailPageURL":"https://www.amazon.es/dp/B08QD2LRZ6?tag=topinalambricos-21&linkCode=osi&th=1&psc=1","Images":{"Primary":{"Small":{"Height":75,"URL":"https://m.media-amazon.com/images/I/31m32YV1YcL._SL75_.jpg","Width":75}}},"ItemInfo":{"ByLineInfo":{"Brand":{"DisplayValue":"Healifty","Label":"Brand","Locale":"es_ES"},"Manufacturer":{"DisplayValue":"Healifty","Label":"Manufacturer","Locale":"es_ES"}},"Title":{"DisplayValue":"Colgante de madera con forma de corazón creativo para colgar en la pared, decoración de la puerta, decoración de fiesta, regalos para boda, hogar, marca y nuevo","Label":"Title","Locale":"es_ES"}},"Offers":{"Summaries":[{"Condition":{"Value":"New"},"LowestPrice":{"Amount":9.54,"Currency":"EUR","DisplayAmount":"9,54 €"}}]}},{"ASIN":"B08VN52L3P","DetailPageURL":"https://www.amazon.es/dp/B08VN52L3P?tag=topinalambricos-21&linkCode=osi&th=1&psc=1","Images":{"Primary":{"Small":{"Height":75,"URL":"https://m.media-amazon.com/images/I/410ILRRdHlL._SL75_.jpg","Width":75}}},"ItemInfo":{"ByLineInfo":{"Brand":{"DisplayValue":"com-four","Label":"Brand","Locale":"es_ES"},"Manufacturer":{"DisplayValue":"com-four","Label":"Manufacturer","Locale":"es_ES"}},"Title":{"DisplayValue":"com-four® Soporte de decoración Premium corazón - Corazón Decorativo de Madera de Mango con Estrella de Metal (Corazón con Estrella)","Label":"Title","Locale":"es_ES"}},"Offers":{"Summaries":[{"Condition":{"Value":"New"},"LowestPrice":{"Amount":15.99,"Currency":"EUR","DisplayAmount":"15,99 €"}}]}},{"ASIN":"B094JSKKW9","DetailPageURL":"https://www.amazon.es/dp/B094JSKKW9?tag=topinalambricos-21&linkCode=osi&th=1&psc=1","Images":{"Primary":{"Small":{"Height":75,"URL":"https://m.media-amazon.com/images/I/51bB6AUSZ1L._SL75_.jpg","Width":75}}},"ItemInfo":{"ByLineInfo":{"Brand":{"DisplayValue":"BELLE VOUS","Label":"Brand","Locale":"es_ES"},"Manufacturer":{"DisplayValue":"BELLE VOUS","Label":"Manufacturer","Locale":"es_ES"}},"Title":{"DisplayValue":"Belle Vous Adornos Navidad para Colgar en el Árbol (Pack de 8) Adornos Cortados con Láser – 8 Escenas de Bosque Tradicional, Árbol de Navidad – Decoracion Arbol Madera - Estrella, Corazón y Regalos","Label":"Title","Locale":"es_ES"}},"Offers":{"Summaries":[{"Condition":{"Value":"New"},"LowestPrice":{"Amount":12.49,"Currency":"EUR","DisplayAmount":"12,49 € (12.490,00 € / kg)","PricePerUnit":12490.0}}]}},{"ASIN":"B09S3WRKRQ","DetailPageURL":"https://www.amazon.es/dp/B09S3WRKRQ?tag=topinalambricos-21&linkCode=osi&th=1&psc=1","Images":{"Primary":{"Small":{"Height":75,"URL":"https://m.media-amazon.com/images/I/51zgKnq381L._SL75_.jpg","Width":75}}},"ItemInfo":{"ByLineInfo":{"Brand":{"DisplayValue":"Crocowood","Label":"Brand","Locale":"es_ES"},"Manufacturer":{"DisplayValue":"Crocowood","Label":"Manufacturer","Locale":"es_ES"}},"Title":{"DisplayValue":"20 UND Corazón de Madera sin Acabar – 10 cm Corazones Madera para Colgar Adornos con Agujero – Decoración para Bodas y Fiestas – Corazon Madera para Manualidades Corazón en Blanco","Label":"Title","Locale":"es_ES"}},"Offers":{"Summaries":[{"Condition":{"Value":"New"},"LowestPrice":{"Amount":9.49,"Currency":"EUR","DisplayAmount":"9,49 € (56,83 € / kg)","PricePerUnit":56.83}}]}},{"ASIN":"B09NRPWXLL","DetailPageURL":"https://www.amazon.es/dp/B09NRPWXLL?tag=topinalambricos-21&linkCode=osi&th=1&psc=1","Images":{"Primary":{"Small":{"Height":75,"URL":"https://m.media-amazon.com/images/I/51ELNoDJ+JL._SL75_.jpg","Width":75}}},"ItemInfo":{"ByLineInfo":{"Brand":{"DisplayValue":"WANDIC","Label":"Brand","Locale":"es_ES"},"Manufacturer":{"DisplayValue":"WANDIC","Label":"Manufacturer","Locale":"es_ES"}},"Title":{"DisplayValue":"WANDIC Adorno de corazón con forma de bolas de corazón, 48 piezas, colgante de corazón, decoración colgante para el día de San Valentín, boda, aniversario, decoración de color mixto","Label":"Title","Locale":"es_ES"}},"Offers":{"Summaries":[{"Condition":{"Value":"New"},"LowestPrice":{"Amount":21.69,"Currency":"EUR","DisplayAmount":"21,69 €"}}]}},{"ASIN":"B07QD2C2GC","DetailPageURL":"https://www.amazon.es/dp/B07QD2C2GC?tag=topinalambricos-21&linkCode=osi&th=1&psc=1","Images":{"Primary":{"Small":{"Height":75,"URL":"https://m.media-amazon.com/images/I/41lxJWs+oaL._SL75_.jpg","Width":75}}},"ItemInfo":{"ByLineInfo":{"Brand":{"DisplayValue":"Kassis Geschenkartikel","Label":"Brand","Locale":"es_ES"},"Manufacturer":{"DisplayValue":"KASSIS","Label":"Manufacturer","Locale":"es_ES"}},"Title":{"DisplayValue":"KASSIS Corazones de Madera de Olivo para Novios, para el Día de San Valentín, Aniversario, Aniversario de Boda, Cumpleaños - Corazones de Madera Conectados - Regalo de Boda - (5 cm)","Label":"Title","Locale":"es_ES"}},"Offers":{"Summaries":[{"Condition":{"Value":"New"},"LowestPrice":{"Amount":11.9,"Currency":"EUR","DisplayAmount":"11,90 €"}}]}},{"ASIN":"B0BG5GWDCY","DetailPageURL":"https://www.amazon.es/dp/B0BG5GWDCY?tag=topinalambricos-21&linkCode=osi&th=1&psc=1","Images":{"Primary":{"Small":{"Height":75,"URL":"https://m.media-amazon.com/images/I/41gwMO-XE3L._SL75_.jpg","Width":75}}},"ItemInfo":{"ByLineInfo":{"Brand":{"DisplayValue":"Logbuch-Verlag","Label":"Brand","Locale":"es_ES"},"Manufacturer":{"DisplayValue":"Jeanette Dietl","Label":"Manufacturer","Locale":"es_ES"}},"Title":{"DisplayValue":"Logbuch-Verlag 6 pequeños corazones de metal plateados para colgar en forma de corazón, decoración de boda, decoración de árbol de Navidad, 5,5 cm","Label":"Title","Locale":"es_ES"}},"Offers":{"Summaries":[{"Condition":{"Value":"New"},"LowestPrice":{"Amount":13.9,"Currency":"EUR","DisplayAmount":"13,90 €"}}]}},{"ASIN":"B08SJ9RWMY","DetailPageURL":"https://www.amazon.es/dp/B08SJ9RWMY?tag=topinalambricos-21&linkCode=osi&th=1&psc=1","Images":{"Primary":{"Small":{"Height":75,"URL":"https://m.media-amazon.com/images/I/41KebPkoAOL._SL75_.jpg","Width":56}}},"ItemInfo":{"ByLineInfo":{"Brand":{"DisplayValue":"Marzoon","Label":"Brand","Locale":"es_ES"},"Manufacturer":{"DisplayValue":"Wurm","Label":"Manufacturer","Locale":"es_ES"}},"Title":{"DisplayValue":"Marzoon 2 colgantes de madera con forma de corazón de 10 x 9,5 cm, corazones de madera maciza, para colgar, decoración de boda","Label":"Title","Locale":"es_ES"}},"Offers":{"Summaries":[{"Condition":{"Value":"New"},"LowestPrice":{"Amount":18.45,"Currency":"EUR","DisplayAmount":"18,45 €"}}]}},{"ASIN":"B08NVYDGYG","DetailPageURL":"https://www.amazon.es/dp/B08NVYDGYG?tag=topinalambricos-21&linkCode=osi&th=1&psc=1","Images":{"Primary":{"Small":{"Height":75,"URL":"https://m.media-amazon.com/images/I/41iOzpZS+eL._SL75_.jpg","Width":75}}},"ItemInfo":{"ByLineInfo":{"Brand":{"DisplayValue":"LolaPix","Label":"Brand","Locale":"es_ES"},"Manufacturer":{"DisplayValue":"LolaPix","Label":"Manufacturer","Locale":"es_ES"}},"Title":{"DisplayValue":"Corazón de Madera Personalizado con Nombre. Regalos de Madera Personalizados. Decoración Personalizada con Nombre.","Label":"Title","Locale":"es_ES"}},"Offers":{"Summaries":[{"Condition":{"Value":"New"},"LowestPrice":{"Amount":10.95,"Currency":"EUR","DisplayAmount":"10,95 €"}}]}},{"ASIN":"B07NGTWD5L","DetailPageURL":"https://www.amazon.es/dp/B07NGTWD5L?tag=topinalambricos-21&linkCode=osi&th=1&psc=1","Images":{"Primary":{"Small":{"Height":71,"URL":"https://m.media-amazon.com/images/I/410Y9DrhCGL._SL75_.jpg","Width":75}}},"ItemInfo":{"ByLineInfo":{"Brand":{"DisplayValue":"Spetebo","Label":"Brand","Locale":"es_ES"},"Manufacturer":{"DisplayValue":"Spetebo","Label":"Manufacturer","Locale":"es_ES"}},"Title":{"DisplayValue":"Spetebo Figura decorativa de corazón de plata, 20 x 18 x 6 cm, diseño de corazón doble","Label":"Title","Locale":"es_ES"}},"Offers":{"Summaries":[{"Condition":{"Value":"New"},"LowestPrice":{"Amount":18.95,"Currency":"EUR","DisplayAmount":"18,95 €"}}]}}],"SearchURL":"https://www.amazon.es/s?k=corazon+decoracion&rh=n%3A2844263031%2Cp_n_availability%3A-1&tag=topinalambricos-21&linkCode=osi","TotalResultCount":1000}},"18":{"SearchResult":{"Items":[{"ASIN":"B08QD2LRZ6","DetailPageURL":"https://www.amazon.es/dp/B08QD2LRZ6?tag=topinalambricos-21&linkCode=osi&th=1&psc=1","Images":{"Primary":{"Small":{"Height":75,"URL":"https://m.media-amazon.com/images/I/31m32YV1YcL._SL75_.jpg","Width":75}}},"ItemInfo":{"ByLineInfo":{"Brand":{"DisplayValue":"Healifty","Label":"Brand","Locale":"es_ES"},"Manufacturer":{"DisplayValue":"Healifty","Label":"Manufacturer","Locale":"es_ES"}},"Title":{"DisplayValue":"Colgante de madera con forma de corazón creativo para colgar en la pared, decoración de la puerta, decoración de fiesta, regalos para boda, hogar, marca y nuevo","Label":"Title","Locale":"es_ES"}},"Offers":{"Summaries":[{"Condition":{"Value":"New"},"LowestPrice":{"Amount":9.54,"Currency":"EUR","DisplayAmount":"9,54 €"}}]}},{"ASIN":"B08VN52L3P","DetailPageURL":"https://www.amazon.es/dp/B08VN52L3P?tag=topinalambricos-21&linkCode=osi&th=1&psc=1","Images":{"Primary":{"Small":{"Height":75,"URL":"https://m.media-amazon.com/images/I/410ILRRdHlL._SL75_.jpg","Width":75}}},"ItemInfo":{"ByLineInfo":{"Brand":{"DisplayValue":"com-four","Label":"Brand","Locale":"es_ES"},"Manufacturer":{"DisplayValue":"com-four","Label":"Manufacturer","Locale":"es_ES"}},"Title":{"DisplayValue":"com-four® Soporte de decoración Premium corazón - Corazón Decorativo de Madera de Mango con Estrella de Metal (Corazón con Estrella)","Label":"Title","Locale":"es_ES"}},"Offers":{"Summaries":[{"Condition":{"Value":"New"},"LowestPrice":{"Amount":15.99,"Currency":"EUR","DisplayAmount":"15,99 €"}}]}},{"ASIN":"B094JSKKW9","DetailPageURL":"https://www.amazon.es/dp/B094JSKKW9?tag=topinalambricos-21&linkCode=osi&th=1&psc=1","Images":{"Primary":{"Small":{"Height":75,"URL":"https://m.media-amazon.com/images/I/51bB6AUSZ1L._SL75_.jpg","Width":75}}},"ItemInfo":{"ByLineInfo":{"Brand":{"DisplayValue":"BELLE VOUS","Label":"Brand","Locale":"es_ES"},"Manufacturer":{"DisplayValue":"BELLE VOUS","Label":"Manufacturer","Locale":"es_ES"}},"Title":{"DisplayValue":"Belle Vous Adornos Navidad para Colgar en el Árbol (Pack de 8) Adornos Cortados con Láser – 8 Escenas de Bosque Tradicional, Árbol de Navidad – Decoracion Arbol Madera - Estrella, Corazón y Regalos","Label":"Title","Locale":"es_ES"}},"Offers":{"Summaries":[{"Condition":{"Value":"New"},"LowestPrice":{"Amount":12.49,"Currency":"EUR","DisplayAmount":"12,49 € (12.490,00 € / kg)","PricePerUnit":12490.0}}]}},{"ASIN":"B09S3WRKRQ","DetailPageURL":"https://www.amazon.es/dp/B09S3WRKRQ?tag=topinalambricos-21&linkCode=osi&th=1&psc=1","Images":{"Primary":{"Small":{"Height":75,"URL":"https://m.media-amazon.com/images/I/51zgKnq381L._SL75_.jpg","Width":75}}},"ItemInfo":{"ByLineInfo":{"Brand":{"DisplayValue":"Crocowood","Label":"Brand","Locale":"es_ES"},"Manufacturer":{"DisplayValue":"Crocowood","Label":"Manufacturer","Locale":"es_ES"}},"Title":{"DisplayValue":"20 UND Corazón de Madera sin Acabar – 10 cm Corazones Madera para Colgar Adornos con Agujero – Decoración para Bodas y Fiestas – Corazon Madera para Manualidades Corazón en Blanco","Label":"Title","Locale":"es_ES"}},"Offers":{"Summaries":[{"Condition":{"Value":"New"},"LowestPrice":{"Amount":9.49,"Currency":"EUR","DisplayAmount":"9,49 € (56,83 € / kg)","PricePerUnit":56.83}}]}},{"ASIN":"B09NRPWXLL","DetailPageURL":"https://www.amazon.es/dp/B09NRPWXLL?tag=topinalambricos-21&linkCode=osi&th=1&psc=1","Images":{"Primary":{"Small":{"Height":75,"URL":"https://m.media-amazon.com/images/I/51ELNoDJ+JL._SL75_.jpg","Width":75}}},"ItemInfo":{"ByLineInfo":{"Brand":{"DisplayValue":"WANDIC","Label":"Brand","Locale":"es_ES"},"Manufacturer":{"DisplayValue":"WANDIC","Label":"Manufacturer","Locale":"es_ES"}},"Title":{"DisplayValue":"WANDIC Adorno de corazón con forma de bolas de corazón, 48 piezas, colgante de corazón, decoración colgante para el día de San Valentín, boda, aniversario, decoración de color mixto","Label":"Title","Locale":"es_ES"}},"Offers":{"Summaries":[{"Condition":{"Value":"New"},"LowestPrice":{"Amount":21.69,"Currency":"EUR","DisplayAmount":"21,69 €"}}]}},{"ASIN":"B07QD2C2GC","DetailPageURL":"https://www.amazon.es/dp/B07QD2C2GC?tag=topinalambricos-21&linkCode=osi&th=1&psc=1","Images":{"Primary":{"Small":{"Height":75,"URL":"https://m.media-amazon.com/images/I/41lxJWs+oaL._SL75_.jpg","Width":75}}},"ItemInfo":{"ByLineInfo":{"Brand":{"DisplayValue":"Kassis Geschenkartikel","Label":"Brand","Locale":"es_ES"},"Manufacturer":{"DisplayValue":"KASSIS","Label":"Manufacturer","Locale":"es_ES"}},"Title":{"DisplayValue":"KASSIS Corazones de Madera de Olivo para Novios, para el Día de San Valentín, Aniversario, Aniversario de Boda, Cumpleaños - Corazones de Madera Conectados - Regalo de Boda - (5 cm)","Label":"Title","Locale":"es_ES"}},"Offers":{"Summaries":[{"Condition":{"Value":"New"},"LowestPrice":{"Amount":11.9,"Currency":"EUR","DisplayAmount":"11,90 €"}}]}},{"ASIN":"B0BG5GWDCY","DetailPageURL":"https://www.amazon.es/dp/B0BG5GWDCY?tag=topinalambricos-21&linkCode=osi&th=1&psc=1","Images":{"Primary":{"Small":{"Height":75,"URL":"https://m.media-amazon.com/images/I/41gwMO-XE3L._SL75_.jpg","Width":75}}},"ItemInfo":{"ByLineInfo":{"Brand":{"DisplayValue":"Logbuch-Verlag","Label":"Brand","Locale":"es_ES"},"Manufacturer":{"DisplayValue":"Jeanette Dietl","Label":"Manufacturer","Locale":"es_ES"}},"Title":{"DisplayValue":"Logbuch-Verlag 6 pequeños corazones de metal plateados para colgar en forma de corazón, decoración de boda, decoración de árbol de Navidad, 5,5 cm","Label":"Title","Locale":"es_ES"}},"Offers":{"Summaries":[{"Condition":{"Value":"New"},"LowestPrice":{"Amount":13.9,"Currency":"EUR","DisplayAmount":"13,90 €"}}]}},{"ASIN":"B08SJ9RWMY","DetailPageURL":"https://www.amazon.es/dp/B08SJ9RWMY?tag=topinalambricos-21&linkCode=osi&th=1&psc=1","Images":{"Primary":{"Small":{"Height":75,"URL":"https://m.media-amazon.com/images/I/41KebPkoAOL._SL75_.jpg","Width":56}}},"ItemInfo":{"ByLineInfo":{"Brand":{"DisplayValue":"Marzoon","Label":"Brand","Locale":"es_ES"},"Manufacturer":{"DisplayValue":"Wurm","Label":"Manufacturer","Locale":"es_ES"}},"Title":{"DisplayValue":"Marzoon 2 colgantes de madera con forma de corazón de 10 x 9,5 cm, corazones de madera maciza, para colgar, decoración de boda","Label":"Title","Locale":"es_ES"}},"Offers":{"Summaries":[{"Condition":{"Value":"New"},"LowestPrice":{"Amount":18.45,"Currency":"EUR","DisplayAmount":"18,45 €"}}]}},{"ASIN":"B08NVYDGYG","DetailPageURL":"https://www.amazon.es/dp/B08NVYDGYG?tag=topinalambricos-21&linkCode=osi&th=1&psc=1","Images":{"Primary":{"Small":{"Height":75,"URL":"https://m.media-amazon.com/images/I/41iOzpZS+eL._SL75_.jpg","Width":75}}},"ItemInfo":{"ByLineInfo":{"Brand":{"DisplayValue":"LolaPix","Label":"Brand","Locale":"es_ES"},"Manufacturer":{"DisplayValue":"LolaPix","Label":"Manufacturer","Locale":"es_ES"}},"Title":{"DisplayValue":"Corazón de Madera Personalizado con Nombre. Regalos de Madera Personalizados. Decoración Personalizada con Nombre.","Label":"Title","Locale":"es_ES"}},"Offers":{"Summaries":[{"Condition":{"Value":"New"},"LowestPrice":{"Amount":10.95,"Currency":"EUR","DisplayAmount":"10,95 €"}}]}},{"ASIN":"B07NGTWD5L","DetailPageURL":"https://www.amazon.es/dp/B07NGTWD5L?tag=topinalambricos-21&linkCode=osi&th=1&psc=1","Images":{"Primary":{"Small":{"Height":71,"URL":"https://m.media-amazon.com/images/I/410Y9DrhCGL._SL75_.jpg","Width":75}}},"ItemInfo":{"ByLineInfo":{"Brand":{"DisplayValue":"Spetebo","Label":"Brand","Locale":"es_ES"},"Manufacturer":{"DisplayValue":"Spetebo","Label":"Manufacturer","Locale":"es_ES"}},"Title":{"DisplayValue":"Spetebo Figura decorativa de corazón de plata, 20 x 18 x 6 cm, diseño de corazón doble","Label":"Title","Locale":"es_ES"}},"Offers":{"Summaries":[{"Condition":{"Value":"New"},"LowestPrice":{"Amount":18.95,"Currency":"EUR","DisplayAmount":"18,95 €"}}]}}],"SearchURL":"https://www.amazon.es/s?k=corazon+decoracion&rh=n%3A2844263031%2Cp_n_availability%3A-1&tag=topinalambricos-21&linkCode=osi","TotalResultCount":1000}},"19":{"SearchResult":{"Items":[{"ASIN":"B07CXN6W7Y","DetailPageURL":"https://www.amazon.es/dp/B07CXN6W7Y?tag=topinalambricos-21&linkCode=osi&th=1&psc=1","Images":{"Primary":{"Small":{"Height":75,"URL":"https://m.media-amazon.com/images/I/51saDPVem8L._SL75_.jpg","Width":75}}},"ItemInfo":{"ByLineInfo":{"Brand":{"DisplayValue":"Nacnic","Label":"Brand","Locale":"es_ES"},"Manufacturer":{"DisplayValue":"Nacnic","Label":"Manufacturer","Locale":"es_ES"}},"Title":{"DisplayValue":"Nacnic - Lámina con Corazon y Flores Multicolor - Poster Decorativo Acuarela - Tamaño A3","Label":"Title","Locale":"es_ES"}},"Offers":{"Summaries":[{"Condition":{"Value":"New"},"LowestPrice":{"Amount":11.9,"Currency":"EUR","DisplayAmount":"11,90 €"}}]}},{"ASIN":"B06Y33ZNRD","DetailPageURL":"https://www.amazon.es/dp/B06Y33ZNRD?tag=topinalambricos-21&linkCode=osi&th=1&psc=1","Images":{"Primary":{"Small":{"Height":75,"URL":"https://m.media-amazon.com/images/I/61LSY28GypL._SL75_.jpg","Width":75}}},"ItemInfo":{"ByLineInfo":{"Brand":{"DisplayValue":"Nacnic","Label":"Brand","Locale":"es_ES"},"Manufacturer":{"DisplayValue":"Nacnic","Label":"Manufacturer","Locale":"es_ES"}},"Title":{"DisplayValue":"Nacnic Pack de láminas para enmarcar CORAZÓN ANATÓMICO con LIBÉLULA","Label":"Title","Locale":"es_ES"}},"Offers":{"Summaries":[{"Condition":{"Value":"New"},"LowestPrice":{"Amount":11.9,"Currency":"EUR","DisplayAmount":"11,90 €"}}]}},{"ASIN":"B07VD7PJ2S","DetailPageURL":"https://www.amazon.es/dp/B07VD7PJ2S?tag=topinalambricos-21&linkCode=osi&th=1&psc=1","Images":{"Primary":{"Small":{"Height":75,"URL":"https://m.media-amazon.com/images/I/41II0bAFuCL._SL75_.jpg","Width":75}}},"ItemInfo":{"ByLineInfo":{"Brand":{"DisplayValue":"Nacnic","Label":"Brand","Locale":"es_ES"},"Manufacturer":{"DisplayValue":"Nacnic","Label":"Manufacturer","Locale":"es_ES"}},"Title":{"DisplayValue":"Nacnic - Set 3 Póster Anatomía Cuerpo Humano - Decoración Nórdica Blanco y Negro - Láminas Impresión Arte Mural con Hígado, Corazón y Pulmones","Label":"Title","Locale":"es_ES"}},"Offers":{"Summaries":[{"Condition":{"Value":"New"},"LowestPrice":{"Amount":13.9,"Currency":"EUR","DisplayAmount":"13,90 €"}}]}},{"ASIN":"B01N449VY0","DetailPageURL":"https://www.amazon.es/dp/B01N449VY0?tag=topinalambricos-21&linkCode=osi&th=1&psc=1","Images":{"Primary":{"Small":{"Height":75,"URL":"https://m.media-amazon.com/images/I/51QMw-3qy9L._SL75_.jpg","Width":75}}},"ItemInfo":{"ByLineInfo":{"Brand":{"DisplayValue":"Runa Art","Label":"Brand","Locale":"es_ES"},"Manufacturer":{"DisplayValue":"Runa Art GmbH","Label":"Manufacturer","Locale":"es_ES"}},"Title":{"DisplayValue":"Runa Art - Cuadros Decorativos Home Corazón 200 x 100 cm 5 Piezas XXL Decoracion de Pared Diseño Gris Azulado 504551a","Label":"Title","Locale":"es_ES"}},"Offers":{"Summaries":[{"Condition":{"Value":"New"},"LowestPrice":{"Amount":36.09,"Currency":"EUR","DisplayAmount":"36,09 €"}}]}},{"ASIN":"B07CWTWCHY","DetailPageURL":"https://www.amazon.es/dp/B07CWTWCHY?tag=topinalambricos-21&linkCode=osi&th=1&psc=1","Images":{"Primary":{"Small":{"Height":75,"URL":"https://m.media-amazon.com/images/I/41UIBlcMTnL._SL75_.jpg","Width":75}}},"ItemInfo":{"ByLineInfo":{"Brand":{"DisplayValue":"Nacnic","Label":"Brand","Locale":"es_ES"},"Manufacturer":{"DisplayValue":"Nacnic","Label":"Manufacturer","Locale":"es_ES"}},"Title":{"DisplayValue":"Nacnic - Set 4 Láminas Abstractas Artísticas Corazón y Flechas - Estilo Nórdico Minimalista Blanco y Negro - Posters y Cuadros Geométricos - Tamaño A3","Label":"Title","Locale":"es_ES"}},"Offers":{"Summaries":[{"Condition":{"Value":"New"},"LowestPrice":{"Amount":14.98,"Currency":"EUR","DisplayAmount":"14,98 €"}}]}},{"ASIN":"B07VD7Q3C4","DetailPageURL":"https://www.amazon.es/dp/B07VD7Q3C4?tag=topinalambricos-21&linkCode=osi&th=1&psc=1","Images":{"Primary":{"Small":{"Height":75,"URL":"https://m.media-amazon.com/images/I/51jrl-KTTHL._SL75_.jpg","Width":75}}},"ItemInfo":{"ByLineInfo":{"Brand":{"DisplayValue":"Piy Painting","Label":"Brand","Locale":"es_ES"},"Manufacturer":{"DisplayValue":"Piy Painting","Label":"Manufacturer","Locale":"es_ES"}},"Title":{"DisplayValue":"Piy Painting 3x Cuadro Sobre Lienzo Imagen Flores Rosas y Forma de Corazon Impresión Pinturas Murales Decoración Dibujo con Marco para Sala de estar Dormitorio Decor 30x30cm","Label":"Title","Locale":"es_ES"}},"Offers":{"Summaries":[{"Condition":{"Value":"New"},"LowestPrice":{"Amount":29.88,"Currency":"EUR","DisplayAmount":"29,88 €"}}]}},{"ASIN":"B084VMCKT9","DetailPageURL":"https://www.amazon.es/dp/B084VMCKT9?tag=topinalambricos-21&linkCode=osi&th=1&psc=1","Images":{"Primary":{"Small":{"Height":75,"URL":"https://m.media-amazon.com/images/I/514M+AbjqRL._SL75_.jpg","Width":75}}},"ItemInfo":{"ByLineInfo":{"Brand":{"DisplayValue":"HSFFBHFBH","Label":"Brand","Locale":"es_ES"},"Manufacturer":{"DisplayValue":"HSFFBHFBH","Label":"Manufacturer","Locale":"es_ES"}},"Title":{"DisplayValue":"HSFFBHFBH Cuadro en Lienzo Imprimir Corazón Humano Neurología Cerebral Medicina Arte Acuarela Pintura Regalo del Estudiante Médicos Oficina Decoración de la Pared 30x40cm (11.8\"x15.7) x4 Sin Marco","Label":"Title","Locale":"es_ES"}},"Offers":{"Summaries":[{"Condition":{"Value":"New"},"LowestPrice":{"Amount":33.01,"Currency":"EUR","DisplayAmount":"33,01 €"}}]}},{"ASIN":"B08DJ62Q79","DetailPageURL":"https://www.amazon.es/dp/B08DJ62Q79?tag=topinalambricos-21&linkCode=osi&th=1&psc=1","Images":{"Primary":{"Small":{"Height":75,"URL":"https://m.media-amazon.com/images/I/519DF1tTa9L._SL75_.jpg","Width":75}}},"ItemInfo":{"ByLineInfo":{"Brand":{"DisplayValue":"murando","Label":"Brand","Locale":"es_ES"},"Manufacturer":{"DisplayValue":"murando","Label":"Manufacturer","Locale":"es_ES"}},"Title":{"DisplayValue":"murando Cuadro en Lienzo Flores 200x100 cm 5 partes Impresión en Material Tejido no Tejido Impresión Artística Imagen Gráfica Decoracion de Pared Lavender Madera Corazon Bicicleta b-C-0644-b-m","Label":"Title","Locale":"es_ES"}},"Offers":{"Summaries":[{"Condition":{"Value":"New"},"LowestPrice":{"Amount":39.99,"Currency":"EUR","DisplayAmount":"39,99 €"}}]}},{"ASIN":"B07HRKMRDM","DetailPageURL":"https://www.amazon.es/dp/B07HRKMRDM?tag=topinalambricos-21&linkCode=osi&th=1&psc=1","Images":{"Primary":{"Small":{"Height":75,"URL":"https://m.media-amazon.com/images/I/61b6sN6C40L._SL75_.jpg","Width":75}}},"ItemInfo":{"ByLineInfo":{"Brand":{"DisplayValue":"Runa Art","Label":"Brand","Locale":"es_ES"},"Manufacturer":{"DisplayValue":"Runa Art GmbH","Label":"Manufacturer","Locale":"es_ES"}},"Title":{"DisplayValue":"Runa Art Cuadro Corazón Playa Impresión de arte Cuadro in Lienzo no Tejido Sala Dormitorio 502656a","Label":"Title","Locale":"es_ES"}},"Offers":{"Summaries":[{"Condition":{"Value":"New"},"LowestPrice":{"Amount":36.99,"Currency":"EUR","DisplayAmount":"36,99 €"}}]}},{"ASIN":"B0778NDGHW","DetailPageURL":"https://www.amazon.es/dp/B0778NDGHW?tag=topinalambricos-21&linkCode=osi&th=1&psc=1","Images":{"Primary":{"Small":{"Height":75,"URL":"https://m.media-amazon.com/images/I/51j6EBQErHL._SL75_.jpg","Width":75}}},"ItemInfo":{"ByLineInfo":{"Brand":{"DisplayValue":"Nacnic","Label":"Brand","Locale":"es_ES"},"Manufacturer":{"DisplayValue":"Nacnic","Label":"Manufacturer","Locale":"es_ES"}},"Title":{"DisplayValue":"Nacnic - Lámina Árbol Corazón Rojo sobre Partitura Musical - Poster Decoración Mural Vintage - Cuadro Decorativo Amor y Música","Label":"Title","Locale":"es_ES"}},"Offers":{"Summaries":[{"Condition":{"Value":"New"},"LowestPrice":{"Amount":11.9,"Currency":"EUR","DisplayAmount":"11,90 €"}}]}}],"SearchURL":"https://www.amazon.es/s?k=cuadro+corazon&rh=n%3A4637273031%2Cp_n_availability%3A-1&tag=topinalambricos-21&linkCode=osi","TotalResultCount":1000}},"20":{"SearchResult":{"Items":[{"ASIN":"B07CXN6W7Y","DetailPageURL":"https://www.amazon.es/dp/B07CXN6W7Y?tag=topinalambricos-21&linkCode=osi&th=1&psc=1","Images":{"Primary":{"Small":{"Height":75,"URL":"https://m.media-amazon.com/images/I/51saDPVem8L._SL75_.jpg","Width":75}}},"ItemInfo":{"ByLineInfo":{"Brand":{"DisplayValue":"Nacnic","Label":"Brand","Locale":"es_ES"},"Manufacturer":{"DisplayValue":"Nacnic","Label":"Manufacturer","Locale":"es_ES"}},"Title":{"DisplayValue":"Nacnic - Lámina con Corazon y Flores Multicolor - Poster Decorativo Acuarela - Tamaño A3","Label":"Title","Locale":"es_ES"}},"Offers":{"Summaries":[{"Condition":{"Value":"New"},"LowestPrice":{"Amount":11.9,"Currency":"EUR","DisplayAmount":"11,90 €"}}]}},{"ASIN":"B06Y33ZNRD","DetailPageURL":"https://www.amazon.es/dp/B06Y33ZNRD?tag=topinalambricos-21&linkCode=osi&th=1&psc=1","Images":{"Primary":{"Small":{"Height":75,"URL":"https://m.media-amazon.com/images/I/61LSY28GypL._SL75_.jpg","Width":75}}},"ItemInfo":{"ByLineInfo":{"Brand":{"DisplayValue":"Nacnic","Label":"Brand","Locale":"es_ES"},"Manufacturer":{"DisplayValue":"Nacnic","Label":"Manufacturer","Locale":"es_ES"}},"Title":{"DisplayValue":"Nacnic Pack de láminas para enmarcar CORAZÓN ANATÓMICO con LIBÉLULA","Label":"Title","Locale":"es_ES"}},"Offers":{"Summaries":[{"Condition":{"Value":"New"},"LowestPrice":{"Amount":11.9,"Currency":"EUR","DisplayAmount":"11,90 €"}}]}},{"ASIN":"B07VD7PJ2S","DetailPageURL":"https://www.amazon.es/dp/B07VD7PJ2S?tag=topinalambricos-21&linkCode=osi&th=1&psc=1","Images":{"Primary":{"Small":{"Height":75,"URL":"https://m.media-amazon.com/images/I/41II0bAFuCL._SL75_.jpg","Width":75}}},"ItemInfo":{"ByLineInfo":{"Brand":{"DisplayValue":"Nacnic","Label":"Brand","Locale":"es_ES"},"Manufacturer":{"DisplayValue":"Nacnic","Label":"Manufacturer","Locale":"es_ES"}},"Title":{"DisplayValue":"Nacnic - Set 3 Póster Anatomía Cuerpo Humano - Decoración Nórdica Blanco y Negro - Láminas Impresión Arte Mural con Hígado, Corazón y Pulmones","Label":"Title","Locale":"es_ES"}},"Offers":{"Summaries":[{"Condition":{"Value":"New"},"LowestPrice":{"Amount":13.9,"Currency":"EUR","DisplayAmount":"13,90 €"}}]}},{"ASIN":"B01N449VY0","DetailPageURL":"https://www.amazon.es/dp/B01N449VY0?tag=topinalambricos-21&linkCode=osi&th=1&psc=1","Images":{"Primary":{"Small":{"Height":75,"URL":"https://m.media-amazon.com/images/I/51QMw-3qy9L._SL75_.jpg","Width":75}}},"ItemInfo":{"ByLineInfo":{"Brand":{"DisplayValue":"Runa Art","Label":"Brand","Locale":"es_ES"},"Manufacturer":{"DisplayValue":"Runa Art GmbH","Label":"Manufacturer","Locale":"es_ES"}},"Title":{"DisplayValue":"Runa Art - Cuadros Decorativos Home Corazón 200 x 100 cm 5 Piezas XXL Decoracion de Pared Diseño Gris Azulado 504551a","Label":"Title","Locale":"es_ES"}},"Offers":{"Summaries":[{"Condition":{"Value":"New"},"LowestPrice":{"Amount":36.09,"Currency":"EUR","DisplayAmount":"36,09 €"}}]}},{"ASIN":"B07CWTWCHY","DetailPageURL":"https://www.amazon.es/dp/B07CWTWCHY?tag=topinalambricos-21&linkCode=osi&th=1&psc=1","Images":{"Primary":{"Small":{"Height":75,"URL":"https://m.media-amazon.com/images/I/41UIBlcMTnL._SL75_.jpg","Width":75}}},"ItemInfo":{"ByLineInfo":{"Brand":{"DisplayValue":"Nacnic","Label":"Brand","Locale":"es_ES"},"Manufacturer":{"DisplayValue":"Nacnic","Label":"Manufacturer","Locale":"es_ES"}},"Title":{"DisplayValue":"Nacnic - Set 4 Láminas Abstractas Artísticas Corazón y Flechas - Estilo Nórdico Minimalista Blanco y Negro - Posters y Cuadros Geométricos - Tamaño A3","Label":"Title","Locale":"es_ES"}},"Offers":{"Summaries":[{"Condition":{"Value":"New"},"LowestPrice":{"Amount":14.98,"Currency":"EUR","DisplayAmount":"14,98 €"}}]}},{"ASIN":"B07VD7Q3C4","DetailPageURL":"https://www.amazon.es/dp/B07VD7Q3C4?tag=topinalambricos-21&linkCode=osi&th=1&psc=1","Images":{"Primary":{"Small":{"Height":75,"URL":"https://m.media-amazon.com/images/I/51jrl-KTTHL._SL75_.jpg","Width":75}}},"ItemInfo":{"ByLineInfo":{"Brand":{"DisplayValue":"Piy Painting","Label":"Brand","Locale":"es_ES"},"Manufacturer":{"DisplayValue":"Piy Painting","Label":"Manufacturer","Locale":"es_ES"}},"Title":{"DisplayValue":"Piy Painting 3x Cuadro Sobre Lienzo Imagen Flores Rosas y Forma de Corazon Impresión Pinturas Murales Decoración Dibujo con Marco para Sala de estar Dormitorio Decor 30x30cm","Label":"Title","Locale":"es_ES"}},"Offers":{"Summaries":[{"Condition":{"Value":"New"},"LowestPrice":{"Amount":29.88,"Currency":"EUR","DisplayAmount":"29,88 €"}}]}},{"ASIN":"B084VMCKT9","DetailPageURL":"https://www.amazon.es/dp/B084VMCKT9?tag=topinalambricos-21&linkCode=osi&th=1&psc=1","Images":{"Primary":{"Small":{"Height":75,"URL":"https://m.media-amazon.com/images/I/514M+AbjqRL._SL75_.jpg","Width":75}}},"ItemInfo":{"ByLineInfo":{"Brand":{"DisplayValue":"HSFFBHFBH","Label":"Brand","Locale":"es_ES"},"Manufacturer":{"DisplayValue":"HSFFBHFBH","Label":"Manufacturer","Locale":"es_ES"}},"Title":{"DisplayValue":"HSFFBHFBH Cuadro en Lienzo Imprimir Corazón Humano Neurología Cerebral Medicina Arte Acuarela Pintura Regalo del Estudiante Médicos Oficina Decoración de la Pared 30x40cm (11.8\"x15.7) x4 Sin Marco","Label":"Title","Locale":"es_ES"}},"Offers":{"Summaries":[{"Condition":{"Value":"New"},"LowestPrice":{"Amount":33.01,"Currency":"EUR","DisplayAmount":"33,01 €"}}]}},{"ASIN":"B08DJ62Q79","DetailPageURL":"https://www.amazon.es/dp/B08DJ62Q79?tag=topinalambricos-21&linkCode=osi&th=1&psc=1","Images":{"Primary":{"Small":{"Height":75,"URL":"https://m.media-amazon.com/images/I/519DF1tTa9L._SL75_.jpg","Width":75}}},"ItemInfo":{"ByLineInfo":{"Brand":{"DisplayValue":"murando","Label":"Brand","Locale":"es_ES"},"Manufacturer":{"DisplayValue":"murando","Label":"Manufacturer","Locale":"es_ES"}},"Title":{"DisplayValue":"murando Cuadro en Lienzo Flores 200x100 cm 5 partes Impresión en Material Tejido no Tejido Impresión Artística Imagen Gráfica Decoracion de Pared Lavender Madera Corazon Bicicleta b-C-0644-b-m","Label":"Title","Locale":"es_ES"}},"Offers":{"Summaries":[{"Condition":{"Value":"New"},"LowestPrice":{"Amount":39.99,"Currency":"EUR","DisplayAmount":"39,99 €"}}]}},{"ASIN":"B07HRKMRDM","DetailPageURL":"https://www.amazon.es/dp/B07HRKMRDM?tag=topinalambricos-21&linkCode=osi&th=1&psc=1","Images":{"Primary":{"Small":{"Height":75,"URL":"https://m.media-amazon.com/images/I/61b6sN6C40L._SL75_.jpg","Width":75}}},"ItemInfo":{"ByLineInfo":{"Brand":{"DisplayValue":"Runa Art","Label":"Brand","Locale":"es_ES"},"Manufacturer":{"DisplayValue":"Runa Art GmbH","Label":"Manufacturer","Locale":"es_ES"}},"Title":{"DisplayValue":"Runa Art Cuadro Corazón Playa Impresión de arte Cuadro in Lienzo no Tejido Sala Dormitorio 502656a","Label":"Title","Locale":"es_ES"}},"Offers":{"Summaries":[{"Condition":{"Value":"New"},"LowestPrice":{"Amount":36.99,"Currency":"EUR","DisplayAmount":"36,99 €"}}]}},{"ASIN":"B0778NDGHW","DetailPageURL":"https://www.amazon.es/dp/B0778NDGHW?tag=topinalambricos-21&linkCode=osi&th=1&psc=1","Images":{"Primary":{"Small":{"Height":75,"URL":"https://m.media-amazon.com/images/I/51j6EBQErHL._SL75_.jpg","Width":75}}},"ItemInfo":{"ByLineInfo":{"Brand":{"DisplayValue":"Nacnic","Label":"Brand","Locale":"es_ES"},"Manufacturer":{"DisplayValue":"Nacnic","Label":"Manufacturer","Locale":"es_ES"}},"Title":{"DisplayValue":"Nacnic - Lámina Árbol Corazón Rojo sobre Partitura Musical - Poster Decoración Mural Vintage - Cuadro Decorativo Amor y Música","Label":"Title","Locale":"es_ES"}},"Offers":{"Summaries":[{"Condition":{"Value":"New"},"LowestPrice":{"Amount":11.9,"Currency":"EUR","DisplayAmount":"11,90 €"}}]}}],"SearchURL":"https://www.amazon.es/s?k=cuadro+corazon&rh=n%3A4637273031%2Cp_n_availability%3A-1&tag=topinalambricos-21&linkCode=osi","TotalResultCount":1000}},"21":{"SearchResult":{"Items":[{"ASIN":"B083F7X9P2","DetailPageURL":"https://www.amazon.es/dp/B083F7X9P2?tag=topinalambricos-21&linkCode=osi&th=1&psc=1","Images":{"Primary":{"Small":{"Height":75,"URL":"https://m.media-amazon.com/images/I/41FHiR7uAHL._SL75_.jpg","Width":75}}},"ItemInfo":{"ByLineInfo":{"Brand":{"DisplayValue":"Clairefontaine","Label":"Brand","Locale":"es_ES"},"Manufacturer":{"DisplayValue":"Clairefontaine Rhodia","Label":"Manufacturer","Locale":"es_ES"}},"Title":{"DisplayValue":"Clairefontaine, 223862C, Rollo de papel de regalo, Excellia Tiny Rolls, 5m x 35cm, 80g, Corazones","Label":"Title","Locale":"es_ES"}},"Offers":{"Summaries":[{"Condition":{"Value":"New"},"LowestPrice":{"Amount":5.91,"Currency":"EUR","DisplayAmount":"5,91 € (3,38 € / metro cuadrado)","PricePerUnit":3.38}}]}},{"ASIN":"B01IDCT3C2","DetailPageURL":"https://www.amazon.es/dp/B01IDCT3C2?tag=topinalambricos-21&linkCode=osi&th=1&psc=1","Images":{"Primary":{"Small":{"Height":75,"URL":"https://m.media-amazon.com/images/I/415+wvFc3SL._SL75_.jpg","Width":67}}},"ItemInfo":{"ByLineInfo":{"Brand":{"DisplayValue":"DOHE","Label":"Brand","Locale":"es_ES"},"Manufacturer":{"DisplayValue":"Dohe","Label":"Manufacturer","Locale":"es_ES"}},"Title":{"DisplayValue":"Dohe 75016 - Pack de 250 cubos de notas adhesivas en forma de \"corazón\", 70 x 70 mm","Label":"Title","Locale":"es_ES"}},"Offers":{"Summaries":[{"Condition":{"Value":"New"},"LowestPrice":{"Amount":3.36,"Currency":"EUR","DisplayAmount":"3,36 € (0,01 € / unidad)","PricePerUnit":0.01}}]}},{"ASIN":"B09KTTVT6T","DetailPageURL":"https://www.amazon.es/dp/B09KTTVT6T?tag=topinalambricos-21&linkCode=osi&th=1&psc=1","Images":{"Primary":{"Small":{"Height":75,"URL":"https://m.media-amazon.com/images/I/51yRbsOTwkL._SL75_.jpg","Width":75}}},"ItemInfo":{"ByLineInfo":{"Brand":{"DisplayValue":"COLOFALLA","Label":"Brand","Locale":"es_ES"}},"Title":{"DisplayValue":"6hojas Papel de Regalo San Valentín Corazones 50×70cm + 2rollos Cinta de Satén Papel para Envolver Regalos Cumpleaños Fiesta Manualidades DIY Blanco Rojo (A)","Label":"Title","Locale":"es_ES"}},"Offers":{"Summaries":[{"Condition":{"Value":"New"},"LowestPrice":{"Amount":8.99,"Currency":"EUR","DisplayAmount":"8,99 €"}}]}},{"ASIN":"B09DSHZQKD","DetailPageURL":"https://www.amazon.es/dp/B09DSHZQKD?tag=topinalambricos-21&linkCode=osi&th=1&psc=1","Images":{"Primary":{"Small":{"Height":75,"URL":"https://m.media-amazon.com/images/I/61+3M810meL._SL75_.jpg","Width":75}}},"ItemInfo":{"ByLineInfo":{"Brand":{"DisplayValue":"ZaliOan","Label":"Brand","Locale":"es_ES"}},"Title":{"DisplayValue":"Papel de Regalo Corazón,4 * 85 * 60cm Papel Regalo con 4*Cuerda de mariposa,4*Tarjetas,4*Etiquetas para Mujer,Hombre,Cumpleaños,Navidad,Boda","Label":"Title","Locale":"es_ES"}},"Offers":{"Summaries":[{"Condition":{"Value":"New"},"LowestPrice":{"Amount":5.99,"Currency":"EUR","DisplayAmount":"5,99 €"}}]}},{"ASIN":"B07W54YM4T","DetailPageURL":"https://www.amazon.es/dp/B07W54YM4T?tag=topinalambricos-21&linkCode=osi&th=1&psc=1","Images":{"Primary":{"Small":{"Height":75,"URL":"https://m.media-amazon.com/images/I/41hlOSR2ZLL._SL75_.jpg","Width":75}}},"ItemInfo":{"ByLineInfo":{"Brand":{"DisplayValue":"BELLE VOUS","Label":"Brand","Locale":"es_ES"},"Manufacturer":{"DisplayValue":"BELLE VOUS","Label":"Manufacturer","Locale":"es_ES"}},"Title":{"DisplayValue":"Belle Vous Bolsas de Papel Blancas con Asas y Diseño Corazones Dorado Metálico (Pack de 20) - 16 x 22 x 8 cm - Bolsas Papel Kraft para Cumpleaños, Bodas, Baby Shower y Compras","Label":"Title","Locale":"es_ES"}},"Offers":{"Summaries":[{"Condition":{"Value":"New"},"LowestPrice":{"Amount":19.99,"Currency":"EUR","DisplayAmount":"19,99 € (1,00 € / unidad)","PricePerUnit":1.0}}]}},{"ASIN":"B08CZWD2LW","DetailPageURL":"https://www.amazon.es/dp/B08CZWD2LW?tag=topinalambricos-21&linkCode=osi&th=1&psc=1","Images":{"Primary":{"Small":{"Height":75,"URL":"https://m.media-amazon.com/images/I/51ZwHyTUAAL._SL75_.jpg","Width":75}}},"ItemInfo":{"ByLineInfo":{"Brand":{"DisplayValue":"Hallmark","Label":"Brand","Locale":"es_ES"},"Manufacturer":{"DisplayValue":"Hallmark","Label":"Manufacturer","Locale":"es_ES"}},"Title":{"DisplayValue":"Hallmark Bolsa de regalo grande para múltiples ocasiones, diseño de corazones de papel kraft","Label":"Title","Locale":"es_ES"}},"Offers":{"Summaries":[{"Condition":{"Value":"New"},"LowestPrice":{"Amount":8.52,"Currency":"EUR","DisplayAmount":"8,52 €"}}]}},{"ASIN":"B09XB785FL","DetailPageURL":"https://www.amazon.es/dp/B09XB785FL?tag=topinalambricos-21&linkCode=osi&th=1&psc=1","Images":{"Primary":{"Small":{"Height":75,"URL":"https://m.media-amazon.com/images/I/41fYgoyiCvL._SL75_.jpg","Width":75}}},"ItemInfo":{"ByLineInfo":{"Brand":{"DisplayValue":"SZXMDKH","Label":"Brand","Locale":"es_ES"},"Manufacturer":{"DisplayValue":"SZXMDKH","Label":"Manufacturer","Locale":"es_ES"}},"Title":{"DisplayValue":"Pegatinas de corazón de colores, 500 unidades, 25 mm, color rojo, autoadhesivas de corazón, etiquetas de codificación de corazón, calcomanías de papel brillante para manualidades","Label":"Title","Locale":"es_ES"}},"Offers":{"Summaries":[{"Condition":{"Value":"New"},"LowestPrice":{"Amount":7.06,"Currency":"EUR","DisplayAmount":"7,06 € (0,01 € / unidad)","PricePerUnit":0.01}}]}},{"ASIN":"B06XGG3MZL","DetailPageURL":"https://www.amazon.es/dp/B06XGG3MZL?tag=topinalambricos-21&linkCode=osi&th=1&psc=1","Images":{"Primary":{"Small":{"Height":75,"URL":"https://m.media-amazon.com/images/I/31IQd9kYMsL._SL75_.jpg","Width":75}}},"ItemInfo":{"ByLineInfo":{"Brand":{"DisplayValue":"younikat","Label":"Brand","Locale":"es_ES"},"Manufacturer":{"DisplayValue":"easydruck24de","Label":"Manufacturer","Locale":"es_ES"}},"Title":{"DisplayValue":"Juego de papel de carta romántico | membretes de carta con sobre | 50 hojas en DIN A4 | rosa corazón papel con estampado | amor boda San Valentin invitación | dv_157","Label":"Title","Locale":"es_ES"}},"Offers":{"Summaries":[{"Condition":{"Value":"New"},"LowestPrice":{"Amount":15.9,"Currency":"EUR","DisplayAmount":"15,90 €"}}]}},{"ASIN":"B09412X2GR","DetailPageURL":"https://www.amazon.es/dp/B09412X2GR?tag=topinalambricos-21&linkCode=osi&th=1&psc=1","Images":{"Primary":{"Small":{"Height":75,"URL":"https://m.media-amazon.com/images/I/51mB5x3NqQS._SL75_.jpg","Width":75}}},"ItemInfo":{"ByLineInfo":{"Brand":{"DisplayValue":"ARKRAFT","Label":"Brand","Locale":"es_ES"}},"Title":{"DisplayValue":"ARKRAFT Tarjeta papel de regalo 3 hojas XXL San Valentín boda corazón blanco (18-8995)","Label":"Title","Locale":"es_ES"}},"Offers":{"Summaries":[{"Condition":{"Value":"New"},"LowestPrice":{"Amount":6.9,"Currency":"EUR","DisplayAmount":"6,90 €"}}]}},{"ASIN":"B09Q5QYN31","DetailPageURL":"https://www.amazon.es/dp/B09Q5QYN31?tag=topinalambricos-21&linkCode=osi&th=1&psc=1","Images":{"Primary":{"Small":{"Height":75,"URL":"https://m.media-amazon.com/images/I/41gL7dCvf3L._SL75_.jpg","Width":75}}},"ItemInfo":{"ByLineInfo":{"Brand":{"DisplayValue":"Hemiks","Label":"Brand","Locale":"es_ES"},"Manufacturer":{"DisplayValue":"Hemiks","Label":"Manufacturer","Locale":"es_ES"}},"Title":{"DisplayValue":"Sobres de papel Kraft, 20 mini sobres de tarjeta de regalo con cierre de corazón para cumpleaños, día del padre, día de la madre, día de Navidad, día de San Valentín (7 x 10,5 cm)","Label":"Title","Locale":"es_ES"}},"Offers":{"Summaries":[{"Condition":{"Value":"New"},"LowestPrice":{"Amount":5.99,"Currency":"EUR","DisplayAmount":"5,99 € (0,30 € / unidad)","PricePerUnit":0.3}}]}}],"SearchURL":"https://www.amazon.es/s?k=corazon+papel&rh=n%3A3628728031%2Cp_n_availability%3A-1&tag=topinalambricos-21&linkCode=osi","TotalResultCount":1000}},"22":{"SearchResult":{"Items":[{"ASIN":"B083F7X9P2","DetailPageURL":"https://www.amazon.es/dp/B083F7X9P2?tag=topinalambricos-21&linkCode=osi&th=1&psc=1","Images":{"Primary":{"Small":{"Height":75,"URL":"https://m.media-amazon.com/images/I/41FHiR7uAHL._SL75_.jpg","Width":75}}},"ItemInfo":{"ByLineInfo":{"Brand":{"DisplayValue":"Clairefontaine","Label":"Brand","Locale":"es_ES"},"Manufacturer":{"DisplayValue":"Clairefontaine Rhodia","Label":"Manufacturer","Locale":"es_ES"}},"Title":{"DisplayValue":"Clairefontaine, 223862C, Rollo de papel de regalo, Excellia Tiny Rolls, 5m x 35cm, 80g, Corazones","Label":"Title","Locale":"es_ES"}},"Offers":{"Summaries":[{"Condition":{"Value":"New"},"LowestPrice":{"Amount":5.91,"Currency":"EUR","DisplayAmount":"5,91 € (3,38 € / metro cuadrado)","PricePerUnit":3.38}}]}},{"ASIN":"B01IDCT3C2","DetailPageURL":"https://www.amazon.es/dp/B01IDCT3C2?tag=topinalambricos-21&linkCode=osi&th=1&psc=1","Images":{"Primary":{"Small":{"Height":75,"URL":"https://m.media-amazon.com/images/I/415+wvFc3SL._SL75_.jpg","Width":67}}},"ItemInfo":{"ByLineInfo":{"Brand":{"DisplayValue":"DOHE","Label":"Brand","Locale":"es_ES"},"Manufacturer":{"DisplayValue":"Dohe","Label":"Manufacturer","Locale":"es_ES"}},"Title":{"DisplayValue":"Dohe 75016 - Pack de 250 cubos de notas adhesivas en forma de \"corazón\", 70 x 70 mm","Label":"Title","Locale":"es_ES"}},"Offers":{"Summaries":[{"Condition":{"Value":"New"},"LowestPrice":{"Amount":3.36,"Currency":"EUR","DisplayAmount":"3,36 € (0,01 € / unidad)","PricePerUnit":0.01}}]}},{"ASIN":"B09KTTVT6T","DetailPageURL":"https://www.amazon.es/dp/B09KTTVT6T?tag=topinalambricos-21&linkCode=osi&th=1&psc=1","Images":{"Primary":{"Small":{"Height":75,"URL":"https://m.media-amazon.com/images/I/51yRbsOTwkL._SL75_.jpg","Width":75}}},"ItemInfo":{"ByLineInfo":{"Brand":{"DisplayValue":"COLOFALLA","Label":"Brand","Locale":"es_ES"}},"Title":{"DisplayValue":"6hojas Papel de Regalo San Valentín Corazones 50×70cm + 2rollos Cinta de Satén Papel para Envolver Regalos Cumpleaños Fiesta Manualidades DIY Blanco Rojo (A)","Label":"Title","Locale":"es_ES"}},"Offers":{"Summaries":[{"Condition":{"Value":"New"},"LowestPrice":{"Amount":8.99,"Currency":"EUR","DisplayAmount":"8,99 €"}}]}},{"ASIN":"B09DSHZQKD","DetailPageURL":"https://www.amazon.es/dp/B09DSHZQKD?tag=topinalambricos-21&linkCode=osi&th=1&psc=1","Images":{"Primary":{"Small":{"Height":75,"URL":"https://m.media-amazon.com/images/I/61+3M810meL._SL75_.jpg","Width":75}}},"ItemInfo":{"ByLineInfo":{"Brand":{"DisplayValue":"ZaliOan","Label":"Brand","Locale":"es_ES"}},"Title":{"DisplayValue":"Papel de Regalo Corazón,4 * 85 * 60cm Papel Regalo con 4*Cuerda de mariposa,4*Tarjetas,4*Etiquetas para Mujer,Hombre,Cumpleaños,Navidad,Boda","Label":"Title","Locale":"es_ES"}},"Offers":{"Summaries":[{"Condition":{"Value":"New"},"LowestPrice":{"Amount":5.99,"Currency":"EUR","DisplayAmount":"5,99 €"}}]}},{"ASIN":"B07W54YM4T","DetailPageURL":"https://www.amazon.es/dp/B07W54YM4T?tag=topinalambricos-21&linkCode=osi&th=1&psc=1","Images":{"Primary":{"Small":{"Height":75,"URL":"https://m.media-amazon.com/images/I/41hlOSR2ZLL._SL75_.jpg","Width":75}}},"ItemInfo":{"ByLineInfo":{"Brand":{"DisplayValue":"BELLE VOUS","Label":"Brand","Locale":"es_ES"},"Manufacturer":{"DisplayValue":"BELLE VOUS","Label":"Manufacturer","Locale":"es_ES"}},"Title":{"DisplayValue":"Belle Vous Bolsas de Papel Blancas con Asas y Diseño Corazones Dorado Metálico (Pack de 20) - 16 x 22 x 8 cm - Bolsas Papel Kraft para Cumpleaños, Bodas, Baby Shower y Compras","Label":"Title","Locale":"es_ES"}},"Offers":{"Summaries":[{"Condition":{"Value":"New"},"LowestPrice":{"Amount":19.99,"Currency":"EUR","DisplayAmount":"19,99 € (1,00 € / unidad)","PricePerUnit":1.0}}]}},{"ASIN":"B08CZWD2LW","DetailPageURL":"https://www.amazon.es/dp/B08CZWD2LW?tag=topinalambricos-21&linkCode=osi&th=1&psc=1","Images":{"Primary":{"Small":{"Height":75,"URL":"https://m.media-amazon.com/images/I/51ZwHyTUAAL._SL75_.jpg","Width":75}}},"ItemInfo":{"ByLineInfo":{"Brand":{"DisplayValue":"Hallmark","Label":"Brand","Locale":"es_ES"},"Manufacturer":{"DisplayValue":"Hallmark","Label":"Manufacturer","Locale":"es_ES"}},"Title":{"DisplayValue":"Hallmark Bolsa de regalo grande para múltiples ocasiones, diseño de corazones de papel kraft","Label":"Title","Locale":"es_ES"}},"Offers":{"Summaries":[{"Condition":{"Value":"New"},"LowestPrice":{"Amount":8.52,"Currency":"EUR","DisplayAmount":"8,52 €"}}]}},{"ASIN":"B09XB785FL","DetailPageURL":"https://www.amazon.es/dp/B09XB785FL?tag=topinalambricos-21&linkCode=osi&th=1&psc=1","Images":{"Primary":{"Small":{"Height":75,"URL":"https://m.media-amazon.com/images/I/41fYgoyiCvL._SL75_.jpg","Width":75}}},"ItemInfo":{"ByLineInfo":{"Brand":{"DisplayValue":"SZXMDKH","Label":"Brand","Locale":"es_ES"},"Manufacturer":{"DisplayValue":"SZXMDKH","Label":"Manufacturer","Locale":"es_ES"}},"Title":{"DisplayValue":"Pegatinas de corazón de colores, 500 unidades, 25 mm, color rojo, autoadhesivas de corazón, etiquetas de codificación de corazón, calcomanías de papel brillante para manualidades","Label":"Title","Locale":"es_ES"}},"Offers":{"Summaries":[{"Condition":{"Value":"New"},"LowestPrice":{"Amount":7.06,"Currency":"EUR","DisplayAmount":"7,06 € (0,01 € / unidad)","PricePerUnit":0.01}}]}},{"ASIN":"B06XGG3MZL","DetailPageURL":"https://www.amazon.es/dp/B06XGG3MZL?tag=topinalambricos-21&linkCode=osi&th=1&psc=1","Images":{"Primary":{"Small":{"Height":75,"URL":"https://m.media-amazon.com/images/I/31IQd9kYMsL._SL75_.jpg","Width":75}}},"ItemInfo":{"ByLineInfo":{"Brand":{"DisplayValue":"younikat","Label":"Brand","Locale":"es_ES"},"Manufacturer":{"DisplayValue":"easydruck24de","Label":"Manufacturer","Locale":"es_ES"}},"Title":{"DisplayValue":"Juego de papel de carta romántico | membretes de carta con sobre | 50 hojas en DIN A4 | rosa corazón papel con estampado | amor boda San Valentin invitación | dv_157","Label":"Title","Locale":"es_ES"}},"Offers":{"Summaries":[{"Condition":{"Value":"New"},"LowestPrice":{"Amount":15.9,"Currency":"EUR","DisplayAmount":"15,90 €"}}]}},{"ASIN":"B09412X2GR","DetailPageURL":"https://www.amazon.es/dp/B09412X2GR?tag=topinalambricos-21&linkCode=osi&th=1&psc=1","Images":{"Primary":{"Small":{"Height":75,"URL":"https://m.media-amazon.com/images/I/51mB5x3NqQS._SL75_.jpg","Width":75}}},"ItemInfo":{"ByLineInfo":{"Brand":{"DisplayValue":"ARKRAFT","Label":"Brand","Locale":"es_ES"}},"Title":{"DisplayValue":"ARKRAFT Tarjeta papel de regalo 3 hojas XXL San Valentín boda corazón blanco (18-8995)","Label":"Title","Locale":"es_ES"}},"Offers":{"Summaries":[{"Condition":{"Value":"New"},"LowestPrice":{"Amount":6.9,"Currency":"EUR","DisplayAmount":"6,90 €"}}]}},{"ASIN":"B09Q5QYN31","DetailPageURL":"https://www.amazon.es/dp/B09Q5QYN31?tag=topinalambricos-21&linkCode=osi&th=1&psc=1","Images":{"Primary":{"Small":{"Height":75,"URL":"https://m.media-amazon.com/images/I/41gL7dCvf3L._SL75_.jpg","Width":75}}},"ItemInfo":{"ByLineInfo":{"Brand":{"DisplayValue":"Hemiks","Label":"Brand","Locale":"es_ES"},"Manufacturer":{"DisplayValue":"Hemiks","Label":"Manufacturer","Locale":"es_ES"}},"Title":{"DisplayValue":"Sobres de papel Kraft, 20 mini sobres de tarjeta de regalo con cierre de corazón para cumpleaños, día del padre, día de la madre, día de Navidad, día de San Valentín (7 x 10,5 cm)","Label":"Title","Locale":"es_ES"}},"Offers":{"Summaries":[{"Condition":{"Value":"New"},"LowestPrice":{"Amount":5.99,"Currency":"EUR","DisplayAmount":"5,99 € (0,30 € / unidad)","PricePerUnit":0.3}}]}}],"SearchURL":"https://www.amazon.es/s?k=corazon+papel&rh=n%3A3628728031%2Cp_n_availability%3A-1&tag=topinalambricos-21&linkCode=osi","TotalResultCount":1000}},"23":{"SearchResult":{"Items":[{"ASIN":"B083F7X9P2","DetailPageURL":"https://www.amazon.es/dp/B083F7X9P2?tag=topinalambricos-21&linkCode=osi&th=1&psc=1","Images":{"Primary":{"Small":{"Height":75,"URL":"https://m.media-amazon.com/images/I/41FHiR7uAHL._SL75_.jpg","Width":75}}},"ItemInfo":{"ByLineInfo":{"Brand":{"DisplayValue":"Clairefontaine","Label":"Brand","Locale":"es_ES"},"Manufacturer":{"DisplayValue":"Clairefontaine Rhodia","Label":"Manufacturer","Locale":"es_ES"}},"Title":{"DisplayValue":"Clairefontaine, 223862C, Rollo de papel de regalo, Excellia Tiny Rolls, 5m x 35cm, 80g, Corazones","Label":"Title","Locale":"es_ES"}},"Offers":{"Summaries":[{"Condition":{"Value":"New"},"LowestPrice":{"Amount":5.91,"Currency":"EUR","DisplayAmount":"5,91 € (3,38 € / metro cuadrado)","PricePerUnit":3.38}}]}},{"ASIN":"B01IDCT3C2","DetailPageURL":"https://www.amazon.es/dp/B01IDCT3C2?tag=topinalambricos-21&linkCode=osi&th=1&psc=1","Images":{"Primary":{"Small":{"Height":75,"URL":"https://m.media-amazon.com/images/I/415+wvFc3SL._SL75_.jpg","Width":67}}},"ItemInfo":{"ByLineInfo":{"Brand":{"DisplayValue":"DOHE","Label":"Brand","Locale":"es_ES"},"Manufacturer":{"DisplayValue":"Dohe","Label":"Manufacturer","Locale":"es_ES"}},"Title":{"DisplayValue":"Dohe 75016 - Pack de 250 cubos de notas adhesivas en forma de \"corazón\", 70 x 70 mm","Label":"Title","Locale":"es_ES"}},"Offers":{"Summaries":[{"Condition":{"Value":"New"},"LowestPrice":{"Amount":3.36,"Currency":"EUR","DisplayAmount":"3,36 € (0,01 € / unidad)","PricePerUnit":0.01}}]}},{"ASIN":"B09KTTVT6T","DetailPageURL":"https://www.amazon.es/dp/B09KTTVT6T?tag=topinalambricos-21&linkCode=osi&th=1&psc=1","Images":{"Primary":{"Small":{"Height":75,"URL":"https://m.media-amazon.com/images/I/51yRbsOTwkL._SL75_.jpg","Width":75}}},"ItemInfo":{"ByLineInfo":{"Brand":{"DisplayValue":"COLOFALLA","Label":"Brand","Locale":"es_ES"}},"Title":{"DisplayValue":"6hojas Papel de Regalo San Valentín Corazones 50×70cm + 2rollos Cinta de Satén Papel para Envolver Regalos Cumpleaños Fiesta Manualidades DIY Blanco Rojo (A)","Label":"Title","Locale":"es_ES"}},"Offers":{"Summaries":[{"Condition":{"Value":"New"},"LowestPrice":{"Amount":8.99,"Currency":"EUR","DisplayAmount":"8,99 €"}}]}},{"ASIN":"B09DSHZQKD","DetailPageURL":"https://www.amazon.es/dp/B09DSHZQKD?tag=topinalambricos-21&linkCode=osi&th=1&psc=1","Images":{"Primary":{"Small":{"Height":75,"URL":"https://m.media-amazon.com/images/I/61+3M810meL._SL75_.jpg","Width":75}}},"ItemInfo":{"ByLineInfo":{"Brand":{"DisplayValue":"ZaliOan","Label":"Brand","Locale":"es_ES"}},"Title":{"DisplayValue":"Papel de Regalo Corazón,4 * 85 * 60cm Papel Regalo con 4*Cuerda de mariposa,4*Tarjetas,4*Etiquetas para Mujer,Hombre,Cumpleaños,Navidad,Boda","Label":"Title","Locale":"es_ES"}},"Offers":{"Summaries":[{"Condition":{"Value":"New"},"LowestPrice":{"Amount":5.99,"Currency":"EUR","DisplayAmount":"5,99 €"}}]}},{"ASIN":"B07W54YM4T","DetailPageURL":"https://www.amazon.es/dp/B07W54YM4T?tag=topinalambricos-21&linkCode=osi&th=1&psc=1","Images":{"Primary":{"Small":{"Height":75,"URL":"https://m.media-amazon.com/images/I/41hlOSR2ZLL._SL75_.jpg","Width":75}}},"ItemInfo":{"ByLineInfo":{"Brand":{"DisplayValue":"BELLE VOUS","Label":"Brand","Locale":"es_ES"},"Manufacturer":{"DisplayValue":"BELLE VOUS","Label":"Manufacturer","Locale":"es_ES"}},"Title":{"DisplayValue":"Belle Vous Bolsas de Papel Blancas con Asas y Diseño Corazones Dorado Metálico (Pack de 20) - 16 x 22 x 8 cm - Bolsas Papel Kraft para Cumpleaños, Bodas, Baby Shower y Compras","Label":"Title","Locale":"es_ES"}},"Offers":{"Summaries":[{"Condition":{"Value":"New"},"LowestPrice":{"Amount":19.99,"Currency":"EUR","DisplayAmount":"19,99 € (1,00 € / unidad)","PricePerUnit":1.0}}]}},{"ASIN":"B08CZWD2LW","DetailPageURL":"https://www.amazon.es/dp/B08CZWD2LW?tag=topinalambricos-21&linkCode=osi&th=1&psc=1","Images":{"Primary":{"Small":{"Height":75,"URL":"https://m.media-amazon.com/images/I/51ZwHyTUAAL._SL75_.jpg","Width":75}}},"ItemInfo":{"ByLineInfo":{"Brand":{"DisplayValue":"Hallmark","Label":"Brand","Locale":"es_ES"},"Manufacturer":{"DisplayValue":"Hallmark","Label":"Manufacturer","Locale":"es_ES"}},"Title":{"DisplayValue":"Hallmark Bolsa de regalo grande para múltiples ocasiones, diseño de corazones de papel kraft","Label":"Title","Locale":"es_ES"}},"Offers":{"Summaries":[{"Condition":{"Value":"New"},"LowestPrice":{"Amount":8.52,"Currency":"EUR","DisplayAmount":"8,52 €"}}]}},{"ASIN":"B09XB785FL","DetailPageURL":"https://www.amazon.es/dp/B09XB785FL?tag=topinalambricos-21&linkCode=osi&th=1&psc=1","Images":{"Primary":{"Small":{"Height":75,"URL":"https://m.media-amazon.com/images/I/41fYgoyiCvL._SL75_.jpg","Width":75}}},"ItemInfo":{"ByLineInfo":{"Brand":{"DisplayValue":"SZXMDKH","Label":"Brand","Locale":"es_ES"},"Manufacturer":{"DisplayValue":"SZXMDKH","Label":"Manufacturer","Locale":"es_ES"}},"Title":{"DisplayValue":"Pegatinas de corazón de colores, 500 unidades, 25 mm, color rojo, autoadhesivas de corazón, etiquetas de codificación de corazón, calcomanías de papel brillante para manualidades","Label":"Title","Locale":"es_ES"}},"Offers":{"Summaries":[{"Condition":{"Value":"New"},"LowestPrice":{"Amount":7.06,"Currency":"EUR","DisplayAmount":"7,06 € (0,01 € / unidad)","PricePerUnit":0.01}}]}},{"ASIN":"B06XGG3MZL","DetailPageURL":"https://www.amazon.es/dp/B06XGG3MZL?tag=topinalambricos-21&linkCode=osi&th=1&psc=1","Images":{"Primary":{"Small":{"Height":75,"URL":"https://m.media-amazon.com/images/I/31IQd9kYMsL._SL75_.jpg","Width":75}}},"ItemInfo":{"ByLineInfo":{"Brand":{"DisplayValue":"younikat","Label":"Brand","Locale":"es_ES"},"Manufacturer":{"DisplayValue":"easydruck24de","Label":"Manufacturer","Locale":"es_ES"}},"Title":{"DisplayValue":"Juego de papel de carta romántico | membretes de carta con sobre | 50 hojas en DIN A4 | rosa corazón papel con estampado | amor boda San Valentin invitación | dv_157","Label":"Title","Locale":"es_ES"}},"Offers":{"Summaries":[{"Condition":{"Value":"New"},"LowestPrice":{"Amount":15.9,"Currency":"EUR","DisplayAmount":"15,90 €"}}]}},{"ASIN":"B09412X2GR","DetailPageURL":"https://www.amazon.es/dp/B09412X2GR?tag=topinalambricos-21&linkCode=osi&th=1&psc=1","Images":{"Primary":{"Small":{"Height":75,"URL":"https://m.media-amazon.com/images/I/51mB5x3NqQS._SL75_.jpg","Width":75}}},"ItemInfo":{"ByLineInfo":{"Brand":{"DisplayValue":"ARKRAFT","Label":"Brand","Locale":"es_ES"}},"Title":{"DisplayValue":"ARKRAFT Tarjeta papel de regalo 3 hojas XXL San Valentín boda corazón blanco (18-8995)","Label":"Title","Locale":"es_ES"}},"Offers":{"Summaries":[{"Condition":{"Value":"New"},"LowestPrice":{"Amount":6.9,"Currency":"EUR","DisplayAmount":"6,90 €"}}]}},{"ASIN":"B09Q5QYN31","DetailPageURL":"https://www.amazon.es/dp/B09Q5QYN31?tag=topinalambricos-21&linkCode=osi&th=1&psc=1","Images":{"Primary":{"Small":{"Height":75,"URL":"https://m.media-amazon.com/images/I/41gL7dCvf3L._SL75_.jpg","Width":75}}},"ItemInfo":{"ByLineInfo":{"Brand":{"DisplayValue":"Hemiks","Label":"Brand","Locale":"es_ES"},"Manufacturer":{"DisplayValue":"Hemiks","Label":"Manufacturer","Locale":"es_ES"}},"Title":{"DisplayValue":"Sobres de papel Kraft, 20 mini sobres de tarjeta de regalo con cierre de corazón para cumpleaños, día del padre, día de la madre, día de Navidad, día de San Valentín (7 x 10,5 cm)","Label":"Title","Locale":"es_ES"}},"Offers":{"Summaries":[{"Condition":{"Value":"New"},"LowestPrice":{"Amount":5.99,"Currency":"EUR","DisplayAmount":"5,99 € (0,30 € / unidad)","PricePerUnit":0.3}}]}}],"SearchURL":"https://www.amazon.es/s?k=corazon+papel&rh=n%3A3628728031%2Cp_n_availability%3A-1&tag=topinalambricos-21&linkCode=osi","TotalResultCount":1000}},"24":{"SearchResult":{"Items":[{"ASIN":"B083F7X9P2","DetailPageURL":"https://www.amazon.es/dp/B083F7X9P2?tag=topinalambricos-21&linkCode=osi&th=1&psc=1","Images":{"Primary":{"Small":{"Height":75,"URL":"https://m.media-amazon.com/images/I/41FHiR7uAHL._SL75_.jpg","Width":75}}},"ItemInfo":{"ByLineInfo":{"Brand":{"DisplayValue":"Clairefontaine","Label":"Brand","Locale":"es_ES"},"Manufacturer":{"DisplayValue":"Clairefontaine Rhodia","Label":"Manufacturer","Locale":"es_ES"}},"Title":{"DisplayValue":"Clairefontaine, 223862C, Rollo de papel de regalo, Excellia Tiny Rolls, 5m x 35cm, 80g, Corazones","Label":"Title","Locale":"es_ES"}},"Offers":{"Summaries":[{"Condition":{"Value":"New"},"LowestPrice":{"Amount":5.91,"Currency":"EUR","DisplayAmount":"5,91 € (3,38 € / metro cuadrado)","PricePerUnit":3.38}}]}},{"ASIN":"B01IDCT3C2","DetailPageURL":"https://www.amazon.es/dp/B01IDCT3C2?tag=topinalambricos-21&linkCode=osi&th=1&psc=1","Images":{"Primary":{"Small":{"Height":75,"URL":"https://m.media-amazon.com/images/I/415+wvFc3SL._SL75_.jpg","Width":67}}},"ItemInfo":{"ByLineInfo":{"Brand":{"DisplayValue":"DOHE","Label":"Brand","Locale":"es_ES"},"Manufacturer":{"DisplayValue":"Dohe","Label":"Manufacturer","Locale":"es_ES"}},"Title":{"DisplayValue":"Dohe 75016 - Pack de 250 cubos de notas adhesivas en forma de \"corazón\", 70 x 70 mm","Label":"Title","Locale":"es_ES"}},"Offers":{"Summaries":[{"Condition":{"Value":"New"},"LowestPrice":{"Amount":3.36,"Currency":"EUR","DisplayAmount":"3,36 € (0,01 € / unidad)","PricePerUnit":0.01}}]}},{"ASIN":"B09KTTVT6T","DetailPageURL":"https://www.amazon.es/dp/B09KTTVT6T?tag=topinalambricos-21&linkCode=osi&th=1&psc=1","Images":{"Primary":{"Small":{"Height":75,"URL":"https://m.media-amazon.com/images/I/51yRbsOTwkL._SL75_.jpg","Width":75}}},"ItemInfo":{"ByLineInfo":{"Brand":{"DisplayValue":"COLOFALLA","Label":"Brand","Locale":"es_ES"}},"Title":{"DisplayValue":"6hojas Papel de Regalo San Valentín Corazones 50×70cm + 2rollos Cinta de Satén Papel para Envolver Regalos Cumpleaños Fiesta Manualidades DIY Blanco Rojo (A)","Label":"Title","Locale":"es_ES"}},"Offers":{"Summaries":[{"Condition":{"Value":"New"},"LowestPrice":{"Amount":8.99,"Currency":"EUR","DisplayAmount":"8,99 €"}}]}},{"ASIN":"B09DSHZQKD","DetailPageURL":"https://www.amazon.es/dp/B09DSHZQKD?tag=topinalambricos-21&linkCode=osi&th=1&psc=1","Images":{"Primary":{"Small":{"Height":75,"URL":"https://m.media-amazon.com/images/I/61+3M810meL._SL75_.jpg","Width":75}}},"ItemInfo":{"ByLineInfo":{"Brand":{"DisplayValue":"ZaliOan","Label":"Brand","Locale":"es_ES"}},"Title":{"DisplayValue":"Papel de Regalo Corazón,4 * 85 * 60cm Papel Regalo con 4*Cuerda de mariposa,4*Tarjetas,4*Etiquetas para Mujer,Hombre,Cumpleaños,Navidad,Boda","Label":"Title","Locale":"es_ES"}},"Offers":{"Summaries":[{"Condition":{"Value":"New"},"LowestPrice":{"Amount":5.99,"Currency":"EUR","DisplayAmount":"5,99 €"}}]}},{"ASIN":"B07W54YM4T","DetailPageURL":"https://www.amazon.es/dp/B07W54YM4T?tag=topinalambricos-21&linkCode=osi&th=1&psc=1","Images":{"Primary":{"Small":{"Height":75,"URL":"https://m.media-amazon.com/images/I/41hlOSR2ZLL._SL75_.jpg","Width":75}}},"ItemInfo":{"ByLineInfo":{"Brand":{"DisplayValue":"BELLE VOUS","Label":"Brand","Locale":"es_ES"},"Manufacturer":{"DisplayValue":"BELLE VOUS","Label":"Manufacturer","Locale":"es_ES"}},"Title":{"DisplayValue":"Belle Vous Bolsas de Papel Blancas con Asas y Diseño Corazones Dorado Metálico (Pack de 20) - 16 x 22 x 8 cm - Bolsas Papel Kraft para Cumpleaños, Bodas, Baby Shower y Compras","Label":"Title","Locale":"es_ES"}},"Offers":{"Summaries":[{"Condition":{"Value":"New"},"LowestPrice":{"Amount":19.99,"Currency":"EUR","DisplayAmount":"19,99 € (1,00 € / unidad)","PricePerUnit":1.0}}]}},{"ASIN":"B08CZWD2LW","DetailPageURL":"https://www.amazon.es/dp/B08CZWD2LW?tag=topinalambricos-21&linkCode=osi&th=1&psc=1","Images":{"Primary":{"Small":{"Height":75,"URL":"https://m.media-amazon.com/images/I/51ZwHyTUAAL._SL75_.jpg","Width":75}}},"ItemInfo":{"ByLineInfo":{"Brand":{"DisplayValue":"Hallmark","Label":"Brand","Locale":"es_ES"},"Manufacturer":{"DisplayValue":"Hallmark","Label":"Manufacturer","Locale":"es_ES"}},"Title":{"DisplayValue":"Hallmark Bolsa de regalo grande para múltiples ocasiones, diseño de corazones de papel kraft","Label":"Title","Locale":"es_ES"}},"Offers":{"Summaries":[{"Condition":{"Value":"New"},"LowestPrice":{"Amount":8.52,"Currency":"EUR","DisplayAmount":"8,52 €"}}]}},{"ASIN":"B09XB785FL","DetailPageURL":"https://www.amazon.es/dp/B09XB785FL?tag=topinalambricos-21&linkCode=osi&th=1&psc=1","Images":{"Primary":{"Small":{"Height":75,"URL":"https://m.media-amazon.com/images/I/41fYgoyiCvL._SL75_.jpg","Width":75}}},"ItemInfo":{"ByLineInfo":{"Brand":{"DisplayValue":"SZXMDKH","Label":"Brand","Locale":"es_ES"},"Manufacturer":{"DisplayValue":"SZXMDKH","Label":"Manufacturer","Locale":"es_ES"}},"Title":{"DisplayValue":"Pegatinas de corazón de colores, 500 unidades, 25 mm, color rojo, autoadhesivas de corazón, etiquetas de codificación de corazón, calcomanías de papel brillante para manualidades","Label":"Title","Locale":"es_ES"}},"Offers":{"Summaries":[{"Condition":{"Value":"New"},"LowestPrice":{"Amount":7.06,"Currency":"EUR","DisplayAmount":"7,06 € (0,01 € / unidad)","PricePerUnit":0.01}}]}},{"ASIN":"B06XGG3MZL","DetailPageURL":"https://www.amazon.es/dp/B06XGG3MZL?tag=topinalambricos-21&linkCode=osi&th=1&psc=1","Images":{"Primary":{"Small":{"Height":75,"URL":"https://m.media-amazon.com/images/I/31IQd9kYMsL._SL75_.jpg","Width":75}}},"ItemInfo":{"ByLineInfo":{"Brand":{"DisplayValue":"younikat","Label":"Brand","Locale":"es_ES"},"Manufacturer":{"DisplayValue":"easydruck24de","Label":"Manufacturer","Locale":"es_ES"}},"Title":{"DisplayValue":"Juego de papel de carta romántico | membretes de carta con sobre | 50 hojas en DIN A4 | rosa corazón papel con estampado | amor boda San Valentin invitación | dv_157","Label":"Title","Locale":"es_ES"}},"Offers":{"Summaries":[{"Condition":{"Value":"New"},"LowestPrice":{"Amount":15.9,"Currency":"EUR","DisplayAmount":"15,90 €"}}]}},{"ASIN":"B09412X2GR","DetailPageURL":"https://www.amazon.es/dp/B09412X2GR?tag=topinalambricos-21&linkCode=osi&th=1&psc=1","Images":{"Primary":{"Small":{"Height":75,"URL":"https://m.media-amazon.com/images/I/51mB5x3NqQS._SL75_.jpg","Width":75}}},"ItemInfo":{"ByLineInfo":{"Brand":{"DisplayValue":"ARKRAFT","Label":"Brand","Locale":"es_ES"}},"Title":{"DisplayValue":"ARKRAFT Tarjeta papel de regalo 3 hojas XXL San Valentín boda corazón blanco (18-8995)","Label":"Title","Locale":"es_ES"}},"Offers":{"Summaries":[{"Condition":{"Value":"New"},"LowestPrice":{"Amount":6.9,"Currency":"EUR","DisplayAmount":"6,90 €"}}]}},{"ASIN":"B09Q5QYN31","DetailPageURL":"https://www.amazon.es/dp/B09Q5QYN31?tag=topinalambricos-21&linkCode=osi&th=1&psc=1","Images":{"Primary":{"Small":{"Height":75,"URL":"https://m.media-amazon.com/images/I/41gL7dCvf3L._SL75_.jpg","Width":75}}},"ItemInfo":{"ByLineInfo":{"Brand":{"DisplayValue":"Hemiks","Label":"Brand","Locale":"es_ES"},"Manufacturer":{"DisplayValue":"Hemiks","Label":"Manufacturer","Locale":"es_ES"}},"Title":{"DisplayValue":"Sobres de papel Kraft, 20 mini sobres de tarjeta de regalo con cierre de corazón para cumpleaños, día del padre, día de la madre, día de Navidad, día de San Valentín (7 x 10,5 cm)","Label":"Title","Locale":"es_ES"}},"Offers":{"Summaries":[{"Condition":{"Value":"New"},"LowestPrice":{"Amount":5.99,"Currency":"EUR","DisplayAmount":"5,99 € (0,30 € / unidad)","PricePerUnit":0.3}}]}}],"SearchURL":"https://www.amazon.es/s?k=corazon+papel&rh=n%3A3628728031%2Cp_n_availability%3A-1&tag=topinalambricos-21&linkCode=osi","TotalResultCount":1000}},"25":{"SearchResult":{"Items":[{"ASIN":"B083F7X9P2","DetailPageURL":"https://www.amazon.es/dp/B083F7X9P2?tag=topinalambricos-21&linkCode=osi&th=1&psc=1","Images":{"Primary":{"Small":{"Height":75,"URL":"https://m.media-amazon.com/images/I/41FHiR7uAHL._SL75_.jpg","Width":75}}},"ItemInfo":{"ByLineInfo":{"Brand":{"DisplayValue":"Clairefontaine","Label":"Brand","Locale":"es_ES"},"Manufacturer":{"DisplayValue":"Clairefontaine Rhodia","Label":"Manufacturer","Locale":"es_ES"}},"Title":{"DisplayValue":"Clairefontaine, 223862C, Rollo de papel de regalo, Excellia Tiny Rolls, 5m x 35cm, 80g, Corazones","Label":"Title","Locale":"es_ES"}},"Offers":{"Summaries":[{"Condition":{"Value":"New"},"LowestPrice":{"Amount":5.91,"Currency":"EUR","DisplayAmount":"5,91 € (3,38 € / metro cuadrado)","PricePerUnit":3.38}}]}},{"ASIN":"B01IDCT3C2","DetailPageURL":"https://www.amazon.es/dp/B01IDCT3C2?tag=topinalambricos-21&linkCode=osi&th=1&psc=1","Images":{"Primary":{"Small":{"Height":75,"URL":"https://m.media-amazon.com/images/I/415+wvFc3SL._SL75_.jpg","Width":67}}},"ItemInfo":{"ByLineInfo":{"Brand":{"DisplayValue":"DOHE","Label":"Brand","Locale":"es_ES"},"Manufacturer":{"DisplayValue":"Dohe","Label":"Manufacturer","Locale":"es_ES"}},"Title":{"DisplayValue":"Dohe 75016 - Pack de 250 cubos de notas adhesivas en forma de \"corazón\", 70 x 70 mm","Label":"Title","Locale":"es_ES"}},"Offers":{"Summaries":[{"Condition":{"Value":"New"},"LowestPrice":{"Amount":3.36,"Currency":"EUR","DisplayAmount":"3,36 € (0,01 € / unidad)","PricePerUnit":0.01}}]}},{"ASIN":"B09KTTVT6T","DetailPageURL":"https://www.amazon.es/dp/B09KTTVT6T?tag=topinalambricos-21&linkCode=osi&th=1&psc=1","Images":{"Primary":{"Small":{"Height":75,"URL":"https://m.media-amazon.com/images/I/51yRbsOTwkL._SL75_.jpg","Width":75}}},"ItemInfo":{"ByLineInfo":{"Brand":{"DisplayValue":"COLOFALLA","Label":"Brand","Locale":"es_ES"}},"Title":{"DisplayValue":"6hojas Papel de Regalo San Valentín Corazones 50×70cm + 2rollos Cinta de Satén Papel para Envolver Regalos Cumpleaños Fiesta Manualidades DIY Blanco Rojo (A)","Label":"Title","Locale":"es_ES"}},"Offers":{"Summaries":[{"Condition":{"Value":"New"},"LowestPrice":{"Amount":8.99,"Currency":"EUR","DisplayAmount":"8,99 €"}}]}},{"ASIN":"B09DSHZQKD","DetailPageURL":"https://www.amazon.es/dp/B09DSHZQKD?tag=topinalambricos-21&linkCode=osi&th=1&psc=1","Images":{"Primary":{"Small":{"Height":75,"URL":"https://m.media-amazon.com/images/I/61+3M810meL._SL75_.jpg","Width":75}}},"ItemInfo":{"ByLineInfo":{"Brand":{"DisplayValue":"ZaliOan","Label":"Brand","Locale":"es_ES"}},"Title":{"DisplayValue":"Papel de Regalo Corazón,4 * 85 * 60cm Papel Regalo con 4*Cuerda de mariposa,4*Tarjetas,4*Etiquetas para Mujer,Hombre,Cumpleaños,Navidad,Boda","Label":"Title","Locale":"es_ES"}},"Offers":{"Summaries":[{"Condition":{"Value":"New"},"LowestPrice":{"Amount":5.99,"Currency":"EUR","DisplayAmount":"5,99 €"}}]}},{"ASIN":"B07W54YM4T","DetailPageURL":"https://www.amazon.es/dp/B07W54YM4T?tag=topinalambricos-21&linkCode=osi&th=1&psc=1","Images":{"Primary":{"Small":{"Height":75,"URL":"https://m.media-amazon.com/images/I/41hlOSR2ZLL._SL75_.jpg","Width":75}}},"ItemInfo":{"ByLineInfo":{"Brand":{"DisplayValue":"BELLE VOUS","Label":"Brand","Locale":"es_ES"},"Manufacturer":{"DisplayValue":"BELLE VOUS","Label":"Manufacturer","Locale":"es_ES"}},"Title":{"DisplayValue":"Belle Vous Bolsas de Papel Blancas con Asas y Diseño Corazones Dorado Metálico (Pack de 20) - 16 x 22 x 8 cm - Bolsas Papel Kraft para Cumpleaños, Bodas, Baby Shower y Compras","Label":"Title","Locale":"es_ES"}},"Offers":{"Summaries":[{"Condition":{"Value":"New"},"LowestPrice":{"Amount":19.99,"Currency":"EUR","DisplayAmount":"19,99 € (1,00 € / unidad)","PricePerUnit":1.0}}]}},{"ASIN":"B08CZWD2LW","DetailPageURL":"https://www.amazon.es/dp/B08CZWD2LW?tag=topinalambricos-21&linkCode=osi&th=1&psc=1","Images":{"Primary":{"Small":{"Height":75,"URL":"https://m.media-amazon.com/images/I/51ZwHyTUAAL._SL75_.jpg","Width":75}}},"ItemInfo":{"ByLineInfo":{"Brand":{"DisplayValue":"Hallmark","Label":"Brand","Locale":"es_ES"},"Manufacturer":{"DisplayValue":"Hallmark","Label":"Manufacturer","Locale":"es_ES"}},"Title":{"DisplayValue":"Hallmark Bolsa de regalo grande para múltiples ocasiones, diseño de corazones de papel kraft","Label":"Title","Locale":"es_ES"}},"Offers":{"Summaries":[{"Condition":{"Value":"New"},"LowestPrice":{"Amount":8.52,"Currency":"EUR","DisplayAmount":"8,52 €"}}]}},{"ASIN":"B09XB785FL","DetailPageURL":"https://www.amazon.es/dp/B09XB785FL?tag=topinalambricos-21&linkCode=osi&th=1&psc=1","Images":{"Primary":{"Small":{"Height":75,"URL":"https://m.media-amazon.com/images/I/41fYgoyiCvL._SL75_.jpg","Width":75}}},"ItemInfo":{"ByLineInfo":{"Brand":{"DisplayValue":"SZXMDKH","Label":"Brand","Locale":"es_ES"},"Manufacturer":{"DisplayValue":"SZXMDKH","Label":"Manufacturer","Locale":"es_ES"}},"Title":{"DisplayValue":"Pegatinas de corazón de colores, 500 unidades, 25 mm, color rojo, autoadhesivas de corazón, etiquetas de codificación de corazón, calcomanías de papel brillante para manualidades","Label":"Title","Locale":"es_ES"}},"Offers":{"Summaries":[{"Condition":{"Value":"New"},"LowestPrice":{"Amount":7.06,"Currency":"EUR","DisplayAmount":"7,06 € (0,01 € / unidad)","PricePerUnit":0.01}}]}},{"ASIN":"B06XGG3MZL","DetailPageURL":"https://www.amazon.es/dp/B06XGG3MZL?tag=topinalambricos-21&linkCode=osi&th=1&psc=1","Images":{"Primary":{"Small":{"Height":75,"URL":"https://m.media-amazon.com/images/I/31IQd9kYMsL._SL75_.jpg","Width":75}}},"ItemInfo":{"ByLineInfo":{"Brand":{"DisplayValue":"younikat","Label":"Brand","Locale":"es_ES"},"Manufacturer":{"DisplayValue":"easydruck24de","Label":"Manufacturer","Locale":"es_ES"}},"Title":{"DisplayValue":"Juego de papel de carta romántico | membretes de carta con sobre | 50 hojas en DIN A4 | rosa corazón papel con estampado | amor boda San Valentin invitación | dv_157","Label":"Title","Locale":"es_ES"}},"Offers":{"Summaries":[{"Condition":{"Value":"New"},"LowestPrice":{"Amount":15.9,"Currency":"EUR","DisplayAmount":"15,90 €"}}]}},{"ASIN":"B09412X2GR","DetailPageURL":"https://www.amazon.es/dp/B09412X2GR?tag=topinalambricos-21&linkCode=osi&th=1&psc=1","Images":{"Primary":{"Small":{"Height":75,"URL":"https://m.media-amazon.com/images/I/51mB5x3NqQS._SL75_.jpg","Width":75}}},"ItemInfo":{"ByLineInfo":{"Brand":{"DisplayValue":"ARKRAFT","Label":"Brand","Locale":"es_ES"}},"Title":{"DisplayValue":"ARKRAFT Tarjeta papel de regalo 3 hojas XXL San Valentín boda corazón blanco (18-8995)","Label":"Title","Locale":"es_ES"}},"Offers":{"Summaries":[{"Condition":{"Value":"New"},"LowestPrice":{"Amount":6.9,"Currency":"EUR","DisplayAmount":"6,90 €"}}]}},{"ASIN":"B09Q5QYN31","DetailPageURL":"https://www.amazon.es/dp/B09Q5QYN31?tag=topinalambricos-21&linkCode=osi&th=1&psc=1","Images":{"Primary":{"Small":{"Height":75,"URL":"https://m.media-amazon.com/images/I/41gL7dCvf3L._SL75_.jpg","Width":75}}},"ItemInfo":{"ByLineInfo":{"Brand":{"DisplayValue":"Hemiks","Label":"Brand","Locale":"es_ES"},"Manufacturer":{"DisplayValue":"Hemiks","Label":"Manufacturer","Locale":"es_ES"}},"Title":{"DisplayValue":"Sobres de papel Kraft, 20 mini sobres de tarjeta de regalo con cierre de corazón para cumpleaños, día del padre, día de la madre, día de Navidad, día de San Valentín (7 x 10,5 cm)","Label":"Title","Locale":"es_ES"}},"Offers":{"Summaries":[{"Condition":{"Value":"New"},"LowestPrice":{"Amount":5.99,"Currency":"EUR","DisplayAmount":"5,99 € (0,30 € / unidad)","PricePerUnit":0.3}}]}}],"SearchURL":"https://www.amazon.es/s?k=corazon+papel&rh=n%3A3628728031%2Cp_n_availability%3A-1&tag=topinalambricos-21&linkCode=osi","TotalResultCount":1000}},"26":{"SearchResult":{"Items":[{"ASIN":"B09R7X6C2X","DetailPageURL":"https://www.amazon.es/dp/B09R7X6C2X?tag=topinalambricos-21&linkCode=osi&th=1&psc=1","Images":{"Primary":{"Small":{"Height":75,"URL":"https://m.media-amazon.com/images/I/51N0l327-cL._SL75_.jpg","Width":75}}},"ItemInfo":{"ByLineInfo":{"Brand":{"DisplayValue":"Logbuch-Verlag","Label":"Brand","Locale":"es_ES"},"Manufacturer":{"DisplayValue":"Jeanette Dietl","Label":"Manufacturer","Locale":"es_ES"}},"Title":{"DisplayValue":"Logbuch-Verlag Pack de 6 Corazones de Tela para Colgar en Tonos Pastel y neutros con Lunares y Cuerda Yute - Corazones decoración Tela","Label":"Title","Locale":"es_ES"}},"Offers":{"Summaries":[{"Condition":{"Value":"Used"},"LowestPrice":{"Amount":14.41,"Currency":"EUR","DisplayAmount":"14,41 € (2,40 € / unidad)","PricePerUnit":2.4}},{"Condition":{"Value":"New"},"LowestPrice":{"Amount":16.0,"Currency":"EUR","DisplayAmount":"16,00 € (2,67 € / unidad)","PricePerUnit":2.67}}]}},{"ASIN":"B071ZVQG5T","DetailPageURL":"https://www.amazon.es/dp/B071ZVQG5T?tag=topinalambricos-21&linkCode=osi&th=1&psc=1","Images":{"Primary":{"Small":{"Height":75,"URL":"https://m.media-amazon.com/images/I/61wz9XKdhrL._SL75_.jpg","Width":75}}},"ItemInfo":{"ByLineInfo":{"Brand":{"DisplayValue":"Textiles français","Label":"Brand","Locale":"es_ES"},"Manufacturer":{"DisplayValue":"Textiles français","Label":"Manufacturer","Locale":"es_ES"}},"Title":{"DisplayValue":"Textiles français Tela de algodón Estampada ‘Corazones de Amor’ - Crema y Gris Medio sobre un Fondo Rojo - 100% algodón Suave | Ancho: 160 cm (por Metro Lineal)*","Label":"Title","Locale":"es_ES"}},"Offers":{"Summaries":[{"Condition":{"Value":"New"},"LowestPrice":{"Amount":14.95,"Currency":"EUR","DisplayAmount":"14,95 €"}}]}},{"ASIN":"B07QY7QW7V","DetailPageURL":"https://www.amazon.es/dp/B07QY7QW7V?tag=topinalambricos-21&linkCode=osi&th=1&psc=1","Images":{"Primary":{"Small":{"Height":75,"URL":"https://m.media-amazon.com/images/I/61CAmDJ5y0L._SL75_.jpg","Width":75}}},"ItemInfo":{"ByLineInfo":{"Brand":{"DisplayValue":"ABAKUHAUS","Label":"Brand","Locale":"es_ES"},"Manufacturer":{"DisplayValue":"ABAKUHAUS","Label":"Manufacturer","Locale":"es_ES"}},"Title":{"DisplayValue":"ABAKUHAUS Amor Tela por Metro, Corazones de San Valentín, Decorativa para Tapicería y Textiles del Hogar, 1M (148x100cm), Gris rosado blanco caliente","Label":"Title","Locale":"es_ES"}},"Offers":{"Summaries":[{"Condition":{"Value":"New"},"LowestPrice":{"Amount":17.95,"Currency":"EUR","DisplayAmount":"17,95 €"}}]}},{"ASIN":"B08QVWWJHK","DetailPageURL":"https://www.amazon.es/dp/B08QVWWJHK?tag=topinalambricos-21&linkCode=osi&th=1&psc=1","Images":{"Primary":{"Small":{"Height":56,"URL":"https://m.media-amazon.com/images/I/61XgFiz-KGL._SL75_.jpg","Width":75}}},"ItemInfo":{"ByLineInfo":{"Brand":{"DisplayValue":"textil pertex","Label":"Brand","Locale":"es_ES"},"Manufacturer":{"DisplayValue":"textil pertex","Label":"Manufacturer","Locale":"es_ES"}},"Title":{"DisplayValue":"telas de disney, telas de algodon, telas de MINNIE CORAZONES, telas infantiles, algodón orgánico, 1 metro x 140 cms.","Label":"Title","Locale":"es_ES"}},"Offers":{"Summaries":[{"Condition":{"Value":"New"},"LowestPrice":{"Amount":12.95,"Currency":"EUR","DisplayAmount":"12,95 €"}}]}},{"ASIN":"B01MUHVI3D","DetailPageURL":"https://www.amazon.es/dp/B01MUHVI3D?tag=topinalambricos-21&linkCode=osi&th=1&psc=1","Images":{"Primary":{"Small":{"Height":51,"URL":"https://m.media-amazon.com/images/I/51E1qRQy7fL._SL75_.jpg","Width":75}}},"ItemInfo":{"ByLineInfo":{"Brand":{"DisplayValue":"StoffBook","Label":"Brand","Locale":"es_ES"},"Manufacturer":{"DisplayValue":"stoffbook.de","Label":"Manufacturer","Locale":"es_ES"}},"Title":{"DisplayValue":"StoffBook Tela Espuma DE Goma Artesanal EVA Brillante 2MM, D232 Oro","Label":"Title","Locale":"es_ES"}},"Offers":{"Summaries":[{"Condition":{"Value":"New"},"LowestPrice":{"Amount":6.58,"Currency":"EUR","DisplayAmount":"6,58 € (14,62 € / metro cuadrado)","PricePerUnit":14.62}}]}},{"ASIN":"B00NSQ06XO","DetailPageURL":"https://www.amazon.es/dp/B00NSQ06XO?tag=topinalambricos-21&linkCode=osi&th=1&psc=1","Images":{"Primary":{"Small":{"Height":75,"URL":"https://m.media-amazon.com/images/I/51kkCBNPDlL._SL75_.jpg","Width":75}}},"ItemInfo":{"ByLineInfo":{"Brand":{"DisplayValue":"Textiles français","Label":"Brand","Locale":"es_ES"},"Manufacturer":{"DisplayValue":"Textiles français","Label":"Manufacturer","Locale":"es_ES"}},"Title":{"DisplayValue":"Tela gris perlado y blanco - Corazones - 100% algodón suave | ancho: 140cm (1 metro)","Label":"Title","Locale":"es_ES"}},"Offers":{"Summaries":[{"Condition":{"Value":"New"},"LowestPrice":{"Amount":11.95,"Currency":"EUR","DisplayAmount":"11,95 €"}}]}},{"ASIN":"B01BNGMLKG","DetailPageURL":"https://www.amazon.es/dp/B01BNGMLKG?tag=topinalambricos-21&linkCode=osi&th=1&psc=1","Images":{"Primary":{"Small":{"Height":62,"URL":"https://m.media-amazon.com/images/I/41GmtsdFM5L._SL75_.jpg","Width":75}}},"ItemInfo":{"ByLineInfo":{"Brand":{"DisplayValue":"Glorex","Label":"Brand","Locale":"es_ES"},"Manufacturer":{"DisplayValue":"GLOREX GmbH","Label":"Manufacturer","Locale":"es_ES"}},"Title":{"DisplayValue":"Glorex Corazón de Fieltro, Rojo, 4 cm, 10","Label":"Title","Locale":"es_ES"}},"Offers":{"Summaries":[{"Condition":{"Value":"New"},"LowestPrice":{"Amount":5.41,"Currency":"EUR","DisplayAmount":"5,41 € (0,54 € / unidad)","PricePerUnit":0.54}}]}},{"ASIN":"B072JPY1QG","DetailPageURL":"https://www.amazon.es/dp/B072JPY1QG?tag=topinalambricos-21&linkCode=osi&th=1&psc=1","Images":{"Primary":{"Small":{"Height":75,"URL":"https://m.media-amazon.com/images/I/61w+sZcjcQL._SL75_.jpg","Width":75}}},"ItemInfo":{"ByLineInfo":{"Brand":{"DisplayValue":"Textiles français","Label":"Brand","Locale":"es_ES"},"Manufacturer":{"DisplayValue":"Textiles français","Label":"Manufacturer","Locale":"es_ES"}},"Title":{"DisplayValue":"Textiles français Tela de algodón Estampada ‘Corazones de Amor’ - Rojo y Gris Medio sobre un Fondo Crema - 100% algodón Suave | Ancho: 160 cm (por Metro Lineal)*","Label":"Title","Locale":"es_ES"}},"Offers":{"Summaries":[{"Condition":{"Value":"New"},"LowestPrice":{"Amount":14.95,"Currency":"EUR","DisplayAmount":"14,95 €"}}]}},{"ASIN":"B07MCZRT7Z","DetailPageURL":"https://www.amazon.es/dp/B07MCZRT7Z?tag=topinalambricos-21&linkCode=osi&th=1&psc=1","Images":{"Primary":{"Small":{"Height":75,"URL":"https://m.media-amazon.com/images/I/515vjQ1+PqL._SL75_.jpg","Width":75}}},"ItemInfo":{"ByLineInfo":{"Brand":{"DisplayValue":"Pingianer","Label":"Brand","Locale":"es_ES"},"Manufacturer":{"DisplayValue":"Pingianer","Label":"Manufacturer","Locale":"es_ES"}},"Title":{"DisplayValue":"Pingianer Tela de algodón para niños, 100 x 160 cm, 100 % algodón, venta por metros, para artesanías y costura, diseño de liebre, luna, corazón blanco, diseño de corazones blancos y rojos, pequeño,","Label":"Title","Locale":"es_ES"}},"Offers":{"Summaries":[{"Condition":{"Value":"New"},"LowestPrice":{"Amount":14.99,"Currency":"EUR","DisplayAmount":"14,99 €"}}]}},{"ASIN":"B08VR9K6CX","DetailPageURL":"https://www.amazon.es/dp/B08VR9K6CX?tag=topinalambricos-21&linkCode=osi&th=1&psc=1","Images":{"Primary":{"Small":{"Height":75,"URL":"https://m.media-amazon.com/images/I/31pySzfMLwL._SL75_.jpg","Width":55}}},"ItemInfo":{"ByLineInfo":{"Brand":{"DisplayValue":"Creativery","Label":"Brand","Locale":"es_ES"},"Manufacturer":{"DisplayValue":"Creativery","Label":"Manufacturer","Locale":"es_ES"}},"Title":{"DisplayValue":"Creativery Tela de tul de 9 m x 15 cm, terciopelo con corazones, rollo transparente para manualidades, faldas de tul y disfraces, selección de colores: rosa 148","Label":"Title","Locale":"es_ES"}},"Offers":{"Summaries":[{"Condition":{"Value":"New"},"LowestPrice":{"Amount":7.91,"Currency":"EUR","DisplayAmount":"7,91 €"}}]}}],"SearchURL":"https://www.amazon.es/s?k=corazon+tela&rh=n%3A4358080031%2Cp_n_availability%3A-1&tag=topinalambricos-21&linkCode=osi","TotalResultCount":1000}},"27":{"SearchResult":{"Items":[{"ASIN":"B09R7X6C2X","DetailPageURL":"https://www.amazon.es/dp/B09R7X6C2X?tag=topinalambricos-21&linkCode=osi&th=1&psc=1","Images":{"Primary":{"Small":{"Height":75,"URL":"https://m.media-amazon.com/images/I/51N0l327-cL._SL75_.jpg","Width":75}}},"ItemInfo":{"ByLineInfo":{"Brand":{"DisplayValue":"Logbuch-Verlag","Label":"Brand","Locale":"es_ES"},"Manufacturer":{"DisplayValue":"Jeanette Dietl","Label":"Manufacturer","Locale":"es_ES"}},"Title":{"DisplayValue":"Logbuch-Verlag Pack de 6 Corazones de Tela para Colgar en Tonos Pastel y neutros con Lunares y Cuerda Yute - Corazones decoración Tela","Label":"Title","Locale":"es_ES"}},"Offers":{"Summaries":[{"Condition":{"Value":"Used"},"LowestPrice":{"Amount":14.41,"Currency":"EUR","DisplayAmount":"14,41 € (2,40 € / unidad)","PricePerUnit":2.4}},{"Condition":{"Value":"New"},"LowestPrice":{"Amount":16.0,"Currency":"EUR","DisplayAmount":"16,00 € (2,67 € / unidad)","PricePerUnit":2.67}}]}},{"ASIN":"B071ZVQG5T","DetailPageURL":"https://www.amazon.es/dp/B071ZVQG5T?tag=topinalambricos-21&linkCode=osi&th=1&psc=1","Images":{"Primary":{"Small":{"Height":75,"URL":"https://m.media-amazon.com/images/I/61wz9XKdhrL._SL75_.jpg","Width":75}}},"ItemInfo":{"ByLineInfo":{"Brand":{"DisplayValue":"Textiles français","Label":"Brand","Locale":"es_ES"},"Manufacturer":{"DisplayValue":"Textiles français","Label":"Manufacturer","Locale":"es_ES"}},"Title":{"DisplayValue":"Textiles français Tela de algodón Estampada ‘Corazones de Amor’ - Crema y Gris Medio sobre un Fondo Rojo - 100% algodón Suave | Ancho: 160 cm (por Metro Lineal)*","Label":"Title","Locale":"es_ES"}},"Offers":{"Summaries":[{"Condition":{"Value":"New"},"LowestPrice":{"Amount":14.95,"Currency":"EUR","DisplayAmount":"14,95 €"}}]}},{"ASIN":"B07QY7QW7V","DetailPageURL":"https://www.amazon.es/dp/B07QY7QW7V?tag=topinalambricos-21&linkCode=osi&th=1&psc=1","Images":{"Primary":{"Small":{"Height":75,"URL":"https://m.media-amazon.com/images/I/61CAmDJ5y0L._SL75_.jpg","Width":75}}},"ItemInfo":{"ByLineInfo":{"Brand":{"DisplayValue":"ABAKUHAUS","Label":"Brand","Locale":"es_ES"},"Manufacturer":{"DisplayValue":"ABAKUHAUS","Label":"Manufacturer","Locale":"es_ES"}},"Title":{"DisplayValue":"ABAKUHAUS Amor Tela por Metro, Corazones de San Valentín, Decorativa para Tapicería y Textiles del Hogar, 1M (148x100cm), Gris rosado blanco caliente","Label":"Title","Locale":"es_ES"}},"Offers":{"Summaries":[{"Condition":{"Value":"New"},"LowestPrice":{"Amount":17.95,"Currency":"EUR","DisplayAmount":"17,95 €"}}]}},{"ASIN":"B08QVWWJHK","DetailPageURL":"https://www.amazon.es/dp/B08QVWWJHK?tag=topinalambricos-21&linkCode=osi&th=1&psc=1","Images":{"Primary":{"Small":{"Height":56,"URL":"https://m.media-amazon.com/images/I/61XgFiz-KGL._SL75_.jpg","Width":75}}},"ItemInfo":{"ByLineInfo":{"Brand":{"DisplayValue":"textil pertex","Label":"Brand","Locale":"es_ES"},"Manufacturer":{"DisplayValue":"textil pertex","Label":"Manufacturer","Locale":"es_ES"}},"Title":{"DisplayValue":"telas de disney, telas de algodon, telas de MINNIE CORAZONES, telas infantiles, algodón orgánico, 1 metro x 140 cms.","Label":"Title","Locale":"es_ES"}},"Offers":{"Summaries":[{"Condition":{"Value":"New"},"LowestPrice":{"Amount":12.95,"Currency":"EUR","DisplayAmount":"12,95 €"}}]}},{"ASIN":"B01MUHVI3D","DetailPageURL":"https://www.amazon.es/dp/B01MUHVI3D?tag=topinalambricos-21&linkCode=osi&th=1&psc=1","Images":{"Primary":{"Small":{"Height":51,"URL":"https://m.media-amazon.com/images/I/51E1qRQy7fL._SL75_.jpg","Width":75}}},"ItemInfo":{"ByLineInfo":{"Brand":{"DisplayValue":"StoffBook","Label":"Brand","Locale":"es_ES"},"Manufacturer":{"DisplayValue":"stoffbook.de","Label":"Manufacturer","Locale":"es_ES"}},"Title":{"DisplayValue":"StoffBook Tela Espuma DE Goma Artesanal EVA Brillante 2MM, D232 Oro","Label":"Title","Locale":"es_ES"}},"Offers":{"Summaries":[{"Condition":{"Value":"New"},"LowestPrice":{"Amount":6.58,"Currency":"EUR","DisplayAmount":"6,58 € (14,62 € / metro cuadrado)","PricePerUnit":14.62}}]}},{"ASIN":"B00NSQ06XO","DetailPageURL":"https://www.amazon.es/dp/B00NSQ06XO?tag=topinalambricos-21&linkCode=osi&th=1&psc=1","Images":{"Primary":{"Small":{"Height":75,"URL":"https://m.media-amazon.com/images/I/51kkCBNPDlL._SL75_.jpg","Width":75}}},"ItemInfo":{"ByLineInfo":{"Brand":{"DisplayValue":"Textiles français","Label":"Brand","Locale":"es_ES"},"Manufacturer":{"DisplayValue":"Textiles français","Label":"Manufacturer","Locale":"es_ES"}},"Title":{"DisplayValue":"Tela gris perlado y blanco - Corazones - 100% algodón suave | ancho: 140cm (1 metro)","Label":"Title","Locale":"es_ES"}},"Offers":{"Summaries":[{"Condition":{"Value":"New"},"LowestPrice":{"Amount":11.95,"Currency":"EUR","DisplayAmount":"11,95 €"}}]}},{"ASIN":"B01BNGMLKG","DetailPageURL":"https://www.amazon.es/dp/B01BNGMLKG?tag=topinalambricos-21&linkCode=osi&th=1&psc=1","Images":{"Primary":{"Small":{"Height":62,"URL":"https://m.media-amazon.com/images/I/41GmtsdFM5L._SL75_.jpg","Width":75}}},"ItemInfo":{"ByLineInfo":{"Brand":{"DisplayValue":"Glorex","Label":"Brand","Locale":"es_ES"},"Manufacturer":{"DisplayValue":"GLOREX GmbH","Label":"Manufacturer","Locale":"es_ES"}},"Title":{"DisplayValue":"Glorex Corazón de Fieltro, Rojo, 4 cm, 10","Label":"Title","Locale":"es_ES"}},"Offers":{"Summaries":[{"Condition":{"Value":"New"},"LowestPrice":{"Amount":5.41,"Currency":"EUR","DisplayAmount":"5,41 € (0,54 € / unidad)","PricePerUnit":0.54}}]}},{"ASIN":"B072JPY1QG","DetailPageURL":"https://www.amazon.es/dp/B072JPY1QG?tag=topinalambricos-21&linkCode=osi&th=1&psc=1","Images":{"Primary":{"Small":{"Height":75,"URL":"https://m.media-amazon.com/images/I/61w+sZcjcQL._SL75_.jpg","Width":75}}},"ItemInfo":{"ByLineInfo":{"Brand":{"DisplayValue":"Textiles français","Label":"Brand","Locale":"es_ES"},"Manufacturer":{"DisplayValue":"Textiles français","Label":"Manufacturer","Locale":"es_ES"}},"Title":{"DisplayValue":"Textiles français Tela de algodón Estampada ‘Corazones de Amor’ - Rojo y Gris Medio sobre un Fondo Crema - 100% algodón Suave | Ancho: 160 cm (por Metro Lineal)*","Label":"Title","Locale":"es_ES"}},"Offers":{"Summaries":[{"Condition":{"Value":"New"},"LowestPrice":{"Amount":14.95,"Currency":"EUR","DisplayAmount":"14,95 €"}}]}},{"ASIN":"B07MCZRT7Z","DetailPageURL":"https://www.amazon.es/dp/B07MCZRT7Z?tag=topinalambricos-21&linkCode=osi&th=1&psc=1","Images":{"Primary":{"Small":{"Height":75,"URL":"https://m.media-amazon.com/images/I/515vjQ1+PqL._SL75_.jpg","Width":75}}},"ItemInfo":{"ByLineInfo":{"Brand":{"DisplayValue":"Pingianer","Label":"Brand","Locale":"es_ES"},"Manufacturer":{"DisplayValue":"Pingianer","Label":"Manufacturer","Locale":"es_ES"}},"Title":{"DisplayValue":"Pingianer Tela de algodón para niños, 100 x 160 cm, 100 % algodón, venta por metros, para artesanías y costura, diseño de liebre, luna, corazón blanco, diseño de corazones blancos y rojos, pequeño,","Label":"Title","Locale":"es_ES"}},"Offers":{"Summaries":[{"Condition":{"Value":"New"},"LowestPrice":{"Amount":14.99,"Currency":"EUR","DisplayAmount":"14,99 €"}}]}},{"ASIN":"B08VR9K6CX","DetailPageURL":"https://www.amazon.es/dp/B08VR9K6CX?tag=topinalambricos-21&linkCode=osi&th=1&psc=1","Images":{"Primary":{"Small":{"Height":75,"URL":"https://m.media-amazon.com/images/I/31pySzfMLwL._SL75_.jpg","Width":55}}},"ItemInfo":{"ByLineInfo":{"Brand":{"DisplayValue":"Creativery","Label":"Brand","Locale":"es_ES"},"Manufacturer":{"DisplayValue":"Creativery","Label":"Manufacturer","Locale":"es_ES"}},"Title":{"DisplayValue":"Creativery Tela de tul de 9 m x 15 cm, terciopelo con corazones, rollo transparente para manualidades, faldas de tul y disfraces, selección de colores: rosa 148","Label":"Title","Locale":"es_ES"}},"Offers":{"Summaries":[{"Condition":{"Value":"New"},"LowestPrice":{"Amount":7.91,"Currency":"EUR","DisplayAmount":"7,91 €"}}]}}],"SearchURL":"https://www.amazon.es/s?k=corazon+tela&rh=n%3A4358080031%2Cp_n_availability%3A-1&tag=topinalambricos-21&linkCode=osi","TotalResultCount":1000}},"28":{"SearchResult":{"Items":[{"ASIN":"B07LB3FDQW","DetailPageURL":"https://www.amazon.es/dp/B07LB3FDQW?tag=topinalambricos-21&linkCode=osi&th=1&psc=1","Images":{"Primary":{"Small":{"Height":68,"URL":"https://m.media-amazon.com/images/I/51i8QZQTmEL._SL75_.jpg","Width":75}}},"ItemInfo":{"ByLineInfo":{"Brand":{"DisplayValue":"Lactraum","Label":"Brand","Locale":"es_ES"},"Manufacturer":{"DisplayValue":"Lactraum","Label":"Manufacturer","Locale":"es_ES"}},"Title":{"DisplayValue":"Lactraum Cortina blanca transparente con ojales para habitación de niña, diseño de románticos corazones bordados, 145 x 245 cm","Label":"Title","Locale":"es_ES"}},"Offers":{"Summaries":[{"Condition":{"Value":"New"},"LowestPrice":{"Amount":26.95,"Currency":"EUR","DisplayAmount":"26,95 €"}}]}},{"ASIN":"B07PTX22C6","DetailPageURL":"https://www.amazon.es/dp/B07PTX22C6?tag=topinalambricos-21&linkCode=osi&th=1&psc=1","Images":{"Primary":{"Small":{"Height":75,"URL":"https://m.media-amazon.com/images/I/61gbjzSdPRL._SL75_.jpg","Width":75}}},"ItemInfo":{"ByLineInfo":{"Brand":{"DisplayValue":"Norme","Label":"Brand","Locale":"es_ES"},"Manufacturer":{"DisplayValue":"Norme","Label":"Manufacturer","Locale":"es_ES"}},"Title":{"DisplayValue":"2 Piezas de Panel de Cortina de Hilos Blanco con Patrón de Corazón","Label":"Title","Locale":"es_ES"}},"Offers":{"Summaries":[{"Condition":{"Value":"New"},"LowestPrice":{"Amount":12.99,"Currency":"EUR","DisplayAmount":"12,99 €"}}]}},{"ASIN":"B07312YGJF","DetailPageURL":"https://www.amazon.es/dp/B07312YGJF?tag=topinalambricos-21&linkCode=osi&th=1&psc=1","Images":{"Primary":{"Small":{"Height":75,"URL":"https://m.media-amazon.com/images/I/61PvusbUhGL._SL75_.jpg","Width":75}}},"ItemInfo":{"ByLineInfo":{"Brand":{"DisplayValue":"UOOOM","Label":"Brand","Locale":"es_ES"},"Manufacturer":{"DisplayValue":"UOOOM","Label":"Manufacturer","Locale":"es_ES"}},"Title":{"DisplayValue":"100 * 200 cm Cortina con Flecos para Habitación Salon,Cortina Decorativa para Puerta o Ventana, Diseño de Corazón Romántico (Rojo Vino)","Label":"Title","Locale":"es_ES"}},"Offers":{"Summaries":[{"Condition":{"Value":"New"},"LowestPrice":{"Amount":9.0,"Currency":"EUR","DisplayAmount":"9,00 €"}}]}},{"ASIN":"B08NPFQ2WW","DetailPageURL":"https://www.amazon.es/dp/B08NPFQ2WW?tag=topinalambricos-21&linkCode=osi&th=1&psc=1","Images":{"Primary":{"Small":{"Height":75,"URL":"https://m.media-amazon.com/images/I/41mSXaAl4SL._SL75_.jpg","Width":75}}},"ItemInfo":{"ByLineInfo":{"Brand":{"DisplayValue":"HERCHR","Label":"Brand","Locale":"es_ES"},"Manufacturer":{"DisplayValue":"HERCHR","Label":"Manufacturer","Locale":"es_ES"}},"Title":{"DisplayValue":"HERCHR Cortina de Dormitorio Cortinas Opacas para Ventana para decoración de Puertas de Sala de Estar 3,28 x 6,56 pies, patrón de impresión de corazón de Amor(Amarillo)","Label":"Title","Locale":"es_ES"}},"Offers":{"Summaries":[{"Condition":{"Value":"New"},"LowestPrice":{"Amount":7.39,"Currency":"EUR","DisplayAmount":"7,39 €"}}]}},{"ASIN":"B0BHNNNVPD","DetailPageURL":"https://www.amazon.es/dp/B0BHNNNVPD?tag=topinalambricos-21&linkCode=osi&th=1&psc=1","Images":{"Primary":{"Small":{"Height":75,"URL":"https://m.media-amazon.com/images/I/214O2FiTTGL._SL75_.jpg","Width":75}}},"ItemInfo":{"ByLineInfo":{"Brand":{"DisplayValue":"LOLAhome","Label":"Brand","Locale":"es_ES"},"Manufacturer":{"DisplayValue":"LOLAhome","Label":"Manufacturer","Locale":"es_ES"}},"Title":{"DisplayValue":"LOLAhome Cortina Bordada de Corazones Blanca de Tela de 70x110 cm","Label":"Title","Locale":"es_ES"}},"Offers":{"Summaries":[{"Condition":{"Value":"New"},"LowestPrice":{"Amount":16.95,"Currency":"EUR","DisplayAmount":"16,95 €"}}]}},{"ASIN":"B0C5JN1DJR","DetailPageURL":"https://www.amazon.es/dp/B0C5JN1DJR?tag=topinalambricos-21&linkCode=osi&th=1&psc=1","Images":{"Primary":{"Small":{"Height":75,"URL":"https://m.media-amazon.com/images/I/51pkaKwXvVL._SL75_.jpg","Width":75}}},"ItemInfo":{"ByLineInfo":{"Brand":{"DisplayValue":"Hapivida","Label":"Brand","Locale":"es_ES"},"Manufacturer":{"DisplayValue":"Hapivida","Label":"Manufacturer","Locale":"es_ES"}},"Title":{"DisplayValue":"Hapivida Cortinas Transparentes, Patrón en Forma de Corazón Cortina de Ventana de Dormitorio Sala de Estar Cortina Semitransparente Decoración de Habitación(Colorful)","Label":"Title","Locale":"es_ES"}},"Offers":{"Summaries":[{"Condition":{"Value":"New"},"LowestPrice":{"Amount":11.39,"Currency":"EUR","DisplayAmount":"11,39 €"}}]}},{"ASIN":"B08GJTKZWZ","DetailPageURL":"https://www.amazon.es/dp/B08GJTKZWZ?tag=topinalambricos-21&linkCode=osi&th=1&psc=1","Images":{"Primary":{"Small":{"Height":75,"URL":"https://m.media-amazon.com/images/I/41cUSu4tWYS._SL75_.jpg","Width":74}}},"ItemInfo":{"ByLineInfo":{"Brand":{"DisplayValue":"GIRASOLE HOME","Label":"Brand","Locale":"es_ES"},"Manufacturer":{"DisplayValue":"GIRASOLE HOME SRLS","Label":"Manufacturer","Locale":"es_ES"}},"Title":{"DisplayValue":"Girasol - Par de cortinas blancas de lino de algodón y poliéster con bordado de corazón, color gris, estilo shabby chic, 2 paneles con bolsillo (gris, 60 x 150 cm)","Label":"Title","Locale":"es_ES"}},"Offers":{"Summaries":[{"Condition":{"Value":"New"},"LowestPrice":{"Amount":30.5,"Currency":"EUR","DisplayAmount":"30,50 €"}}]}},{"ASIN":"B09N6N5434","DetailPageURL":"https://www.amazon.es/dp/B09N6N5434?tag=topinalambricos-21&linkCode=osi&th=1&psc=1","Images":{"Primary":{"Small":{"Height":75,"URL":"https://m.media-amazon.com/images/I/51EmuD8MTwL._SL75_.jpg","Width":75}}},"ItemInfo":{"ByLineInfo":{"Brand":{"DisplayValue":"Vagasi","Label":"Brand","Locale":"es_ES"},"Manufacturer":{"DisplayValue":"Vagasi","Label":"Manufacturer","Locale":"es_ES"}},"Title":{"DisplayValue":"Vagasi Paquete de 2 Cortinas de Hilo 100x200cm Cortina de Puerta de Boda Cortina de Hilo de Hotel con Patrón de Corazón de Amor Bonito para Dormitorio Restaurante Fotografía Fondo, Beige","Label":"Title","Locale":"es_ES"}},"Offers":{"Summaries":[{"Condition":{"Value":"New"},"LowestPrice":{"Amount":12.99,"Currency":"EUR","DisplayAmount":"12,99 €"}}]}},{"ASIN":"B082V2L9M9","DetailPageURL":"https://www.amazon.es/dp/B082V2L9M9?tag=topinalambricos-21&linkCode=osi&th=1&psc=1","Images":{"Primary":{"Small":{"Height":75,"URL":"https://m.media-amazon.com/images/I/61T2avgWXaL._SL75_.jpg","Width":75}}},"ItemInfo":{"ByLineInfo":{"Brand":{"DisplayValue":"Sayala","Label":"Brand","Locale":"es_ES"},"Manufacturer":{"DisplayValue":"Hall","Label":"Manufacturer","Locale":"es_ES"}},"Title":{"DisplayValue":"4pz Decoraciones del día de San Valentín Cortinas de Ventana Encaje romántico Corazón Cadena Colgando Suministros de decoración de Fiesta de Boda","Label":"Title","Locale":"es_ES"}},"Offers":{"Summaries":[{"Condition":{"Value":"New"},"LowestPrice":{"Amount":25.2,"Currency":"EUR","DisplayAmount":"25,20 €"}}]}},{"ASIN":"B003RRY97S","DetailPageURL":"https://www.amazon.es/dp/B003RRY97S?tag=topinalambricos-21&linkCode=osi&th=1&psc=1","Images":{"Primary":{"Small":{"Height":75,"URL":"https://m.media-amazon.com/images/I/41peWd-bH-L._SL75_.jpg","Width":63}}},"ItemInfo":{"ByLineInfo":{"Brand":{"DisplayValue":"Made By You","Label":"Brand","Locale":"es_ES"},"Manufacturer":{"DisplayValue":"Made By You","Label":"Manufacturer","Locale":"es_ES"}},"Title":{"DisplayValue":"Made by You 13086 - Cortinas de corazones [Importado de Alemania]","Label":"Title","Locale":"es_ES"}},"Offers":{"Summaries":[{"Condition":{"Value":"New"},"LowestPrice":{"Amount":9.8,"Currency":"EUR","DisplayAmount":"9,80 €"}}]}}],"SearchURL":"https://www.amazon.es/s?k=corazon+cortina&rh=n%3A2844228031%2Cp_n_availability%3A-1&tag=topinalambricos-21&linkCode=osi","TotalResultCount":1000}},"29":{"SearchResult":{"Items":[{"ASIN":"B07LB3FDQW","DetailPageURL":"https://www.amazon.es/dp/B07LB3FDQW?tag=topinalambricos-21&linkCode=osi&th=1&psc=1","Images":{"Primary":{"Small":{"Height":68,"URL":"https://m.media-amazon.com/images/I/51i8QZQTmEL._SL75_.jpg","Width":75}}},"ItemInfo":{"ByLineInfo":{"Brand":{"DisplayValue":"Lactraum","Label":"Brand","Locale":"es_ES"},"Manufacturer":{"DisplayValue":"Lactraum","Label":"Manufacturer","Locale":"es_ES"}},"Title":{"DisplayValue":"Lactraum Cortina blanca transparente con ojales para habitación de niña, diseño de románticos corazones bordados, 145 x 245 cm","Label":"Title","Locale":"es_ES"}},"Offers":{"Summaries":[{"Condition":{"Value":"New"},"LowestPrice":{"Amount":26.95,"Currency":"EUR","DisplayAmount":"26,95 €"}}]}},{"ASIN":"B07PTX22C6","DetailPageURL":"https://www.amazon.es/dp/B07PTX22C6?tag=topinalambricos-21&linkCode=osi&th=1&psc=1","Images":{"Primary":{"Small":{"Height":75,"URL":"https://m.media-amazon.com/images/I/61gbjzSdPRL._SL75_.jpg","Width":75}}},"ItemInfo":{"ByLineInfo":{"Brand":{"DisplayValue":"Norme","Label":"Brand","Locale":"es_ES"},"Manufacturer":{"DisplayValue":"Norme","Label":"Manufacturer","Locale":"es_ES"}},"Title":{"DisplayValue":"2 Piezas de Panel de Cortina de Hilos Blanco con Patrón de Corazón","Label":"Title","Locale":"es_ES"}},"Offers":{"Summaries":[{"Condition":{"Value":"New"},"LowestPrice":{"Amount":12.99,"Currency":"EUR","DisplayAmount":"12,99 €"}}]}},{"ASIN":"B07312YGJF","DetailPageURL":"https://www.amazon.es/dp/B07312YGJF?tag=topinalambricos-21&linkCode=osi&th=1&psc=1","Images":{"Primary":{"Small":{"Height":75,"URL":"https://m.media-amazon.com/images/I/61PvusbUhGL._SL75_.jpg","Width":75}}},"ItemInfo":{"ByLineInfo":{"Brand":{"DisplayValue":"UOOOM","Label":"Brand","Locale":"es_ES"},"Manufacturer":{"DisplayValue":"UOOOM","Label":"Manufacturer","Locale":"es_ES"}},"Title":{"DisplayValue":"100 * 200 cm Cortina con Flecos para Habitación Salon,Cortina Decorativa para Puerta o Ventana, Diseño de Corazón Romántico (Rojo Vino)","Label":"Title","Locale":"es_ES"}},"Offers":{"Summaries":[{"Condition":{"Value":"New"},"LowestPrice":{"Amount":9.0,"Currency":"EUR","DisplayAmount":"9,00 €"}}]}},{"ASIN":"B08NPFQ2WW","DetailPageURL":"https://www.amazon.es/dp/B08NPFQ2WW?tag=topinalambricos-21&linkCode=osi&th=1&psc=1","Images":{"Primary":{"Small":{"Height":75,"URL":"https://m.media-amazon.com/images/I/41mSXaAl4SL._SL75_.jpg","Width":75}}},"ItemInfo":{"ByLineInfo":{"Brand":{"DisplayValue":"HERCHR","Label":"Brand","Locale":"es_ES"},"Manufacturer":{"DisplayValue":"HERCHR","Label":"Manufacturer","Locale":"es_ES"}},"Title":{"DisplayValue":"HERCHR Cortina de Dormitorio Cortinas Opacas para Ventana para decoración de Puertas de Sala de Estar 3,28 x 6,56 pies, patrón de impresión de corazón de Amor(Amarillo)","Label":"Title","Locale":"es_ES"}},"Offers":{"Summaries":[{"Condition":{"Value":"New"},"LowestPrice":{"Amount":7.39,"Currency":"EUR","DisplayAmount":"7,39 €"}}]}},{"ASIN":"B0BHNNNVPD","DetailPageURL":"https://www.amazon.es/dp/B0BHNNNVPD?tag=topinalambricos-21&linkCode=osi&th=1&psc=1","Images":{"Primary":{"Small":{"Height":75,"URL":"https://m.media-amazon.com/images/I/214O2FiTTGL._SL75_.jpg","Width":75}}},"ItemInfo":{"ByLineInfo":{"Brand":{"DisplayValue":"LOLAhome","Label":"Brand","Locale":"es_ES"},"Manufacturer":{"DisplayValue":"LOLAhome","Label":"Manufacturer","Locale":"es_ES"}},"Title":{"DisplayValue":"LOLAhome Cortina Bordada de Corazones Blanca de Tela de 70x110 cm","Label":"Title","Locale":"es_ES"}},"Offers":{"Summaries":[{"Condition":{"Value":"New"},"LowestPrice":{"Amount":16.95,"Currency":"EUR","DisplayAmount":"16,95 €"}}]}},{"ASIN":"B0C5JN1DJR","DetailPageURL":"https://www.amazon.es/dp/B0C5JN1DJR?tag=topinalambricos-21&linkCode=osi&th=1&psc=1","Images":{"Primary":{"Small":{"Height":75,"URL":"https://m.media-amazon.com/images/I/51pkaKwXvVL._SL75_.jpg","Width":75}}},"ItemInfo":{"ByLineInfo":{"Brand":{"DisplayValue":"Hapivida","Label":"Brand","Locale":"es_ES"},"Manufacturer":{"DisplayValue":"Hapivida","Label":"Manufacturer","Locale":"es_ES"}},"Title":{"DisplayValue":"Hapivida Cortinas Transparentes, Patrón en Forma de Corazón Cortina de Ventana de Dormitorio Sala de Estar Cortina Semitransparente Decoración de Habitación(Colorful)","Label":"Title","Locale":"es_ES"}},"Offers":{"Summaries":[{"Condition":{"Value":"New"},"LowestPrice":{"Amount":11.39,"Currency":"EUR","DisplayAmount":"11,39 €"}}]}},{"ASIN":"B08GJTKZWZ","DetailPageURL":"https://www.amazon.es/dp/B08GJTKZWZ?tag=topinalambricos-21&linkCode=osi&th=1&psc=1","Images":{"Primary":{"Small":{"Height":75,"URL":"https://m.media-amazon.com/images/I/41cUSu4tWYS._SL75_.jpg","Width":74}}},"ItemInfo":{"ByLineInfo":{"Brand":{"DisplayValue":"GIRASOLE HOME","Label":"Brand","Locale":"es_ES"},"Manufacturer":{"DisplayValue":"GIRASOLE HOME SRLS","Label":"Manufacturer","Locale":"es_ES"}},"Title":{"DisplayValue":"Girasol - Par de cortinas blancas de lino de algodón y poliéster con bordado de corazón, color gris, estilo shabby chic, 2 paneles con bolsillo (gris, 60 x 150 cm)","Label":"Title","Locale":"es_ES"}},"Offers":{"Summaries":[{"Condition":{"Value":"New"},"LowestPrice":{"Amount":30.5,"Currency":"EUR","DisplayAmount":"30,50 €"}}]}},{"ASIN":"B09N6N5434","DetailPageURL":"https://www.amazon.es/dp/B09N6N5434?tag=topinalambricos-21&linkCode=osi&th=1&psc=1","Images":{"Primary":{"Small":{"Height":75,"URL":"https://m.media-amazon.com/images/I/51EmuD8MTwL._SL75_.jpg","Width":75}}},"ItemInfo":{"ByLineInfo":{"Brand":{"DisplayValue":"Vagasi","Label":"Brand","Locale":"es_ES"},"Manufacturer":{"DisplayValue":"Vagasi","Label":"Manufacturer","Locale":"es_ES"}},"Title":{"DisplayValue":"Vagasi Paquete de 2 Cortinas de Hilo 100x200cm Cortina de Puerta de Boda Cortina de Hilo de Hotel con Patrón de Corazón de Amor Bonito para Dormitorio Restaurante Fotografía Fondo, Beige","Label":"Title","Locale":"es_ES"}},"Offers":{"Summaries":[{"Condition":{"Value":"New"},"LowestPrice":{"Amount":12.99,"Currency":"EUR","DisplayAmount":"12,99 €"}}]}},{"ASIN":"B082V2L9M9","DetailPageURL":"https://www.amazon.es/dp/B082V2L9M9?tag=topinalambricos-21&linkCode=osi&th=1&psc=1","Images":{"Primary":{"Small":{"Height":75,"URL":"https://m.media-amazon.com/images/I/61T2avgWXaL._SL75_.jpg","Width":75}}},"ItemInfo":{"ByLineInfo":{"Brand":{"DisplayValue":"Sayala","Label":"Brand","Locale":"es_ES"},"Manufacturer":{"DisplayValue":"Hall","Label":"Manufacturer","Locale":"es_ES"}},"Title":{"DisplayValue":"4pz Decoraciones del día de San Valentín Cortinas de Ventana Encaje romántico Corazón Cadena Colgando Suministros de decoración de Fiesta de Boda","Label":"Title","Locale":"es_ES"}},"Offers":{"Summaries":[{"Condition":{"Value":"New"},"LowestPrice":{"Amount":25.2,"Currency":"EUR","DisplayAmount":"25,20 €"}}]}},{"ASIN":"B003RRY97S","DetailPageURL":"https://www.amazon.es/dp/B003RRY97S?tag=topinalambricos-21&linkCode=osi&th=1&psc=1","Images":{"Primary":{"Small":{"Height":75,"URL":"https://m.media-amazon.com/images/I/41peWd-bH-L._SL75_.jpg","Width":63}}},"ItemInfo":{"ByLineInfo":{"Brand":{"DisplayValue":"Made By You","Label":"Brand","Locale":"es_ES"},"Manufacturer":{"DisplayValue":"Made By You","Label":"Manufacturer","Locale":"es_ES"}},"Title":{"DisplayValue":"Made by You 13086 - Cortinas de corazones [Importado de Alemania]","Label":"Title","Locale":"es_ES"}},"Offers":{"Summaries":[{"Condition":{"Value":"New"},"LowestPrice":{"Amount":9.8,"Currency":"EUR","DisplayAmount":"9,80 €"}}]}}],"SearchURL":"https://www.amazon.es/s?k=corazon+cortina&rh=n%3A2844228031%2Cp_n_availability%3A-1&tag=topinalambricos-21&linkCode=osi","TotalResultCount":1000}},"30":{"SearchResult":{"Items":[{"ASIN":"B07LB3FDQW","DetailPageURL":"https://www.amazon.es/dp/B07LB3FDQW?tag=topinalambricos-21&linkCode=osi&th=1&psc=1","Images":{"Primary":{"Small":{"Height":68,"URL":"https://m.media-amazon.com/images/I/51i8QZQTmEL._SL75_.jpg","Width":75}}},"ItemInfo":{"ByLineInfo":{"Brand":{"DisplayValue":"Lactraum","Label":"Brand","Locale":"es_ES"},"Manufacturer":{"DisplayValue":"Lactraum","Label":"Manufacturer","Locale":"es_ES"}},"Title":{"DisplayValue":"Lactraum Cortina blanca transparente con ojales para habitación de niña, diseño de románticos corazones bordados, 145 x 245 cm","Label":"Title","Locale":"es_ES"}},"Offers":{"Summaries":[{"Condition":{"Value":"New"},"LowestPrice":{"Amount":26.95,"Currency":"EUR","DisplayAmount":"26,95 €"}}]}},{"ASIN":"B07PTX22C6","DetailPageURL":"https://www.amazon.es/dp/B07PTX22C6?tag=topinalambricos-21&linkCode=osi&th=1&psc=1","Images":{"Primary":{"Small":{"Height":75,"URL":"https://m.media-amazon.com/images/I/61gbjzSdPRL._SL75_.jpg","Width":75}}},"ItemInfo":{"ByLineInfo":{"Brand":{"DisplayValue":"Norme","Label":"Brand","Locale":"es_ES"},"Manufacturer":{"DisplayValue":"Norme","Label":"Manufacturer","Locale":"es_ES"}},"Title":{"DisplayValue":"2 Piezas de Panel de Cortina de Hilos Blanco con Patrón de Corazón","Label":"Title","Locale":"es_ES"}},"Offers":{"Summaries":[{"Condition":{"Value":"New"},"LowestPrice":{"Amount":12.99,"Currency":"EUR","DisplayAmount":"12,99 €"}}]}},{"ASIN":"B07312YGJF","DetailPageURL":"https://www.amazon.es/dp/B07312YGJF?tag=topinalambricos-21&linkCode=osi&th=1&psc=1","Images":{"Primary":{"Small":{"Height":75,"URL":"https://m.media-amazon.com/images/I/61PvusbUhGL._SL75_.jpg","Width":75}}},"ItemInfo":{"ByLineInfo":{"Brand":{"DisplayValue":"UOOOM","Label":"Brand","Locale":"es_ES"},"Manufacturer":{"DisplayValue":"UOOOM","Label":"Manufacturer","Locale":"es_ES"}},"Title":{"DisplayValue":"100 * 200 cm Cortina con Flecos para Habitación Salon,Cortina Decorativa para Puerta o Ventana, Diseño de Corazón Romántico (Rojo Vino)","Label":"Title","Locale":"es_ES"}},"Offers":{"Summaries":[{"Condition":{"Value":"New"},"LowestPrice":{"Amount":9.0,"Currency":"EUR","DisplayAmount":"9,00 €"}}]}},{"ASIN":"B08NPFQ2WW","DetailPageURL":"https://www.amazon.es/dp/B08NPFQ2WW?tag=topinalambricos-21&linkCode=osi&th=1&psc=1","Images":{"Primary":{"Small":{"Height":75,"URL":"https://m.media-amazon.com/images/I/41mSXaAl4SL._SL75_.jpg","Width":75}}},"ItemInfo":{"ByLineInfo":{"Brand":{"DisplayValue":"HERCHR","Label":"Brand","Locale":"es_ES"},"Manufacturer":{"DisplayValue":"HERCHR","Label":"Manufacturer","Locale":"es_ES"}},"Title":{"DisplayValue":"HERCHR Cortina de Dormitorio Cortinas Opacas para Ventana para decoración de Puertas de Sala de Estar 3,28 x 6,56 pies, patrón de impresión de corazón de Amor(Amarillo)","Label":"Title","Locale":"es_ES"}},"Offers":{"Summaries":[{"Condition":{"Value":"New"},"LowestPrice":{"Amount":7.39,"Currency":"EUR","DisplayAmount":"7,39 €"}}]}},{"ASIN":"B0BHNNNVPD","DetailPageURL":"https://www.amazon.es/dp/B0BHNNNVPD?tag=topinalambricos-21&linkCode=osi&th=1&psc=1","Images":{"Primary":{"Small":{"Height":75,"URL":"https://m.media-amazon.com/images/I/214O2FiTTGL._SL75_.jpg","Width":75}}},"ItemInfo":{"ByLineInfo":{"Brand":{"DisplayValue":"LOLAhome","Label":"Brand","Locale":"es_ES"},"Manufacturer":{"DisplayValue":"LOLAhome","Label":"Manufacturer","Locale":"es_ES"}},"Title":{"DisplayValue":"LOLAhome Cortina Bordada de Corazones Blanca de Tela de 70x110 cm","Label":"Title","Locale":"es_ES"}},"Offers":{"Summaries":[{"Condition":{"Value":"New"},"LowestPrice":{"Amount":16.95,"Currency":"EUR","DisplayAmount":"16,95 €"}}]}},{"ASIN":"B0C5JN1DJR","DetailPageURL":"https://www.amazon.es/dp/B0C5JN1DJR?tag=topinalambricos-21&linkCode=osi&th=1&psc=1","Images":{"Primary":{"Small":{"Height":75,"URL":"https://m.media-amazon.com/images/I/51pkaKwXvVL._SL75_.jpg","Width":75}}},"ItemInfo":{"ByLineInfo":{"Brand":{"DisplayValue":"Hapivida","Label":"Brand","Locale":"es_ES"},"Manufacturer":{"DisplayValue":"Hapivida","Label":"Manufacturer","Locale":"es_ES"}},"Title":{"DisplayValue":"Hapivida Cortinas Transparentes, Patrón en Forma de Corazón Cortina de Ventana de Dormitorio Sala de Estar Cortina Semitransparente Decoración de Habitación(Colorful)","Label":"Title","Locale":"es_ES"}},"Offers":{"Summaries":[{"Condition":{"Value":"New"},"LowestPrice":{"Amount":11.39,"Currency":"EUR","DisplayAmount":"11,39 €"}}]}},{"ASIN":"B08GJTKZWZ","DetailPageURL":"https://www.amazon.es/dp/B08GJTKZWZ?tag=topinalambricos-21&linkCode=osi&th=1&psc=1","Images":{"Primary":{"Small":{"Height":75,"URL":"https://m.media-amazon.com/images/I/41cUSu4tWYS._SL75_.jpg","Width":74}}},"ItemInfo":{"ByLineInfo":{"Brand":{"DisplayValue":"GIRASOLE HOME","Label":"Brand","Locale":"es_ES"},"Manufacturer":{"DisplayValue":"GIRASOLE HOME SRLS","Label":"Manufacturer","Locale":"es_ES"}},"Title":{"DisplayValue":"Girasol - Par de cortinas blancas de lino de algodón y poliéster con bordado de corazón, color gris, estilo shabby chic, 2 paneles con bolsillo (gris, 60 x 150 cm)","Label":"Title","Locale":"es_ES"}},"Offers":{"Summaries":[{"Condition":{"Value":"New"},"LowestPrice":{"Amount":30.5,"Currency":"EUR","DisplayAmount":"30,50 €"}}]}},{"ASIN":"B09N6N5434","DetailPageURL":"https://www.amazon.es/dp/B09N6N5434?tag=topinalambricos-21&linkCode=osi&th=1&psc=1","Images":{"Primary":{"Small":{"Height":75,"URL":"https://m.media-amazon.com/images/I/51EmuD8MTwL._SL75_.jpg","Width":75}}},"ItemInfo":{"ByLineInfo":{"Brand":{"DisplayValue":"Vagasi","Label":"Brand","Locale":"es_ES"},"Manufacturer":{"DisplayValue":"Vagasi","Label":"Manufacturer","Locale":"es_ES"}},"Title":{"DisplayValue":"Vagasi Paquete de 2 Cortinas de Hilo 100x200cm Cortina de Puerta de Boda Cortina de Hilo de Hotel con Patrón de Corazón de Amor Bonito para Dormitorio Restaurante Fotografía Fondo, Beige","Label":"Title","Locale":"es_ES"}},"Offers":{"Summaries":[{"Condition":{"Value":"New"},"LowestPrice":{"Amount":12.99,"Currency":"EUR","DisplayAmount":"12,99 €"}}]}},{"ASIN":"B082V2L9M9","DetailPageURL":"https://www.amazon.es/dp/B082V2L9M9?tag=topinalambricos-21&linkCode=osi&th=1&psc=1","Images":{"Primary":{"Small":{"Height":75,"URL":"https://m.media-amazon.com/images/I/61T2avgWXaL._SL75_.jpg","Width":75}}},"ItemInfo":{"ByLineInfo":{"Brand":{"DisplayValue":"Sayala","Label":"Brand","Locale":"es_ES"},"Manufacturer":{"DisplayValue":"Hall","Label":"Manufacturer","Locale":"es_ES"}},"Title":{"DisplayValue":"4pz Decoraciones del día de San Valentín Cortinas de Ventana Encaje romántico Corazón Cadena Colgando Suministros de decoración de Fiesta de Boda","Label":"Title","Locale":"es_ES"}},"Offers":{"Summaries":[{"Condition":{"Value":"New"},"LowestPrice":{"Amount":25.2,"Currency":"EUR","DisplayAmount":"25,20 €"}}]}},{"ASIN":"B003RRY97S","DetailPageURL":"https://www.amazon.es/dp/B003RRY97S?tag=topinalambricos-21&linkCode=osi&th=1&psc=1","Images":{"Primary":{"Small":{"Height":75,"URL":"https://m.media-amazon.com/images/I/41peWd-bH-L._SL75_.jpg","Width":63}}},"ItemInfo":{"ByLineInfo":{"Brand":{"DisplayValue":"Made By You","Label":"Brand","Locale":"es_ES"},"Manufacturer":{"DisplayValue":"Made By You","Label":"Manufacturer","Locale":"es_ES"}},"Title":{"DisplayValue":"Made by You 13086 - Cortinas de corazones [Importado de Alemania]","Label":"Title","Locale":"es_ES"}},"Offers":{"Summaries":[{"Condition":{"Value":"New"},"LowestPrice":{"Amount":9.8,"Currency":"EUR","DisplayAmount":"9,80 €"}}]}}],"SearchURL":"https://www.amazon.es/s?k=corazon+cortina&rh=n%3A2844228031%2Cp_n_availability%3A-1&tag=topinalambricos-21&linkCode=osi","TotalResultCount":1000}},"33":{"SearchResult":{"Items":[{"ASIN":"B08V9HZ2MK","DetailPageURL":"https://www.amazon.es/dp/B08V9HZ2MK?tag=topinalambricos-21&linkCode=osi&th=1&psc=1","Images":{"Primary":{"Small":{"Height":70,"URL":"https://m.media-amazon.com/images/I/314iKxwin4L._SL75_.jpg","Width":75}}},"ItemInfo":{"ByLineInfo":{"Brand":{"DisplayValue":"Break My Heart Anatomical Tees","Label":"Brand","Locale":"es_ES"},"Manufacturer":{"DisplayValue":"Break My Heart Anatomical Tees","Label":"Manufacturer","Locale":"es_ES"}},"Title":{"DisplayValue":"Corazón anatómico - Detalle asombroso Camiseta","Label":"Title","Locale":"es_ES"}},"Offers":{"Summaries":[{"Condition":{"Value":"New"},"LowestPrice":{"Amount":16.49,"Currency":"EUR","DisplayAmount":"16,49 €"}}]}},{"ASIN":"B08G57D8NN","DetailPageURL":"https://www.amazon.es/dp/B08G57D8NN?tag=topinalambricos-21&linkCode=osi&th=1&psc=1","Images":{"Primary":{"Small":{"Height":70,"URL":"https://m.media-amazon.com/images/I/311ijdY9uvL._SL75_.jpg","Width":75}}},"ItemInfo":{"ByLineInfo":{"Brand":{"DisplayValue":"Heavy Metal Camisetas y Regalos","Label":"Brand","Locale":"es_ES"},"Manufacturer":{"DisplayValue":"Heavy Metal Camisetas y Regalos","Label":"Manufacturer","Locale":"es_ES"}},"Title":{"DisplayValue":"Mi Corazón Late por Heavy Metal Devil Horns Hombre Mujer Camiseta","Label":"Title","Locale":"es_ES"}},"Offers":{"Summaries":[{"Condition":{"Value":"New"},"LowestPrice":{"Amount":16.99,"Currency":"EUR","DisplayAmount":"16,99 €"}}]}},{"ASIN":"B08GFWMNLG","DetailPageURL":"https://www.amazon.es/dp/B08GFWMNLG?tag=topinalambricos-21&linkCode=osi&th=1&psc=1","Images":{"Primary":{"Small":{"Height":70,"URL":"https://m.media-amazon.com/images/I/31S+sMhmLxL._SL75_.jpg","Width":75}}},"ItemInfo":{"ByLineInfo":{"Brand":{"DisplayValue":"Amar a Palestina","Label":"Brand","Locale":"es_ES"},"Manufacturer":{"DisplayValue":"Amar a Palestina","Label":"Manufacturer","Locale":"es_ES"}},"Title":{"DisplayValue":"Latido del corazón palestino regalo de bandera de Palestina Camiseta","Label":"Title","Locale":"es_ES"}},"Offers":{"Summaries":[{"Condition":{"Value":"New"},"LowestPrice":{"Amount":16.49,"Currency":"EUR","DisplayAmount":"16,49 €"}}]}},{"ASIN":"B09GB4RSCM","DetailPageURL":"https://www.amazon.es/dp/B09GB4RSCM?tag=topinalambricos-21&linkCode=osi&th=1&psc=1","Images":{"Primary":{"Small":{"Height":70,"URL":"https://m.media-amazon.com/images/I/311y1oPyngL._SL75_.jpg","Width":75}}},"ItemInfo":{"ByLineInfo":{"Brand":{"DisplayValue":"Sänger Motiv lustig Sängern Musiklehrer","Label":"Brand","Locale":"es_ES"},"Manufacturer":{"DisplayValue":"Sänger Motiv lustig Sängern Musiklehrer","Label":"Manufacturer","Locale":"es_ES"}},"Title":{"DisplayValue":"Regalo musical Fermate Sängerin Música Nota cuarto de pausa Camiseta","Label":"Title","Locale":"es_ES"}},"Offers":{"Summaries":[{"Condition":{"Value":"New"},"LowestPrice":{"Amount":19.95,"Currency":"EUR","DisplayAmount":"19,95 €"}}]}},{"ASIN":"B0CFF698CQ","DetailPageURL":"https://www.amazon.es/dp/B0CFF698CQ?tag=topinalambricos-21&linkCode=osi&th=1&psc=1","Images":{"Primary":{"Small":{"Height":75,"URL":"https://m.media-amazon.com/images/I/41p43xOgxPL._SL75_.jpg","Width":75}}},"ItemInfo":{"ByLineInfo":{"Brand":{"DisplayValue":"AaaozKjie","Label":"Brand","Locale":"es_ES"},"Manufacturer":{"DisplayValue":"AaaozKjie","Label":"Manufacturer","Locale":"es_ES"}},"Title":{"DisplayValue":"AaaozKjie Jersey para mujer, otoño, invierno, con cuello redondo y estampado de corazón rojo, manga larga, informal, camiseta de manga larga para mujer, Blanco, S","Label":"Title","Locale":"es_ES"}},"Offers":{"Summaries":[{"Condition":{"Value":"New"},"LowestPrice":{"Amount":11.95,"Currency":"EUR","DisplayAmount":"11,95 €"}}]}},{"ASIN":"B095P8GM28","DetailPageURL":"https://www.amazon.es/dp/B095P8GM28?tag=topinalambricos-21&linkCode=osi&th=1&psc=1","Images":{"Primary":{"Small":{"Height":75,"URL":"https://m.media-amazon.com/images/I/514oqoumgUL._SL75_.jpg","Width":57}}},"ItemInfo":{"ByLineInfo":{"Brand":{"DisplayValue":"Davicher","Label":"Brand","Locale":"es_ES"}},"Title":{"DisplayValue":"Camiseta de Mujer Manga Corta con Estampado de Corazón Camiseta básica de Cuello Redondo Camiseta básica Ligera Camiseta Suelta Algodón Suavizado Verano Casual Tops","Label":"Title","Locale":"es_ES"}},"Offers":{"Summaries":[{"Condition":{"Value":"New"},"LowestPrice":{"Amount":9.99,"Currency":"EUR","DisplayAmount":"9,99 €"}}]}},{"ASIN":"B0C19FDV7W","DetailPageURL":"https://www.amazon.es/dp/B0C19FDV7W?tag=topinalambricos-21&linkCode=osi&th=1&psc=1","Images":{"Primary":{"Small":{"Height":70,"URL":"https://m.media-amazon.com/images/I/31Zknf2O+8L._SL75_.jpg","Width":75}}},"ItemInfo":{"ByLineInfo":{"Brand":{"DisplayValue":"I Love Aitana Camiseta","Label":"Brand","Locale":"es_ES"},"Manufacturer":{"DisplayValue":"I Love Aitana Camiseta","Label":"Manufacturer","Locale":"es_ES"}},"Title":{"DisplayValue":"Amo Aitana Esposa Mamá Hija Novia Nieto Corazón Camiseta","Label":"Title","Locale":"es_ES"}},"Offers":{"Summaries":[{"Condition":{"Value":"New"},"LowestPrice":{"Amount":14.99,"Currency":"EUR","DisplayAmount":"14,99 €"}}]}},{"ASIN":"B09T98JBPJ","DetailPageURL":"https://www.amazon.es/dp/B09T98JBPJ?tag=topinalambricos-21&linkCode=osi&th=1&psc=1","Images":{"Primary":{"Small":{"Height":75,"URL":"https://m.media-amazon.com/images/I/51gv0RDP23L._SL75_.jpg","Width":75}}},"ItemInfo":{"ByLineInfo":{"Brand":{"DisplayValue":"riou","Label":"Brand","Locale":"es_ES"}},"Title":{"DisplayValue":"riou Blusas y Camisas de Mujer Manga Larga Otoño primavera Elegante Camiseta Estampado de Corazón Casual Túnica Delgado Sexy Tops Jersey","Label":"Title","Locale":"es_ES"}},"Offers":{"Summaries":[{"Condition":{"Value":"New"},"LowestPrice":{"Amount":9.89,"Currency":"EUR","DisplayAmount":"9,89 €"}}]}},{"ASIN":"B0BRLBQBJS","DetailPageURL":"https://www.amazon.es/dp/B0BRLBQBJS?tag=topinalambricos-21&linkCode=osi&th=1&psc=1","Images":{"Primary":{"Small":{"Height":70,"URL":"https://m.media-amazon.com/images/I/31oXjB1feuL._SL75_.jpg","Width":75}}},"ItemInfo":{"ByLineInfo":{"Brand":{"DisplayValue":"latido del corazón Bicicleta Ciclistas Regalos","Label":"Brand","Locale":"es_ES"},"Manufacturer":{"DisplayValue":"latido del corazón Bicicleta Ciclistas Regalos","Label":"Manufacturer","Locale":"es_ES"}},"Title":{"DisplayValue":"Latido del corazón Bicicleta Ciclista Regalos Camiseta","Label":"Title","Locale":"es_ES"}},"Offers":{"Summaries":[{"Condition":{"Value":"New"},"LowestPrice":{"Amount":13.31,"Currency":"EUR","DisplayAmount":"13,31 €"}}]}},{"ASIN":"B0C1K88G4D","DetailPageURL":"https://www.amazon.es/dp/B0C1K88G4D?tag=topinalambricos-21&linkCode=osi&th=1&psc=1","Images":{"Primary":{"Small":{"Height":75,"URL":"https://m.media-amazon.com/images/I/41kHhETb+JL._SL75_.jpg","Width":57}}},"ItemInfo":{"ByLineInfo":{"Brand":{"DisplayValue":"Inside","Label":"Brand","Locale":"es_ES"},"Manufacturer":{"DisplayValue":"Inside","Label":"Manufacturer","Locale":"es_ES"}},"Title":{"DisplayValue":"Inside @ SFC11 Camiseta, 1, XL/XXL para Mujer","Label":"Title","Locale":"es_ES"}},"Offers":{"Summaries":[{"Condition":{"Value":"New"},"LowestPrice":{"Amount":8.99,"Currency":"EUR","DisplayAmount":"8,99 €"}}]}}],"SearchURL":"https://www.amazon.es/s?k=corazon+camiseta&rh=n%3A2846220031%2Cp_n_availability%3A-1&tag=topinalambricos-21&linkCode=osi","TotalResultCount":1000}},"34":{"SearchResult":{"Items":[{"ASIN":"B08V9HZ2MK","DetailPageURL":"https://www.amazon.es/dp/B08V9HZ2MK?tag=topinalambricos-21&linkCode=osi&th=1&psc=1","Images":{"Primary":{"Small":{"Height":70,"URL":"https://m.media-amazon.com/images/I/314iKxwin4L._SL75_.jpg","Width":75}}},"ItemInfo":{"ByLineInfo":{"Brand":{"DisplayValue":"Break My Heart Anatomical Tees","Label":"Brand","Locale":"es_ES"},"Manufacturer":{"DisplayValue":"Break My Heart Anatomical Tees","Label":"Manufacturer","Locale":"es_ES"}},"Title":{"DisplayValue":"Corazón anatómico - Detalle asombroso Camiseta","Label":"Title","Locale":"es_ES"}},"Offers":{"Summaries":[{"Condition":{"Value":"New"},"LowestPrice":{"Amount":16.49,"Currency":"EUR","DisplayAmount":"16,49 €"}}]}},{"ASIN":"B08G57D8NN","DetailPageURL":"https://www.amazon.es/dp/B08G57D8NN?tag=topinalambricos-21&linkCode=osi&th=1&psc=1","Images":{"Primary":{"Small":{"Height":70,"URL":"https://m.media-amazon.com/images/I/311ijdY9uvL._SL75_.jpg","Width":75}}},"ItemInfo":{"ByLineInfo":{"Brand":{"DisplayValue":"Heavy Metal Camisetas y Regalos","Label":"Brand","Locale":"es_ES"},"Manufacturer":{"DisplayValue":"Heavy Metal Camisetas y Regalos","Label":"Manufacturer","Locale":"es_ES"}},"Title":{"DisplayValue":"Mi Corazón Late por Heavy Metal Devil Horns Hombre Mujer Camiseta","Label":"Title","Locale":"es_ES"}},"Offers":{"Summaries":[{"Condition":{"Value":"New"},"LowestPrice":{"Amount":16.99,"Currency":"EUR","DisplayAmount":"16,99 €"}}]}},{"ASIN":"B08GFWMNLG","DetailPageURL":"https://www.amazon.es/dp/B08GFWMNLG?tag=topinalambricos-21&linkCode=osi&th=1&psc=1","Images":{"Primary":{"Small":{"Height":70,"URL":"https://m.media-amazon.com/images/I/31S+sMhmLxL._SL75_.jpg","Width":75}}},"ItemInfo":{"ByLineInfo":{"Brand":{"DisplayValue":"Amar a Palestina","Label":"Brand","Locale":"es_ES"},"Manufacturer":{"DisplayValue":"Amar a Palestina","Label":"Manufacturer","Locale":"es_ES"}},"Title":{"DisplayValue":"Latido del corazón palestino regalo de bandera de Palestina Camiseta","Label":"Title","Locale":"es_ES"}},"Offers":{"Summaries":[{"Condition":{"Value":"New"},"LowestPrice":{"Amount":16.49,"Currency":"EUR","DisplayAmount":"16,49 €"}}]}},{"ASIN":"B09GB4RSCM","DetailPageURL":"https://www.amazon.es/dp/B09GB4RSCM?tag=topinalambricos-21&linkCode=osi&th=1&psc=1","Images":{"Primary":{"Small":{"Height":70,"URL":"https://m.media-amazon.com/images/I/311y1oPyngL._SL75_.jpg","Width":75}}},"ItemInfo":{"ByLineInfo":{"Brand":{"DisplayValue":"Sänger Motiv lustig Sängern Musiklehrer","Label":"Brand","Locale":"es_ES"},"Manufacturer":{"DisplayValue":"Sänger Motiv lustig Sängern Musiklehrer","Label":"Manufacturer","Locale":"es_ES"}},"Title":{"DisplayValue":"Regalo musical Fermate Sängerin Música Nota cuarto de pausa Camiseta","Label":"Title","Locale":"es_ES"}},"Offers":{"Summaries":[{"Condition":{"Value":"New"},"LowestPrice":{"Amount":19.95,"Currency":"EUR","DisplayAmount":"19,95 €"}}]}},{"ASIN":"B0CFF698CQ","DetailPageURL":"https://www.amazon.es/dp/B0CFF698CQ?tag=topinalambricos-21&linkCode=osi&th=1&psc=1","Images":{"Primary":{"Small":{"Height":75,"URL":"https://m.media-amazon.com/images/I/41p43xOgxPL._SL75_.jpg","Width":75}}},"ItemInfo":{"ByLineInfo":{"Brand":{"DisplayValue":"AaaozKjie","Label":"Brand","Locale":"es_ES"},"Manufacturer":{"DisplayValue":"AaaozKjie","Label":"Manufacturer","Locale":"es_ES"}},"Title":{"DisplayValue":"AaaozKjie Jersey para mujer, otoño, invierno, con cuello redondo y estampado de corazón rojo, manga larga, informal, camiseta de manga larga para mujer, Blanco, S","Label":"Title","Locale":"es_ES"}},"Offers":{"Summaries":[{"Condition":{"Value":"New"},"LowestPrice":{"Amount":11.95,"Currency":"EUR","DisplayAmount":"11,95 €"}}]}},{"ASIN":"B095P8GM28","DetailPageURL":"https://www.amazon.es/dp/B095P8GM28?tag=topinalambricos-21&linkCode=osi&th=1&psc=1","Images":{"Primary":{"Small":{"Height":75,"URL":"https://m.media-amazon.com/images/I/514oqoumgUL._SL75_.jpg","Width":57}}},"ItemInfo":{"ByLineInfo":{"Brand":{"DisplayValue":"Davicher","Label":"Brand","Locale":"es_ES"}},"Title":{"DisplayValue":"Camiseta de Mujer Manga Corta con Estampado de Corazón Camiseta básica de Cuello Redondo Camiseta básica Ligera Camiseta Suelta Algodón Suavizado Verano Casual Tops","Label":"Title","Locale":"es_ES"}},"Offers":{"Summaries":[{"Condition":{"Value":"New"},"LowestPrice":{"Amount":9.99,"Currency":"EUR","DisplayAmount":"9,99 €"}}]}},{"ASIN":"B0C19FDV7W","DetailPageURL":"https://www.amazon.es/dp/B0C19FDV7W?tag=topinalambricos-21&linkCode=osi&th=1&psc=1","Images":{"Primary":{"Small":{"Height":70,"URL":"https://m.media-amazon.com/images/I/31Zknf2O+8L._SL75_.jpg","Width":75}}},"ItemInfo":{"ByLineInfo":{"Brand":{"DisplayValue":"I Love Aitana Camiseta","Label":"Brand","Locale":"es_ES"},"Manufacturer":{"DisplayValue":"I Love Aitana Camiseta","Label":"Manufacturer","Locale":"es_ES"}},"Title":{"DisplayValue":"Amo Aitana Esposa Mamá Hija Novia Nieto Corazón Camiseta","Label":"Title","Locale":"es_ES"}},"Offers":{"Summaries":[{"Condition":{"Value":"New"},"LowestPrice":{"Amount":14.99,"Currency":"EUR","DisplayAmount":"14,99 €"}}]}},{"ASIN":"B09T98JBPJ","DetailPageURL":"https://www.amazon.es/dp/B09T98JBPJ?tag=topinalambricos-21&linkCode=osi&th=1&psc=1","Images":{"Primary":{"Small":{"Height":75,"URL":"https://m.media-amazon.com/images/I/51gv0RDP23L._SL75_.jpg","Width":75}}},"ItemInfo":{"ByLineInfo":{"Brand":{"DisplayValue":"riou","Label":"Brand","Locale":"es_ES"}},"Title":{"DisplayValue":"riou Blusas y Camisas de Mujer Manga Larga Otoño primavera Elegante Camiseta Estampado de Corazón Casual Túnica Delgado Sexy Tops Jersey","Label":"Title","Locale":"es_ES"}},"Offers":{"Summaries":[{"Condition":{"Value":"New"},"LowestPrice":{"Amount":9.89,"Currency":"EUR","DisplayAmount":"9,89 €"}}]}},{"ASIN":"B0BRLBQBJS","DetailPageURL":"https://www.amazon.es/dp/B0BRLBQBJS?tag=topinalambricos-21&linkCode=osi&th=1&psc=1","Images":{"Primary":{"Small":{"Height":70,"URL":"https://m.media-amazon.com/images/I/31oXjB1feuL._SL75_.jpg","Width":75}}},"ItemInfo":{"ByLineInfo":{"Brand":{"DisplayValue":"latido del corazón Bicicleta Ciclistas Regalos","Label":"Brand","Locale":"es_ES"},"Manufacturer":{"DisplayValue":"latido del corazón Bicicleta Ciclistas Regalos","Label":"Manufacturer","Locale":"es_ES"}},"Title":{"DisplayValue":"Latido del corazón Bicicleta Ciclista Regalos Camiseta","Label":"Title","Locale":"es_ES"}},"Offers":{"Summaries":[{"Condition":{"Value":"New"},"LowestPrice":{"Amount":13.31,"Currency":"EUR","DisplayAmount":"13,31 €"}}]}},{"ASIN":"B0C1K88G4D","DetailPageURL":"https://www.amazon.es/dp/B0C1K88G4D?tag=topinalambricos-21&linkCode=osi&th=1&psc=1","Images":{"Primary":{"Small":{"Height":75,"URL":"https://m.media-amazon.com/images/I/41kHhETb+JL._SL75_.jpg","Width":57}}},"ItemInfo":{"ByLineInfo":{"Brand":{"DisplayValue":"Inside","Label":"Brand","Locale":"es_ES"},"Manufacturer":{"DisplayValue":"Inside","Label":"Manufacturer","Locale":"es_ES"}},"Title":{"DisplayValue":"Inside @ SFC11 Camiseta, 1, XL/XXL para Mujer","Label":"Title","Locale":"es_ES"}},"Offers":{"Summaries":[{"Condition":{"Value":"New"},"LowestPrice":{"Amount":8.99,"Currency":"EUR","DisplayAmount":"8,99 €"}}]}}],"SearchURL":"https://www.amazon.es/s?k=corazon+camiseta&rh=n%3A2846220031%2Cp_n_availability%3A-1&tag=topinalambricos-21&linkCode=osi","TotalResultCount":1000}},"35":{"SearchResult":{"Items":[{"ASIN":"B08V9HZ2MK","DetailPageURL":"https://www.amazon.es/dp/B08V9HZ2MK?tag=topinalambricos-21&linkCode=osi&th=1&psc=1","Images":{"Primary":{"Small":{"Height":70,"URL":"https://m.media-amazon.com/images/I/314iKxwin4L._SL75_.jpg","Width":75}}},"ItemInfo":{"ByLineInfo":{"Brand":{"DisplayValue":"Break My Heart Anatomical Tees","Label":"Brand","Locale":"es_ES"},"Manufacturer":{"DisplayValue":"Break My Heart Anatomical Tees","Label":"Manufacturer","Locale":"es_ES"}},"Title":{"DisplayValue":"Corazón anatómico - Detalle asombroso Camiseta","Label":"Title","Locale":"es_ES"}},"Offers":{"Summaries":[{"Condition":{"Value":"New"},"LowestPrice":{"Amount":16.49,"Currency":"EUR","DisplayAmount":"16,49 €"}}]}},{"ASIN":"B08G57D8NN","DetailPageURL":"https://www.amazon.es/dp/B08G57D8NN?tag=topinalambricos-21&linkCode=osi&th=1&psc=1","Images":{"Primary":{"Small":{"Height":70,"URL":"https://m.media-amazon.com/images/I/311ijdY9uvL._SL75_.jpg","Width":75}}},"ItemInfo":{"ByLineInfo":{"Brand":{"DisplayValue":"Heavy Metal Camisetas y Regalos","Label":"Brand","Locale":"es_ES"},"Manufacturer":{"DisplayValue":"Heavy Metal Camisetas y Regalos","Label":"Manufacturer","Locale":"es_ES"}},"Title":{"DisplayValue":"Mi Corazón Late por Heavy Metal Devil Horns Hombre Mujer Camiseta","Label":"Title","Locale":"es_ES"}},"Offers":{"Summaries":[{"Condition":{"Value":"New"},"LowestPrice":{"Amount":16.99,"Currency":"EUR","DisplayAmount":"16,99 €"}}]}},{"ASIN":"B08GFWMNLG","DetailPageURL":"https://www.amazon.es/dp/B08GFWMNLG?tag=topinalambricos-21&linkCode=osi&th=1&psc=1","Images":{"Primary":{"Small":{"Height":70,"URL":"https://m.media-amazon.com/images/I/31S+sMhmLxL._SL75_.jpg","Width":75}}},"ItemInfo":{"ByLineInfo":{"Brand":{"DisplayValue":"Amar a Palestina","Label":"Brand","Locale":"es_ES"},"Manufacturer":{"DisplayValue":"Amar a Palestina","Label":"Manufacturer","Locale":"es_ES"}},"Title":{"DisplayValue":"Latido del corazón palestino regalo de bandera de Palestina Camiseta","Label":"Title","Locale":"es_ES"}},"Offers":{"Summaries":[{"Condition":{"Value":"New"},"LowestPrice":{"Amount":16.49,"Currency":"EUR","DisplayAmount":"16,49 €"}}]}},{"ASIN":"B09GB4RSCM","DetailPageURL":"https://www.amazon.es/dp/B09GB4RSCM?tag=topinalambricos-21&linkCode=osi&th=1&psc=1","Images":{"Primary":{"Small":{"Height":70,"URL":"https://m.media-amazon.com/images/I/311y1oPyngL._SL75_.jpg","Width":75}}},"ItemInfo":{"ByLineInfo":{"Brand":{"DisplayValue":"Sänger Motiv lustig Sängern Musiklehrer","Label":"Brand","Locale":"es_ES"},"Manufacturer":{"DisplayValue":"Sänger Motiv lustig Sängern Musiklehrer","Label":"Manufacturer","Locale":"es_ES"}},"Title":{"DisplayValue":"Regalo musical Fermate Sängerin Música Nota cuarto de pausa Camiseta","Label":"Title","Locale":"es_ES"}},"Offers":{"Summaries":[{"Condition":{"Value":"New"},"LowestPrice":{"Amount":19.95,"Currency":"EUR","DisplayAmount":"19,95 €"}}]}},{"ASIN":"B0CFF698CQ","DetailPageURL":"https://www.amazon.es/dp/B0CFF698CQ?tag=topinalambricos-21&linkCode=osi&th=1&psc=1","Images":{"Primary":{"Small":{"Height":75,"URL":"https://m.media-amazon.com/images/I/41p43xOgxPL._SL75_.jpg","Width":75}}},"ItemInfo":{"ByLineInfo":{"Brand":{"DisplayValue":"AaaozKjie","Label":"Brand","Locale":"es_ES"},"Manufacturer":{"DisplayValue":"AaaozKjie","Label":"Manufacturer","Locale":"es_ES"}},"Title":{"DisplayValue":"AaaozKjie Jersey para mujer, otoño, invierno, con cuello redondo y estampado de corazón rojo, manga larga, informal, camiseta de manga larga para mujer, Blanco, S","Label":"Title","Locale":"es_ES"}},"Offers":{"Summaries":[{"Condition":{"Value":"New"},"LowestPrice":{"Amount":11.95,"Currency":"EUR","DisplayAmount":"11,95 €"}}]}},{"ASIN":"B095P8GM28","DetailPageURL":"https://www.amazon.es/dp/B095P8GM28?tag=topinalambricos-21&linkCode=osi&th=1&psc=1","Images":{"Primary":{"Small":{"Height":75,"URL":"https://m.media-amazon.com/images/I/514oqoumgUL._SL75_.jpg","Width":57}}},"ItemInfo":{"ByLineInfo":{"Brand":{"DisplayValue":"Davicher","Label":"Brand","Locale":"es_ES"}},"Title":{"DisplayValue":"Camiseta de Mujer Manga Corta con Estampado de Corazón Camiseta básica de Cuello Redondo Camiseta básica Ligera Camiseta Suelta Algodón Suavizado Verano Casual Tops","Label":"Title","Locale":"es_ES"}},"Offers":{"Summaries":[{"Condition":{"Value":"New"},"LowestPrice":{"Amount":9.99,"Currency":"EUR","DisplayAmount":"9,99 €"}}]}},{"ASIN":"B0C19FDV7W","DetailPageURL":"https://www.amazon.es/dp/B0C19FDV7W?tag=topinalambricos-21&linkCode=osi&th=1&psc=1","Images":{"Primary":{"Small":{"Height":70,"URL":"https://m.media-amazon.com/images/I/31Zknf2O+8L._SL75_.jpg","Width":75}}},"ItemInfo":{"ByLineInfo":{"Brand":{"DisplayValue":"I Love Aitana Camiseta","Label":"Brand","Locale":"es_ES"},"Manufacturer":{"DisplayValue":"I Love Aitana Camiseta","Label":"Manufacturer","Locale":"es_ES"}},"Title":{"DisplayValue":"Amo Aitana Esposa Mamá Hija Novia Nieto Corazón Camiseta","Label":"Title","Locale":"es_ES"}},"Offers":{"Summaries":[{"Condition":{"Value":"New"},"LowestPrice":{"Amount":14.99,"Currency":"EUR","DisplayAmount":"14,99 €"}}]}},{"ASIN":"B09T98JBPJ","DetailPageURL":"https://www.amazon.es/dp/B09T98JBPJ?tag=topinalambricos-21&linkCode=osi&th=1&psc=1","Images":{"Primary":{"Small":{"Height":75,"URL":"https://m.media-amazon.com/images/I/51gv0RDP23L._SL75_.jpg","Width":75}}},"ItemInfo":{"ByLineInfo":{"Brand":{"DisplayValue":"riou","Label":"Brand","Locale":"es_ES"}},"Title":{"DisplayValue":"riou Blusas y Camisas de Mujer Manga Larga Otoño primavera Elegante Camiseta Estampado de Corazón Casual Túnica Delgado Sexy Tops Jersey","Label":"Title","Locale":"es_ES"}},"Offers":{"Summaries":[{"Condition":{"Value":"New"},"LowestPrice":{"Amount":9.89,"Currency":"EUR","DisplayAmount":"9,89 €"}}]}},{"ASIN":"B0BRLBQBJS","DetailPageURL":"https://www.amazon.es/dp/B0BRLBQBJS?tag=topinalambricos-21&linkCode=osi&th=1&psc=1","Images":{"Primary":{"Small":{"Height":70,"URL":"https://m.media-amazon.com/images/I/31oXjB1feuL._SL75_.jpg","Width":75}}},"ItemInfo":{"ByLineInfo":{"Brand":{"DisplayValue":"latido del corazón Bicicleta Ciclistas Regalos","Label":"Brand","Locale":"es_ES"},"Manufacturer":{"DisplayValue":"latido del corazón Bicicleta Ciclistas Regalos","Label":"Manufacturer","Locale":"es_ES"}},"Title":{"DisplayValue":"Latido del corazón Bicicleta Ciclista Regalos Camiseta","Label":"Title","Locale":"es_ES"}},"Offers":{"Summaries":[{"Condition":{"Value":"New"},"LowestPrice":{"Amount":13.31,"Currency":"EUR","DisplayAmount":"13,31 €"}}]}},{"ASIN":"B0C1K88G4D","DetailPageURL":"https://www.amazon.es/dp/B0C1K88G4D?tag=topinalambricos-21&linkCode=osi&th=1&psc=1","Images":{"Primary":{"Small":{"Height":75,"URL":"https://m.media-amazon.com/images/I/41kHhETb+JL._SL75_.jpg","Width":57}}},"ItemInfo":{"ByLineInfo":{"Brand":{"DisplayValue":"Inside","Label":"Brand","Locale":"es_ES"},"Manufacturer":{"DisplayValue":"Inside","Label":"Manufacturer","Locale":"es_ES"}},"Title":{"DisplayValue":"Inside @ SFC11 Camiseta, 1, XL/XXL para Mujer","Label":"Title","Locale":"es_ES"}},"Offers":{"Summaries":[{"Condition":{"Value":"New"},"LowestPrice":{"Amount":8.99,"Currency":"EUR","DisplayAmount":"8,99 €"}}]}}],"SearchURL":"https://www.amazon.es/s?k=corazon+camiseta&rh=n%3A2846220031%2Cp_n_availability%3A-1&tag=topinalambricos-21&linkCode=osi","TotalResultCount":1000}},"36":{"SearchResult":{"Items":[{"ASIN":"B07DC7LMWH","DetailPageURL":"https://www.amazon.es/dp/B07DC7LMWH?tag=topinalambricos-21&linkCode=osi&th=1&psc=1","Images":{"Primary":{"Small":{"Height":60,"URL":"https://m.media-amazon.com/images/I/41eXqbR66dL._SL75_.jpg","Width":75}}},"ItemInfo":{"ByLineInfo":{"Brand":{"DisplayValue":"Atosa","Label":"Brand","Locale":"es_ES"},"Manufacturer":{"DisplayValue":"Atosa","Label":"Manufacturer","Locale":"es_ES"}},"Title":{"DisplayValue":"Atosa disfraz reina corazones mujer adulto rojo XL","Label":"Title","Locale":"es_ES"}},"Offers":{"Summaries":[{"Condition":{"Value":"New"},"LowestPrice":{"Amount":24.7,"Currency":"EUR","DisplayAmount":"24,70 €"}}]}},{"ASIN":"B09GS4BRGN","DetailPageURL":"https://www.amazon.es/dp/B09GS4BRGN?tag=topinalambricos-21&linkCode=osi&th=1&psc=1","Images":{"Primary":{"Small":{"Height":75,"URL":"https://m.media-amazon.com/images/I/31WtKNIk4vL._SL75_.jpg","Width":34}}},"ItemInfo":{"ByLineInfo":{"Brand":{"DisplayValue":"Ciao","Label":"Brand","Locale":"es_ES"},"Manufacturer":{"DisplayValue":"Ciao","Label":"Manufacturer","Locale":"es_ES"}},"Title":{"DisplayValue":"Ciao-Reina de Corazones Wonderland Disfraz Chica Mujer Adulta (Talla Unica 40-42) Disguise, Color Red, Black, White, (14810)","Label":"Title","Locale":"es_ES"}},"Offers":{"Summaries":[{"Condition":{"Value":"Used"},"LowestPrice":{"Amount":19.26,"Currency":"EUR","DisplayAmount":"19,26 €"}},{"Condition":{"Value":"New"},"LowestPrice":{"Amount":24.9,"Currency":"EUR","DisplayAmount":"24,90 €"}}]}},{"ASIN":"B0B1DMYTN9","DetailPageURL":"https://www.amazon.es/dp/B0B1DMYTN9?tag=topinalambricos-21&linkCode=osi&th=1&psc=1","Images":{"Primary":{"Small":{"Height":75,"URL":"https://m.media-amazon.com/images/I/41ttI4hHsLL._SL75_.jpg","Width":57}}},"ItemInfo":{"ByLineInfo":{"Brand":{"DisplayValue":"ReliBeauty","Label":"Brand","Locale":"es_ES"}},"Title":{"DisplayValue":"ReliBeauty Disfraz de reina Vestido de Corazones Rojos para Niñas con Corona, 130","Label":"Title","Locale":"es_ES"}},"Offers":{"Summaries":[{"Condition":{"Value":"New"},"LowestPrice":{"Amount":33.99,"Currency":"EUR","DisplayAmount":"33,99 €"}}]}},{"ASIN":"B0876RWHMQ","DetailPageURL":"https://www.amazon.es/dp/B0876RWHMQ?tag=topinalambricos-21&linkCode=osi&th=1&psc=1","Images":{"Primary":{"Small":{"Height":75,"URL":"https://m.media-amazon.com/images/I/41y716QKkJL._SL75_.jpg","Width":41}}},"ItemInfo":{"ByLineInfo":{"Brand":{"DisplayValue":"Fiestas Guirca","Label":"Brand","Locale":"es_ES"},"Manufacturer":{"DisplayValue":"Fiestas Guirca","Label":"Manufacturer","Locale":"es_ES"}},"Title":{"DisplayValue":"Fiestas Guirca Disfraz de Dama de Corazones Mujer adulta Talla 42-44","Label":"Title","Locale":"es_ES"}},"Offers":{"Summaries":[{"Condition":{"Value":"New"},"LowestPrice":{"Amount":31.02,"Currency":"EUR","DisplayAmount":"31,02 €"}}]}},{"ASIN":"B07DQ72MBR","DetailPageURL":"https://www.amazon.es/dp/B07DQ72MBR?tag=topinalambricos-21&linkCode=osi&th=1&psc=1","Images":{"Primary":{"Small":{"Height":60,"URL":"https://m.media-amazon.com/images/I/41NWSVCfJRL._SL75_.jpg","Width":75}}},"ItemInfo":{"ByLineInfo":{"Brand":{"DisplayValue":"Atosa","Label":"Brand","Locale":"es_ES"},"Manufacturer":{"DisplayValue":"Atosa","Label":"Manufacturer","Locale":"es_ES"}},"Title":{"DisplayValue":"Atosa disfraz reina corazones niña infantil 10 a 12 años","Label":"Title","Locale":"es_ES"}},"Offers":{"Summaries":[{"Condition":{"Value":"New"},"LowestPrice":{"Amount":22.65,"Currency":"EUR","DisplayAmount":"22,65 €"}}]}},{"ASIN":"B007VMYZYM","DetailPageURL":"https://www.amazon.es/dp/B007VMYZYM?tag=topinalambricos-21&linkCode=osi&th=1&psc=1","Images":{"Primary":{"Small":{"Height":75,"URL":"https://m.media-amazon.com/images/I/41f1Kv93G4L._SL75_.jpg","Width":75}}},"ItemInfo":{"ByLineInfo":{"Brand":{"DisplayValue":"Fun Shack","Label":"Brand","Locale":"es_ES"},"Contributors":[{"Locale":"es_ES","Name":"Funshack","Role":"Diseñador","RoleType":"designer"}],"Manufacturer":{"DisplayValue":"Fun Shack","Label":"Manufacturer","Locale":"es_ES"}},"Title":{"DisplayValue":"Fun Shack Disfraz Reina Corazones Mujer, Disfraz Reina De Corazones Adulto, Disfraz Alicia Mujer, Disfraces Despedida Soltera Mujer, Disfraz Mujer Carnaval Talla XXL","Label":"Title","Locale":"es_ES"}},"Offers":{"Summaries":[{"Condition":{"Value":"New"},"LowestPrice":{"Amount":42.95,"Currency":"EUR","DisplayAmount":"42,95 €"}}]}},{"ASIN":"B09FM2G3NV","DetailPageURL":"https://www.amazon.es/dp/B09FM2G3NV?tag=topinalambricos-21&linkCode=osi&th=1&psc=1","Images":{"Primary":{"Small":{"Height":75,"URL":"https://m.media-amazon.com/images/I/31SAIpkGNPL._SL75_.jpg","Width":75}}},"ItemInfo":{"ByLineInfo":{"Brand":{"DisplayValue":"Disguise","Label":"Brand","Locale":"es_ES"},"Manufacturer":{"DisplayValue":"Disguise","Label":"Manufacturer","Locale":"es_ES"}},"Title":{"DisplayValue":"Disney Oficial - Disfraz Reina De Corazones Mujer, Disfraz Mujer Reina De Corazones, Disfraz Reina De Corazones Adulto, Disfraz Disney Adulto Mujer, Disfraz Halloween Mujer Talla L","Label":"Title","Locale":"es_ES"}},"Offers":{"Summaries":[{"Condition":{"Value":"New"},"LowestPrice":{"Amount":78.95,"Currency":"EUR","DisplayAmount":"78,95 €"}}]}},{"ASIN":"B00IMIBRUY","DetailPageURL":"https://www.amazon.es/dp/B00IMIBRUY?tag=topinalambricos-21&linkCode=osi&th=1&psc=1","Images":{"Primary":{"Small":{"Height":60,"URL":"https://m.media-amazon.com/images/I/31w4GCKD4gL._SL75_.jpg","Width":75}}},"ItemInfo":{"ByLineInfo":{"Brand":{"DisplayValue":"Atosa","Label":"Brand","Locale":"es_ES"},"Manufacturer":{"DisplayValue":"Atosa","Label":"Manufacturer","Locale":"es_ES"}},"Title":{"DisplayValue":"Atosa disfraz reina malvada corazones mujer adulto XS","Label":"Title","Locale":"es_ES"}},"Offers":{"Summaries":[{"Condition":{"Value":"New"},"LowestPrice":{"Amount":24.43,"Currency":"EUR","DisplayAmount":"24,43 €"}}]}},{"ASIN":"B008F8CUVG","DetailPageURL":"https://www.amazon.es/dp/B008F8CUVG?tag=topinalambricos-21&linkCode=osi&th=1&psc=1","Images":{"Primary":{"Small":{"Height":75,"URL":"https://m.media-amazon.com/images/I/41vg+7i4PRL._SL75_.jpg","Width":75}}},"ItemInfo":{"ByLineInfo":{"Brand":{"DisplayValue":"Fun Shack","Label":"Brand","Locale":"es_ES"},"Manufacturer":{"DisplayValue":"Indefinido","Label":"Manufacturer","Locale":"es_ES"}},"Title":{"DisplayValue":"Fun Shack Disfraz Reina Corazones Niña, Disfraz Niña Reina Corazones, Reina Corazones Disfraz Niña, Disfraz De La Reina De Corazones Niña, Disfraz Cuento Niña, Disfraz Carnaval Niña Talla M","Label":"Title","Locale":"es_ES"}},"Offers":{"Summaries":[{"Condition":{"Value":"New"},"LowestPrice":{"Amount":30.95,"Currency":"EUR","DisplayAmount":"30,95 €"}}]}},{"ASIN":"B0BN4JG2FK","DetailPageURL":"https://www.amazon.es/dp/B0BN4JG2FK?tag=topinalambricos-21&linkCode=osi&th=1&psc=1","Images":{"Primary":{"Small":{"Height":60,"URL":"https://m.media-amazon.com/images/I/41SmrzJKFmL._SL75_.jpg","Width":75}}},"ItemInfo":{"ByLineInfo":{"Brand":{"DisplayValue":"Atosa","Label":"Brand","Locale":"es_ES"},"Manufacturer":{"DisplayValue":"ATOSA","Label":"Manufacturer","Locale":"es_ES"}},"Title":{"DisplayValue":"Atosa disfraz reina corazones niña infantil rojo 10 a 12 años","Label":"Title","Locale":"es_ES"}},"Offers":{"Summaries":[{"Condition":{"Value":"New"},"LowestPrice":{"Amount":22.0,"Currency":"EUR","DisplayAmount":"22,00 €"}}]}}],"SearchURL":"https://www.amazon.es/s?k=corazon+disfraz&rh=n%3A1641896031%2Cp_n_availability%3A-1&tag=topinalambricos-21&linkCode=osi","TotalResultCount":1000}},"37":{"SearchResult":{"Items":[{"ASIN":"B07DC7LMWH","DetailPageURL":"https://www.amazon.es/dp/B07DC7LMWH?tag=topinalambricos-21&linkCode=osi&th=1&psc=1","Images":{"Primary":{"Small":{"Height":60,"URL":"https://m.media-amazon.com/images/I/41eXqbR66dL._SL75_.jpg","Width":75}}},"ItemInfo":{"ByLineInfo":{"Brand":{"DisplayValue":"Atosa","Label":"Brand","Locale":"es_ES"},"Manufacturer":{"DisplayValue":"Atosa","Label":"Manufacturer","Locale":"es_ES"}},"Title":{"DisplayValue":"Atosa disfraz reina corazones mujer adulto rojo XL","Label":"Title","Locale":"es_ES"}},"Offers":{"Summaries":[{"Condition":{"Value":"New"},"LowestPrice":{"Amount":24.7,"Currency":"EUR","DisplayAmount":"24,70 €"}}]}},{"ASIN":"B09GS4BRGN","DetailPageURL":"https://www.amazon.es/dp/B09GS4BRGN?tag=topinalambricos-21&linkCode=osi&th=1&psc=1","Images":{"Primary":{"Small":{"Height":75,"URL":"https://m.media-amazon.com/images/I/31WtKNIk4vL._SL75_.jpg","Width":34}}},"ItemInfo":{"ByLineInfo":{"Brand":{"DisplayValue":"Ciao","Label":"Brand","Locale":"es_ES"},"Manufacturer":{"DisplayValue":"Ciao","Label":"Manufacturer","Locale":"es_ES"}},"Title":{"DisplayValue":"Ciao-Reina de Corazones Wonderland Disfraz Chica Mujer Adulta (Talla Unica 40-42) Disguise, Color Red, Black, White, (14810)","Label":"Title","Locale":"es_ES"}},"Offers":{"Summaries":[{"Condition":{"Value":"Used"},"LowestPrice":{"Amount":19.26,"Currency":"EUR","DisplayAmount":"19,26 €"}},{"Condition":{"Value":"New"},"LowestPrice":{"Amount":24.9,"Currency":"EUR","DisplayAmount":"24,90 €"}}]}},{"ASIN":"B0B1DMYTN9","DetailPageURL":"https://www.amazon.es/dp/B0B1DMYTN9?tag=topinalambricos-21&linkCode=osi&th=1&psc=1","Images":{"Primary":{"Small":{"Height":75,"URL":"https://m.media-amazon.com/images/I/41ttI4hHsLL._SL75_.jpg","Width":57}}},"ItemInfo":{"ByLineInfo":{"Brand":{"DisplayValue":"ReliBeauty","Label":"Brand","Locale":"es_ES"}},"Title":{"DisplayValue":"ReliBeauty Disfraz de reina Vestido de Corazones Rojos para Niñas con Corona, 130","Label":"Title","Locale":"es_ES"}},"Offers":{"Summaries":[{"Condition":{"Value":"New"},"LowestPrice":{"Amount":33.99,"Currency":"EUR","DisplayAmount":"33,99 €"}}]}},{"ASIN":"B0876RWHMQ","DetailPageURL":"https://www.amazon.es/dp/B0876RWHMQ?tag=topinalambricos-21&linkCode=osi&th=1&psc=1","Images":{"Primary":{"Small":{"Height":75,"URL":"https://m.media-amazon.com/images/I/41y716QKkJL._SL75_.jpg","Width":41}}},"ItemInfo":{"ByLineInfo":{"Brand":{"DisplayValue":"Fiestas Guirca","Label":"Brand","Locale":"es_ES"},"Manufacturer":{"DisplayValue":"Fiestas Guirca","Label":"Manufacturer","Locale":"es_ES"}},"Title":{"DisplayValue":"Fiestas Guirca Disfraz de Dama de Corazones Mujer adulta Talla 42-44","Label":"Title","Locale":"es_ES"}},"Offers":{"Summaries":[{"Condition":{"Value":"New"},"LowestPrice":{"Amount":31.02,"Currency":"EUR","DisplayAmount":"31,02 €"}}]}},{"ASIN":"B07DQ72MBR","DetailPageURL":"https://www.amazon.es/dp/B07DQ72MBR?tag=topinalambricos-21&linkCode=osi&th=1&psc=1","Images":{"Primary":{"Small":{"Height":60,"URL":"https://m.media-amazon.com/images/I/41NWSVCfJRL._SL75_.jpg","Width":75}}},"ItemInfo":{"ByLineInfo":{"Brand":{"DisplayValue":"Atosa","Label":"Brand","Locale":"es_ES"},"Manufacturer":{"DisplayValue":"Atosa","Label":"Manufacturer","Locale":"es_ES"}},"Title":{"DisplayValue":"Atosa disfraz reina corazones niña infantil 10 a 12 años","Label":"Title","Locale":"es_ES"}},"Offers":{"Summaries":[{"Condition":{"Value":"New"},"LowestPrice":{"Amount":22.65,"Currency":"EUR","DisplayAmount":"22,65 €"}}]}},{"ASIN":"B007VMYZYM","DetailPageURL":"https://www.amazon.es/dp/B007VMYZYM?tag=topinalambricos-21&linkCode=osi&th=1&psc=1","Images":{"Primary":{"Small":{"Height":75,"URL":"https://m.media-amazon.com/images/I/41f1Kv93G4L._SL75_.jpg","Width":75}}},"ItemInfo":{"ByLineInfo":{"Brand":{"DisplayValue":"Fun Shack","Label":"Brand","Locale":"es_ES"},"Contributors":[{"Locale":"es_ES","Name":"Funshack","Role":"Diseñador","RoleType":"designer"}],"Manufacturer":{"DisplayValue":"Fun Shack","Label":"Manufacturer","Locale":"es_ES"}},"Title":{"DisplayValue":"Fun Shack Disfraz Reina Corazones Mujer, Disfraz Reina De Corazones Adulto, Disfraz Alicia Mujer, Disfraces Despedida Soltera Mujer, Disfraz Mujer Carnaval Talla XXL","Label":"Title","Locale":"es_ES"}},"Offers":{"Summaries":[{"Condition":{"Value":"New"},"LowestPrice":{"Amount":42.95,"Currency":"EUR","DisplayAmount":"42,95 €"}}]}},{"ASIN":"B09FM2G3NV","DetailPageURL":"https://www.amazon.es/dp/B09FM2G3NV?tag=topinalambricos-21&linkCode=osi&th=1&psc=1","Images":{"Primary":{"Small":{"Height":75,"URL":"https://m.media-amazon.com/images/I/31SAIpkGNPL._SL75_.jpg","Width":75}}},"ItemInfo":{"ByLineInfo":{"Brand":{"DisplayValue":"Disguise","Label":"Brand","Locale":"es_ES"},"Manufacturer":{"DisplayValue":"Disguise","Label":"Manufacturer","Locale":"es_ES"}},"Title":{"DisplayValue":"Disney Oficial - Disfraz Reina De Corazones Mujer, Disfraz Mujer Reina De Corazones, Disfraz Reina De Corazones Adulto, Disfraz Disney Adulto Mujer, Disfraz Halloween Mujer Talla L","Label":"Title","Locale":"es_ES"}},"Offers":{"Summaries":[{"Condition":{"Value":"New"},"LowestPrice":{"Amount":78.95,"Currency":"EUR","DisplayAmount":"78,95 €"}}]}},{"ASIN":"B00IMIBRUY","DetailPageURL":"https://www.amazon.es/dp/B00IMIBRUY?tag=topinalambricos-21&linkCode=osi&th=1&psc=1","Images":{"Primary":{"Small":{"Height":60,"URL":"https://m.media-amazon.com/images/I/31w4GCKD4gL._SL75_.jpg","Width":75}}},"ItemInfo":{"ByLineInfo":{"Brand":{"DisplayValue":"Atosa","Label":"Brand","Locale":"es_ES"},"Manufacturer":{"DisplayValue":"Atosa","Label":"Manufacturer","Locale":"es_ES"}},"Title":{"DisplayValue":"Atosa disfraz reina malvada corazones mujer adulto XS","Label":"Title","Locale":"es_ES"}},"Offers":{"Summaries":[{"Condition":{"Value":"New"},"LowestPrice":{"Amount":24.43,"Currency":"EUR","DisplayAmount":"24,43 €"}}]}},{"ASIN":"B008F8CUVG","DetailPageURL":"https://www.amazon.es/dp/B008F8CUVG?tag=topinalambricos-21&linkCode=osi&th=1&psc=1","Images":{"Primary":{"Small":{"Height":75,"URL":"https://m.media-amazon.com/images/I/41vg+7i4PRL._SL75_.jpg","Width":75}}},"ItemInfo":{"ByLineInfo":{"Brand":{"DisplayValue":"Fun Shack","Label":"Brand","Locale":"es_ES"},"Manufacturer":{"DisplayValue":"Indefinido","Label":"Manufacturer","Locale":"es_ES"}},"Title":{"DisplayValue":"Fun Shack Disfraz Reina Corazones Niña, Disfraz Niña Reina Corazones, Reina Corazones Disfraz Niña, Disfraz De La Reina De Corazones Niña, Disfraz Cuento Niña, Disfraz Carnaval Niña Talla M","Label":"Title","Locale":"es_ES"}},"Offers":{"Summaries":[{"Condition":{"Value":"New"},"LowestPrice":{"Amount":30.95,"Currency":"EUR","DisplayAmount":"30,95 €"}}]}},{"ASIN":"B0BN4JG2FK","DetailPageURL":"https://www.amazon.es/dp/B0BN4JG2FK?tag=topinalambricos-21&linkCode=osi&th=1&psc=1","Images":{"Primary":{"Small":{"Height":60,"URL":"https://m.media-amazon.com/images/I/41SmrzJKFmL._SL75_.jpg","Width":75}}},"ItemInfo":{"ByLineInfo":{"Brand":{"DisplayValue":"Atosa","Label":"Brand","Locale":"es_ES"},"Manufacturer":{"DisplayValue":"ATOSA","Label":"Manufacturer","Locale":"es_ES"}},"Title":{"DisplayValue":"Atosa disfraz reina corazones niña infantil rojo 10 a 12 años","Label":"Title","Locale":"es_ES"}},"Offers":{"Summaries":[{"Condition":{"Value":"New"},"LowestPrice":{"Amount":22.0,"Currency":"EUR","DisplayAmount":"22,00 €"}}]}}],"SearchURL":"https://www.amazon.es/s?k=corazon+disfraz&rh=n%3A1641896031%2Cp_n_availability%3A-1&tag=topinalambricos-21&linkCode=osi","TotalResultCount":1000}},"38":{"SearchResult":{"Items":[{"ASIN":"B07DC7LMWH","DetailPageURL":"https://www.amazon.es/dp/B07DC7LMWH?tag=topinalambricos-21&linkCode=osi&th=1&psc=1","Images":{"Primary":{"Small":{"Height":60,"URL":"https://m.media-amazon.com/images/I/41eXqbR66dL._SL75_.jpg","Width":75}}},"ItemInfo":{"ByLineInfo":{"Brand":{"DisplayValue":"Atosa","Label":"Brand","Locale":"es_ES"},"Manufacturer":{"DisplayValue":"Atosa","Label":"Manufacturer","Locale":"es_ES"}},"Title":{"DisplayValue":"Atosa disfraz reina corazones mujer adulto rojo XL","Label":"Title","Locale":"es_ES"}},"Offers":{"Summaries":[{"Condition":{"Value":"New"},"LowestPrice":{"Amount":24.7,"Currency":"EUR","DisplayAmount":"24,70 €"}}]}},{"ASIN":"B09GS4BRGN","DetailPageURL":"https://www.amazon.es/dp/B09GS4BRGN?tag=topinalambricos-21&linkCode=osi&th=1&psc=1","Images":{"Primary":{"Small":{"Height":75,"URL":"https://m.media-amazon.com/images/I/31WtKNIk4vL._SL75_.jpg","Width":34}}},"ItemInfo":{"ByLineInfo":{"Brand":{"DisplayValue":"Ciao","Label":"Brand","Locale":"es_ES"},"Manufacturer":{"DisplayValue":"Ciao","Label":"Manufacturer","Locale":"es_ES"}},"Title":{"DisplayValue":"Ciao-Reina de Corazones Wonderland Disfraz Chica Mujer Adulta (Talla Unica 40-42) Disguise, Color Red, Black, White, (14810)","Label":"Title","Locale":"es_ES"}},"Offers":{"Summaries":[{"Condition":{"Value":"Used"},"LowestPrice":{"Amount":19.26,"Currency":"EUR","DisplayAmount":"19,26 €"}},{"Condition":{"Value":"New"},"LowestPrice":{"Amount":24.9,"Currency":"EUR","DisplayAmount":"24,90 €"}}]}},{"ASIN":"B0B1DMYTN9","DetailPageURL":"https://www.amazon.es/dp/B0B1DMYTN9?tag=topinalambricos-21&linkCode=osi&th=1&psc=1","Images":{"Primary":{"Small":{"Height":75,"URL":"https://m.media-amazon.com/images/I/41ttI4hHsLL._SL75_.jpg","Width":57}}},"ItemInfo":{"ByLineInfo":{"Brand":{"DisplayValue":"ReliBeauty","Label":"Brand","Locale":"es_ES"}},"Title":{"DisplayValue":"ReliBeauty Disfraz de reina Vestido de Corazones Rojos para Niñas con Corona, 130","Label":"Title","Locale":"es_ES"}},"Offers":{"Summaries":[{"Condition":{"Value":"New"},"LowestPrice":{"Amount":33.99,"Currency":"EUR","DisplayAmount":"33,99 €"}}]}},{"ASIN":"B0876RWHMQ","DetailPageURL":"https://www.amazon.es/dp/B0876RWHMQ?tag=topinalambricos-21&linkCode=osi&th=1&psc=1","Images":{"Primary":{"Small":{"Height":75,"URL":"https://m.media-amazon.com/images/I/41y716QKkJL._SL75_.jpg","Width":41}}},"ItemInfo":{"ByLineInfo":{"Brand":{"DisplayValue":"Fiestas Guirca","Label":"Brand","Locale":"es_ES"},"Manufacturer":{"DisplayValue":"Fiestas Guirca","Label":"Manufacturer","Locale":"es_ES"}},"Title":{"DisplayValue":"Fiestas Guirca Disfraz de Dama de Corazones Mujer adulta Talla 42-44","Label":"Title","Locale":"es_ES"}},"Offers":{"Summaries":[{"Condition":{"Value":"New"},"LowestPrice":{"Amount":31.02,"Currency":"EUR","DisplayAmount":"31,02 €"}}]}},{"ASIN":"B07DQ72MBR","DetailPageURL":"https://www.amazon.es/dp/B07DQ72MBR?tag=topinalambricos-21&linkCode=osi&th=1&psc=1","Images":{"Primary":{"Small":{"Height":60,"URL":"https://m.media-amazon.com/images/I/41NWSVCfJRL._SL75_.jpg","Width":75}}},"ItemInfo":{"ByLineInfo":{"Brand":{"DisplayValue":"Atosa","Label":"Brand","Locale":"es_ES"},"Manufacturer":{"DisplayValue":"Atosa","Label":"Manufacturer","Locale":"es_ES"}},"Title":{"DisplayValue":"Atosa disfraz reina corazones niña infantil 10 a 12 años","Label":"Title","Locale":"es_ES"}},"Offers":{"Summaries":[{"Condition":{"Value":"New"},"LowestPrice":{"Amount":22.65,"Currency":"EUR","DisplayAmount":"22,65 €"}}]}},{"ASIN":"B007VMYZYM","DetailPageURL":"https://www.amazon.es/dp/B007VMYZYM?tag=topinalambricos-21&linkCode=osi&th=1&psc=1","Images":{"Primary":{"Small":{"Height":75,"URL":"https://m.media-amazon.com/images/I/41f1Kv93G4L._SL75_.jpg","Width":75}}},"ItemInfo":{"ByLineInfo":{"Brand":{"DisplayValue":"Fun Shack","Label":"Brand","Locale":"es_ES"},"Contributors":[{"Locale":"es_ES","Name":"Funshack","Role":"Diseñador","RoleType":"designer"}],"Manufacturer":{"DisplayValue":"Fun Shack","Label":"Manufacturer","Locale":"es_ES"}},"Title":{"DisplayValue":"Fun Shack Disfraz Reina Corazones Mujer, Disfraz Reina De Corazones Adulto, Disfraz Alicia Mujer, Disfraces Despedida Soltera Mujer, Disfraz Mujer Carnaval Talla XXL","Label":"Title","Locale":"es_ES"}},"Offers":{"Summaries":[{"Condition":{"Value":"New"},"LowestPrice":{"Amount":42.95,"Currency":"EUR","DisplayAmount":"42,95 €"}}]}},{"ASIN":"B09FM2G3NV","DetailPageURL":"https://www.amazon.es/dp/B09FM2G3NV?tag=topinalambricos-21&linkCode=osi&th=1&psc=1","Images":{"Primary":{"Small":{"Height":75,"URL":"https://m.media-amazon.com/images/I/31SAIpkGNPL._SL75_.jpg","Width":75}}},"ItemInfo":{"ByLineInfo":{"Brand":{"DisplayValue":"Disguise","Label":"Brand","Locale":"es_ES"},"Manufacturer":{"DisplayValue":"Disguise","Label":"Manufacturer","Locale":"es_ES"}},"Title":{"DisplayValue":"Disney Oficial - Disfraz Reina De Corazones Mujer, Disfraz Mujer Reina De Corazones, Disfraz Reina De Corazones Adulto, Disfraz Disney Adulto Mujer, Disfraz Halloween Mujer Talla L","Label":"Title","Locale":"es_ES"}},"Offers":{"Summaries":[{"Condition":{"Value":"New"},"LowestPrice":{"Amount":78.95,"Currency":"EUR","DisplayAmount":"78,95 €"}}]}},{"ASIN":"B00IMIBRUY","DetailPageURL":"https://www.amazon.es/dp/B00IMIBRUY?tag=topinalambricos-21&linkCode=osi&th=1&psc=1","Images":{"Primary":{"Small":{"Height":60,"URL":"https://m.media-amazon.com/images/I/31w4GCKD4gL._SL75_.jpg","Width":75}}},"ItemInfo":{"ByLineInfo":{"Brand":{"DisplayValue":"Atosa","Label":"Brand","Locale":"es_ES"},"Manufacturer":{"DisplayValue":"Atosa","Label":"Manufacturer","Locale":"es_ES"}},"Title":{"DisplayValue":"Atosa disfraz reina malvada corazones mujer adulto XS","Label":"Title","Locale":"es_ES"}},"Offers":{"Summaries":[{"Condition":{"Value":"New"},"LowestPrice":{"Amount":24.43,"Currency":"EUR","DisplayAmount":"24,43 €"}}]}},{"ASIN":"B008F8CUVG","DetailPageURL":"https://www.amazon.es/dp/B008F8CUVG?tag=topinalambricos-21&linkCode=osi&th=1&psc=1","Images":{"Primary":{"Small":{"Height":75,"URL":"https://m.media-amazon.com/images/I/41vg+7i4PRL._SL75_.jpg","Width":75}}},"ItemInfo":{"ByLineInfo":{"Brand":{"DisplayValue":"Fun Shack","Label":"Brand","Locale":"es_ES"},"Manufacturer":{"DisplayValue":"Indefinido","Label":"Manufacturer","Locale":"es_ES"}},"Title":{"DisplayValue":"Fun Shack Disfraz Reina Corazones Niña, Disfraz Niña Reina Corazones, Reina Corazones Disfraz Niña, Disfraz De La Reina De Corazones Niña, Disfraz Cuento Niña, Disfraz Carnaval Niña Talla M","Label":"Title","Locale":"es_ES"}},"Offers":{"Summaries":[{"Condition":{"Value":"New"},"LowestPrice":{"Amount":30.95,"Currency":"EUR","DisplayAmount":"30,95 €"}}]}},{"ASIN":"B0BN4JG2FK","DetailPageURL":"https://www.amazon.es/dp/B0BN4JG2FK?tag=topinalambricos-21&linkCode=osi&th=1&psc=1","Images":{"Primary":{"Small":{"Height":60,"URL":"https://m.media-amazon.com/images/I/41SmrzJKFmL._SL75_.jpg","Width":75}}},"ItemInfo":{"ByLineInfo":{"Brand":{"DisplayValue":"Atosa","Label":"Brand","Locale":"es_ES"},"Manufacturer":{"DisplayValue":"ATOSA","Label":"Manufacturer","Locale":"es_ES"}},"Title":{"DisplayValue":"Atosa disfraz reina corazones niña infantil rojo 10 a 12 años","Label":"Title","Locale":"es_ES"}},"Offers":{"Summaries":[{"Condition":{"Value":"New"},"LowestPrice":{"Amount":22.0,"Currency":"EUR","DisplayAmount":"22,00 €"}}]}}],"SearchURL":"https://www.amazon.es/s?k=corazon+disfraz&rh=n%3A1641896031%2Cp_n_availability%3A-1&tag=topinalambricos-21&linkCode=osi","TotalResultCount":1000}},"39":{"SearchResult":{"Items":[{"ASIN":"B07DC7LMWH","DetailPageURL":"https://www.amazon.es/dp/B07DC7LMWH?tag=topinalambricos-21&linkCode=osi&th=1&psc=1","Images":{"Primary":{"Small":{"Height":60,"URL":"https://m.media-amazon.com/images/I/41eXqbR66dL._SL75_.jpg","Width":75}}},"ItemInfo":{"ByLineInfo":{"Brand":{"DisplayValue":"Atosa","Label":"Brand","Locale":"es_ES"},"Manufacturer":{"DisplayValue":"Atosa","Label":"Manufacturer","Locale":"es_ES"}},"Title":{"DisplayValue":"Atosa disfraz reina corazones mujer adulto rojo XL","Label":"Title","Locale":"es_ES"}},"Offers":{"Summaries":[{"Condition":{"Value":"New"},"LowestPrice":{"Amount":24.7,"Currency":"EUR","DisplayAmount":"24,70 €"}}]}},{"ASIN":"B09GS4BRGN","DetailPageURL":"https://www.amazon.es/dp/B09GS4BRGN?tag=topinalambricos-21&linkCode=osi&th=1&psc=1","Images":{"Primary":{"Small":{"Height":75,"URL":"https://m.media-amazon.com/images/I/31WtKNIk4vL._SL75_.jpg","Width":34}}},"ItemInfo":{"ByLineInfo":{"Brand":{"DisplayValue":"Ciao","Label":"Brand","Locale":"es_ES"},"Manufacturer":{"DisplayValue":"Ciao","Label":"Manufacturer","Locale":"es_ES"}},"Title":{"DisplayValue":"Ciao-Reina de Corazones Wonderland Disfraz Chica Mujer Adulta (Talla Unica 40-42) Disguise, Color Red, Black, White, (14810)","Label":"Title","Locale":"es_ES"}},"Offers":{"Summaries":[{"Condition":{"Value":"Used"},"LowestPrice":{"Amount":19.26,"Currency":"EUR","DisplayAmount":"19,26 €"}},{"Condition":{"Value":"New"},"LowestPrice":{"Amount":24.9,"Currency":"EUR","DisplayAmount":"24,90 €"}}]}},{"ASIN":"B0B1DMYTN9","DetailPageURL":"https://www.amazon.es/dp/B0B1DMYTN9?tag=topinalambricos-21&linkCode=osi&th=1&psc=1","Images":{"Primary":{"Small":{"Height":75,"URL":"https://m.media-amazon.com/images/I/41ttI4hHsLL._SL75_.jpg","Width":57}}},"ItemInfo":{"ByLineInfo":{"Brand":{"DisplayValue":"ReliBeauty","Label":"Brand","Locale":"es_ES"}},"Title":{"DisplayValue":"ReliBeauty Disfraz de reina Vestido de Corazones Rojos para Niñas con Corona, 130","Label":"Title","Locale":"es_ES"}},"Offers":{"Summaries":[{"Condition":{"Value":"New"},"LowestPrice":{"Amount":33.99,"Currency":"EUR","DisplayAmount":"33,99 €"}}]}},{"ASIN":"B0876RWHMQ","DetailPageURL":"https://www.amazon.es/dp/B0876RWHMQ?tag=topinalambricos-21&linkCode=osi&th=1&psc=1","Images":{"Primary":{"Small":{"Height":75,"URL":"https://m.media-amazon.com/images/I/41y716QKkJL._SL75_.jpg","Width":41}}},"ItemInfo":{"ByLineInfo":{"Brand":{"DisplayValue":"Fiestas Guirca","Label":"Brand","Locale":"es_ES"},"Manufacturer":{"DisplayValue":"Fiestas Guirca","Label":"Manufacturer","Locale":"es_ES"}},"Title":{"DisplayValue":"Fiestas Guirca Disfraz de Dama de Corazones Mujer adulta Talla 42-44","Label":"Title","Locale":"es_ES"}},"Offers":{"Summaries":[{"Condition":{"Value":"New"},"LowestPrice":{"Amount":31.02,"Currency":"EUR","DisplayAmount":"31,02 €"}}]}},{"ASIN":"B07DQ72MBR","DetailPageURL":"https://www.amazon.es/dp/B07DQ72MBR?tag=topinalambricos-21&linkCode=osi&th=1&psc=1","Images":{"Primary":{"Small":{"Height":60,"URL":"https://m.media-amazon.com/images/I/41NWSVCfJRL._SL75_.jpg","Width":75}}},"ItemInfo":{"ByLineInfo":{"Brand":{"DisplayValue":"Atosa","Label":"Brand","Locale":"es_ES"},"Manufacturer":{"DisplayValue":"Atosa","Label":"Manufacturer","Locale":"es_ES"}},"Title":{"DisplayValue":"Atosa disfraz reina corazones niña infantil 10 a 12 años","Label":"Title","Locale":"es_ES"}},"Offers":{"Summaries":[{"Condition":{"Value":"New"},"LowestPrice":{"Amount":22.65,"Currency":"EUR","DisplayAmount":"22,65 €"}}]}},{"ASIN":"B007VMYZYM","DetailPageURL":"https://www.amazon.es/dp/B007VMYZYM?tag=topinalambricos-21&linkCode=osi&th=1&psc=1","Images":{"Primary":{"Small":{"Height":75,"URL":"https://m.media-amazon.com/images/I/41f1Kv93G4L._SL75_.jpg","Width":75}}},"ItemInfo":{"ByLineInfo":{"Brand":{"DisplayValue":"Fun Shack","Label":"Brand","Locale":"es_ES"},"Contributors":[{"Locale":"es_ES","Name":"Funshack","Role":"Diseñador","RoleType":"designer"}],"Manufacturer":{"DisplayValue":"Fun Shack","Label":"Manufacturer","Locale":"es_ES"}},"Title":{"DisplayValue":"Fun Shack Disfraz Reina Corazones Mujer, Disfraz Reina De Corazones Adulto, Disfraz Alicia Mujer, Disfraces Despedida Soltera Mujer, Disfraz Mujer Carnaval Talla XXL","Label":"Title","Locale":"es_ES"}},"Offers":{"Summaries":[{"Condition":{"Value":"New"},"LowestPrice":{"Amount":42.95,"Currency":"EUR","DisplayAmount":"42,95 €"}}]}},{"ASIN":"B09FM2G3NV","DetailPageURL":"https://www.amazon.es/dp/B09FM2G3NV?tag=topinalambricos-21&linkCode=osi&th=1&psc=1","Images":{"Primary":{"Small":{"Height":75,"URL":"https://m.media-amazon.com/images/I/31SAIpkGNPL._SL75_.jpg","Width":75}}},"ItemInfo":{"ByLineInfo":{"Brand":{"DisplayValue":"Disguise","Label":"Brand","Locale":"es_ES"},"Manufacturer":{"DisplayValue":"Disguise","Label":"Manufacturer","Locale":"es_ES"}},"Title":{"DisplayValue":"Disney Oficial - Disfraz Reina De Corazones Mujer, Disfraz Mujer Reina De Corazones, Disfraz Reina De Corazones Adulto, Disfraz Disney Adulto Mujer, Disfraz Halloween Mujer Talla L","Label":"Title","Locale":"es_ES"}},"Offers":{"Summaries":[{"Condition":{"Value":"New"},"LowestPrice":{"Amount":78.95,"Currency":"EUR","DisplayAmount":"78,95 €"}}]}},{"ASIN":"B00IMIBRUY","DetailPageURL":"https://www.amazon.es/dp/B00IMIBRUY?tag=topinalambricos-21&linkCode=osi&th=1&psc=1","Images":{"Primary":{"Small":{"Height":60,"URL":"https://m.media-amazon.com/images/I/31w4GCKD4gL._SL75_.jpg","Width":75}}},"ItemInfo":{"ByLineInfo":{"Brand":{"DisplayValue":"Atosa","Label":"Brand","Locale":"es_ES"},"Manufacturer":{"DisplayValue":"Atosa","Label":"Manufacturer","Locale":"es_ES"}},"Title":{"DisplayValue":"Atosa disfraz reina malvada corazones mujer adulto XS","Label":"Title","Locale":"es_ES"}},"Offers":{"Summaries":[{"Condition":{"Value":"New"},"LowestPrice":{"Amount":24.43,"Currency":"EUR","DisplayAmount":"24,43 €"}}]}},{"ASIN":"B008F8CUVG","DetailPageURL":"https://www.amazon.es/dp/B008F8CUVG?tag=topinalambricos-21&linkCode=osi&th=1&psc=1","Images":{"Primary":{"Small":{"Height":75,"URL":"https://m.media-amazon.com/images/I/41vg+7i4PRL._SL75_.jpg","Width":75}}},"ItemInfo":{"ByLineInfo":{"Brand":{"DisplayValue":"Fun Shack","Label":"Brand","Locale":"es_ES"},"Manufacturer":{"DisplayValue":"Indefinido","Label":"Manufacturer","Locale":"es_ES"}},"Title":{"DisplayValue":"Fun Shack Disfraz Reina Corazones Niña, Disfraz Niña Reina Corazones, Reina Corazones Disfraz Niña, Disfraz De La Reina De Corazones Niña, Disfraz Cuento Niña, Disfraz Carnaval Niña Talla M","Label":"Title","Locale":"es_ES"}},"Offers":{"Summaries":[{"Condition":{"Value":"New"},"LowestPrice":{"Amount":30.95,"Currency":"EUR","DisplayAmount":"30,95 €"}}]}},{"ASIN":"B0BN4JG2FK","DetailPageURL":"https://www.amazon.es/dp/B0BN4JG2FK?tag=topinalambricos-21&linkCode=osi&th=1&psc=1","Images":{"Primary":{"Small":{"Height":60,"URL":"https://m.media-amazon.com/images/I/41SmrzJKFmL._SL75_.jpg","Width":75}}},"ItemInfo":{"ByLineInfo":{"Brand":{"DisplayValue":"Atosa","Label":"Brand","Locale":"es_ES"},"Manufacturer":{"DisplayValue":"ATOSA","Label":"Manufacturer","Locale":"es_ES"}},"Title":{"DisplayValue":"Atosa disfraz reina corazones niña infantil rojo 10 a 12 años","Label":"Title","Locale":"es_ES"}},"Offers":{"Summaries":[{"Condition":{"Value":"New"},"LowestPrice":{"Amount":22.0,"Currency":"EUR","DisplayAmount":"22,00 €"}}]}}],"SearchURL":"https://www.amazon.es/s?k=corazon+disfraz&rh=n%3A1641896031%2Cp_n_availability%3A-1&tag=topinalambricos-21&linkCode=osi","TotalResultCount":1000}},"40":{"SearchResult":{"Items":[{"ASIN":"B07DC7LMWH","DetailPageURL":"https://www.amazon.es/dp/B07DC7LMWH?tag=topinalambricos-21&linkCode=osi&th=1&psc=1","Images":{"Primary":{"Small":{"Height":60,"URL":"https://m.media-amazon.com/images/I/41eXqbR66dL._SL75_.jpg","Width":75}}},"ItemInfo":{"ByLineInfo":{"Brand":{"DisplayValue":"Atosa","Label":"Brand","Locale":"es_ES"},"Manufacturer":{"DisplayValue":"Atosa","Label":"Manufacturer","Locale":"es_ES"}},"Title":{"DisplayValue":"Atosa disfraz reina corazones mujer adulto rojo XL","Label":"Title","Locale":"es_ES"}},"Offers":{"Summaries":[{"Condition":{"Value":"New"},"LowestPrice":{"Amount":24.7,"Currency":"EUR","DisplayAmount":"24,70 €"}}]}},{"ASIN":"B09GS4BRGN","DetailPageURL":"https://www.amazon.es/dp/B09GS4BRGN?tag=topinalambricos-21&linkCode=osi&th=1&psc=1","Images":{"Primary":{"Small":{"Height":75,"URL":"https://m.media-amazon.com/images/I/31WtKNIk4vL._SL75_.jpg","Width":34}}},"ItemInfo":{"ByLineInfo":{"Brand":{"DisplayValue":"Ciao","Label":"Brand","Locale":"es_ES"},"Manufacturer":{"DisplayValue":"Ciao","Label":"Manufacturer","Locale":"es_ES"}},"Title":{"DisplayValue":"Ciao-Reina de Corazones Wonderland Disfraz Chica Mujer Adulta (Talla Unica 40-42) Disguise, Color Red, Black, White, (14810)","Label":"Title","Locale":"es_ES"}},"Offers":{"Summaries":[{"Condition":{"Value":"Used"},"LowestPrice":{"Amount":19.26,"Currency":"EUR","DisplayAmount":"19,26 €"}},{"Condition":{"Value":"New"},"LowestPrice":{"Amount":24.9,"Currency":"EUR","DisplayAmount":"24,90 €"}}]}},{"ASIN":"B0B1DMYTN9","DetailPageURL":"https://www.amazon.es/dp/B0B1DMYTN9?tag=topinalambricos-21&linkCode=osi&th=1&psc=1","Images":{"Primary":{"Small":{"Height":75,"URL":"https://m.media-amazon.com/images/I/41ttI4hHsLL._SL75_.jpg","Width":57}}},"ItemInfo":{"ByLineInfo":{"Brand":{"DisplayValue":"ReliBeauty","Label":"Brand","Locale":"es_ES"}},"Title":{"DisplayValue":"ReliBeauty Disfraz de reina Vestido de Corazones Rojos para Niñas con Corona, 130","Label":"Title","Locale":"es_ES"}},"Offers":{"Summaries":[{"Condition":{"Value":"New"},"LowestPrice":{"Amount":33.99,"Currency":"EUR","DisplayAmount":"33,99 €"}}]}},{"ASIN":"B0876RWHMQ","DetailPageURL":"https://www.amazon.es/dp/B0876RWHMQ?tag=topinalambricos-21&linkCode=osi&th=1&psc=1","Images":{"Primary":{"Small":{"Height":75,"URL":"https://m.media-amazon.com/images/I/41y716QKkJL._SL75_.jpg","Width":41}}},"ItemInfo":{"ByLineInfo":{"Brand":{"DisplayValue":"Fiestas Guirca","Label":"Brand","Locale":"es_ES"},"Manufacturer":{"DisplayValue":"Fiestas Guirca","Label":"Manufacturer","Locale":"es_ES"}},"Title":{"DisplayValue":"Fiestas Guirca Disfraz de Dama de Corazones Mujer adulta Talla 42-44","Label":"Title","Locale":"es_ES"}},"Offers":{"Summaries":[{"Condition":{"Value":"New"},"LowestPrice":{"Amount":31.02,"Currency":"EUR","DisplayAmount":"31,02 €"}}]}},{"ASIN":"B07DQ72MBR","DetailPageURL":"https://www.amazon.es/dp/B07DQ72MBR?tag=topinalambricos-21&linkCode=osi&th=1&psc=1","Images":{"Primary":{"Small":{"Height":60,"URL":"https://m.media-amazon.com/images/I/41NWSVCfJRL._SL75_.jpg","Width":75}}},"ItemInfo":{"ByLineInfo":{"Brand":{"DisplayValue":"Atosa","Label":"Brand","Locale":"es_ES"},"Manufacturer":{"DisplayValue":"Atosa","Label":"Manufacturer","Locale":"es_ES"}},"Title":{"DisplayValue":"Atosa disfraz reina corazones niña infantil 10 a 12 años","Label":"Title","Locale":"es_ES"}},"Offers":{"Summaries":[{"Condition":{"Value":"New"},"LowestPrice":{"Amount":22.65,"Currency":"EUR","DisplayAmount":"22,65 €"}}]}},{"ASIN":"B007VMYZYM","DetailPageURL":"https://www.amazon.es/dp/B007VMYZYM?tag=topinalambricos-21&linkCode=osi&th=1&psc=1","Images":{"Primary":{"Small":{"Height":75,"URL":"https://m.media-amazon.com/images/I/41f1Kv93G4L._SL75_.jpg","Width":75}}},"ItemInfo":{"ByLineInfo":{"Brand":{"DisplayValue":"Fun Shack","Label":"Brand","Locale":"es_ES"},"Contributors":[{"Locale":"es_ES","Name":"Funshack","Role":"Diseñador","RoleType":"designer"}],"Manufacturer":{"DisplayValue":"Fun Shack","Label":"Manufacturer","Locale":"es_ES"}},"Title":{"DisplayValue":"Fun Shack Disfraz Reina Corazones Mujer, Disfraz Reina De Corazones Adulto, Disfraz Alicia Mujer, Disfraces Despedida Soltera Mujer, Disfraz Mujer Carnaval Talla XXL","Label":"Title","Locale":"es_ES"}},"Offers":{"Summaries":[{"Condition":{"Value":"New"},"LowestPrice":{"Amount":42.95,"Currency":"EUR","DisplayAmount":"42,95 €"}}]}},{"ASIN":"B09FM2G3NV","DetailPageURL":"https://www.amazon.es/dp/B09FM2G3NV?tag=topinalambricos-21&linkCode=osi&th=1&psc=1","Images":{"Primary":{"Small":{"Height":75,"URL":"https://m.media-amazon.com/images/I/31SAIpkGNPL._SL75_.jpg","Width":75}}},"ItemInfo":{"ByLineInfo":{"Brand":{"DisplayValue":"Disguise","Label":"Brand","Locale":"es_ES"},"Manufacturer":{"DisplayValue":"Disguise","Label":"Manufacturer","Locale":"es_ES"}},"Title":{"DisplayValue":"Disney Oficial - Disfraz Reina De Corazones Mujer, Disfraz Mujer Reina De Corazones, Disfraz Reina De Corazones Adulto, Disfraz Disney Adulto Mujer, Disfraz Halloween Mujer Talla L","Label":"Title","Locale":"es_ES"}},"Offers":{"Summaries":[{"Condition":{"Value":"New"},"LowestPrice":{"Amount":78.95,"Currency":"EUR","DisplayAmount":"78,95 €"}}]}},{"ASIN":"B00IMIBRUY","DetailPageURL":"https://www.amazon.es/dp/B00IMIBRUY?tag=topinalambricos-21&linkCode=osi&th=1&psc=1","Images":{"Primary":{"Small":{"Height":60,"URL":"https://m.media-amazon.com/images/I/31w4GCKD4gL._SL75_.jpg","Width":75}}},"ItemInfo":{"ByLineInfo":{"Brand":{"DisplayValue":"Atosa","Label":"Brand","Locale":"es_ES"},"Manufacturer":{"DisplayValue":"Atosa","Label":"Manufacturer","Locale":"es_ES"}},"Title":{"DisplayValue":"Atosa disfraz reina malvada corazones mujer adulto XS","Label":"Title","Locale":"es_ES"}},"Offers":{"Summaries":[{"Condition":{"Value":"New"},"LowestPrice":{"Amount":24.43,"Currency":"EUR","DisplayAmount":"24,43 €"}}]}},{"ASIN":"B008F8CUVG","DetailPageURL":"https://www.amazon.es/dp/B008F8CUVG?tag=topinalambricos-21&linkCode=osi&th=1&psc=1","Images":{"Primary":{"Small":{"Height":75,"URL":"https://m.media-amazon.com/images/I/41vg+7i4PRL._SL75_.jpg","Width":75}}},"ItemInfo":{"ByLineInfo":{"Brand":{"DisplayValue":"Fun Shack","Label":"Brand","Locale":"es_ES"},"Manufacturer":{"DisplayValue":"Indefinido","Label":"Manufacturer","Locale":"es_ES"}},"Title":{"DisplayValue":"Fun Shack Disfraz Reina Corazones Niña, Disfraz Niña Reina Corazones, Reina Corazones Disfraz Niña, Disfraz De La Reina De Corazones Niña, Disfraz Cuento Niña, Disfraz Carnaval Niña Talla M","Label":"Title","Locale":"es_ES"}},"Offers":{"Summaries":[{"Condition":{"Value":"New"},"LowestPrice":{"Amount":30.95,"Currency":"EUR","DisplayAmount":"30,95 €"}}]}},{"ASIN":"B0BN4JG2FK","DetailPageURL":"https://www.amazon.es/dp/B0BN4JG2FK?tag=topinalambricos-21&linkCode=osi&th=1&psc=1","Images":{"Primary":{"Small":{"Height":60,"URL":"https://m.media-amazon.com/images/I/41SmrzJKFmL._SL75_.jpg","Width":75}}},"ItemInfo":{"ByLineInfo":{"Brand":{"DisplayValue":"Atosa","Label":"Brand","Locale":"es_ES"},"Manufacturer":{"DisplayValue":"ATOSA","Label":"Manufacturer","Locale":"es_ES"}},"Title":{"DisplayValue":"Atosa disfraz reina corazones niña infantil rojo 10 a 12 años","Label":"Title","Locale":"es_ES"}},"Offers":{"Summaries":[{"Condition":{"Value":"New"},"LowestPrice":{"Amount":22.0,"Currency":"EUR","DisplayAmount":"22,00 €"}}]}}],"SearchURL":"https://www.amazon.es/s?k=corazon+disfraz&rh=n%3A1641896031%2Cp_n_availability%3A-1&tag=topinalambricos-21&linkCode=osi","TotalResultCount":1000}},"41":{"SearchResult":{"Items":[{"ASIN":"B07DC7LMWH","DetailPageURL":"https://www.amazon.es/dp/B07DC7LMWH?tag=topinalambricos-21&linkCode=osi&th=1&psc=1","Images":{"Primary":{"Small":{"Height":60,"URL":"https://m.media-amazon.com/images/I/41eXqbR66dL._SL75_.jpg","Width":75}}},"ItemInfo":{"ByLineInfo":{"Brand":{"DisplayValue":"Atosa","Label":"Brand","Locale":"es_ES"},"Manufacturer":{"DisplayValue":"Atosa","Label":"Manufacturer","Locale":"es_ES"}},"Title":{"DisplayValue":"Atosa disfraz reina corazones mujer adulto rojo XL","Label":"Title","Locale":"es_ES"}},"Offers":{"Summaries":[{"Condition":{"Value":"New"},"LowestPrice":{"Amount":24.7,"Currency":"EUR","DisplayAmount":"24,70 €"}}]}},{"ASIN":"B09GS4BRGN","DetailPageURL":"https://www.amazon.es/dp/B09GS4BRGN?tag=topinalambricos-21&linkCode=osi&th=1&psc=1","Images":{"Primary":{"Small":{"Height":75,"URL":"https://m.media-amazon.com/images/I/31WtKNIk4vL._SL75_.jpg","Width":34}}},"ItemInfo":{"ByLineInfo":{"Brand":{"DisplayValue":"Ciao","Label":"Brand","Locale":"es_ES"},"Manufacturer":{"DisplayValue":"Ciao","Label":"Manufacturer","Locale":"es_ES"}},"Title":{"DisplayValue":"Ciao-Reina de Corazones Wonderland Disfraz Chica Mujer Adulta (Talla Unica 40-42) Disguise, Color Red, Black, White, (14810)","Label":"Title","Locale":"es_ES"}},"Offers":{"Summaries":[{"Condition":{"Value":"Used"},"LowestPrice":{"Amount":19.26,"Currency":"EUR","DisplayAmount":"19,26 €"}},{"Condition":{"Value":"New"},"LowestPrice":{"Amount":24.9,"Currency":"EUR","DisplayAmount":"24,90 €"}}]}},{"ASIN":"B0B1DMYTN9","DetailPageURL":"https://www.amazon.es/dp/B0B1DMYTN9?tag=topinalambricos-21&linkCode=osi&th=1&psc=1","Images":{"Primary":{"Small":{"Height":75,"URL":"https://m.media-amazon.com/images/I/41ttI4hHsLL._SL75_.jpg","Width":57}}},"ItemInfo":{"ByLineInfo":{"Brand":{"DisplayValue":"ReliBeauty","Label":"Brand","Locale":"es_ES"}},"Title":{"DisplayValue":"ReliBeauty Disfraz de reina Vestido de Corazones Rojos para Niñas con Corona, 130","Label":"Title","Locale":"es_ES"}},"Offers":{"Summaries":[{"Condition":{"Value":"New"},"LowestPrice":{"Amount":33.99,"Currency":"EUR","DisplayAmount":"33,99 €"}}]}},{"ASIN":"B0876RWHMQ","DetailPageURL":"https://www.amazon.es/dp/B0876RWHMQ?tag=topinalambricos-21&linkCode=osi&th=1&psc=1","Images":{"Primary":{"Small":{"Height":75,"URL":"https://m.media-amazon.com/images/I/41y716QKkJL._SL75_.jpg","Width":41}}},"ItemInfo":{"ByLineInfo":{"Brand":{"DisplayValue":"Fiestas Guirca","Label":"Brand","Locale":"es_ES"},"Manufacturer":{"DisplayValue":"Fiestas Guirca","Label":"Manufacturer","Locale":"es_ES"}},"Title":{"DisplayValue":"Fiestas Guirca Disfraz de Dama de Corazones Mujer adulta Talla 42-44","Label":"Title","Locale":"es_ES"}},"Offers":{"Summaries":[{"Condition":{"Value":"New"},"LowestPrice":{"Amount":31.02,"Currency":"EUR","DisplayAmount":"31,02 €"}}]}},{"ASIN":"B07DQ72MBR","DetailPageURL":"https://www.amazon.es/dp/B07DQ72MBR?tag=topinalambricos-21&linkCode=osi&th=1&psc=1","Images":{"Primary":{"Small":{"Height":60,"URL":"https://m.media-amazon.com/images/I/41NWSVCfJRL._SL75_.jpg","Width":75}}},"ItemInfo":{"ByLineInfo":{"Brand":{"DisplayValue":"Atosa","Label":"Brand","Locale":"es_ES"},"Manufacturer":{"DisplayValue":"Atosa","Label":"Manufacturer","Locale":"es_ES"}},"Title":{"DisplayValue":"Atosa disfraz reina corazones niña infantil 10 a 12 años","Label":"Title","Locale":"es_ES"}},"Offers":{"Summaries":[{"Condition":{"Value":"New"},"LowestPrice":{"Amount":22.65,"Currency":"EUR","DisplayAmount":"22,65 €"}}]}},{"ASIN":"B007VMYZYM","DetailPageURL":"https://www.amazon.es/dp/B007VMYZYM?tag=topinalambricos-21&linkCode=osi&th=1&psc=1","Images":{"Primary":{"Small":{"Height":75,"URL":"https://m.media-amazon.com/images/I/41f1Kv93G4L._SL75_.jpg","Width":75}}},"ItemInfo":{"ByLineInfo":{"Brand":{"DisplayValue":"Fun Shack","Label":"Brand","Locale":"es_ES"},"Contributors":[{"Locale":"es_ES","Name":"Funshack","Role":"Diseñador","RoleType":"designer"}],"Manufacturer":{"DisplayValue":"Fun Shack","Label":"Manufacturer","Locale":"es_ES"}},"Title":{"DisplayValue":"Fun Shack Disfraz Reina Corazones Mujer, Disfraz Reina De Corazones Adulto, Disfraz Alicia Mujer, Disfraces Despedida Soltera Mujer, Disfraz Mujer Carnaval Talla XXL","Label":"Title","Locale":"es_ES"}},"Offers":{"Summaries":[{"Condition":{"Value":"New"},"LowestPrice":{"Amount":42.95,"Currency":"EUR","DisplayAmount":"42,95 €"}}]}},{"ASIN":"B09FM2G3NV","DetailPageURL":"https://www.amazon.es/dp/B09FM2G3NV?tag=topinalambricos-21&linkCode=osi&th=1&psc=1","Images":{"Primary":{"Small":{"Height":75,"URL":"https://m.media-amazon.com/images/I/31SAIpkGNPL._SL75_.jpg","Width":75}}},"ItemInfo":{"ByLineInfo":{"Brand":{"DisplayValue":"Disguise","Label":"Brand","Locale":"es_ES"},"Manufacturer":{"DisplayValue":"Disguise","Label":"Manufacturer","Locale":"es_ES"}},"Title":{"DisplayValue":"Disney Oficial - Disfraz Reina De Corazones Mujer, Disfraz Mujer Reina De Corazones, Disfraz Reina De Corazones Adulto, Disfraz Disney Adulto Mujer, Disfraz Halloween Mujer Talla L","Label":"Title","Locale":"es_ES"}},"Offers":{"Summaries":[{"Condition":{"Value":"New"},"LowestPrice":{"Amount":78.95,"Currency":"EUR","DisplayAmount":"78,95 €"}}]}},{"ASIN":"B00IMIBRUY","DetailPageURL":"https://www.amazon.es/dp/B00IMIBRUY?tag=topinalambricos-21&linkCode=osi&th=1&psc=1","Images":{"Primary":{"Small":{"Height":60,"URL":"https://m.media-amazon.com/images/I/31w4GCKD4gL._SL75_.jpg","Width":75}}},"ItemInfo":{"ByLineInfo":{"Brand":{"DisplayValue":"Atosa","Label":"Brand","Locale":"es_ES"},"Manufacturer":{"DisplayValue":"Atosa","Label":"Manufacturer","Locale":"es_ES"}},"Title":{"DisplayValue":"Atosa disfraz reina malvada corazones mujer adulto XS","Label":"Title","Locale":"es_ES"}},"Offers":{"Summaries":[{"Condition":{"Value":"New"},"LowestPrice":{"Amount":24.43,"Currency":"EUR","DisplayAmount":"24,43 €"}}]}},{"ASIN":"B008F8CUVG","DetailPageURL":"https://www.amazon.es/dp/B008F8CUVG?tag=topinalambricos-21&linkCode=osi&th=1&psc=1","Images":{"Primary":{"Small":{"Height":75,"URL":"https://m.media-amazon.com/images/I/41vg+7i4PRL._SL75_.jpg","Width":75}}},"ItemInfo":{"ByLineInfo":{"Brand":{"DisplayValue":"Fun Shack","Label":"Brand","Locale":"es_ES"},"Manufacturer":{"DisplayValue":"Indefinido","Label":"Manufacturer","Locale":"es_ES"}},"Title":{"DisplayValue":"Fun Shack Disfraz Reina Corazones Niña, Disfraz Niña Reina Corazones, Reina Corazones Disfraz Niña, Disfraz De La Reina De Corazones Niña, Disfraz Cuento Niña, Disfraz Carnaval Niña Talla M","Label":"Title","Locale":"es_ES"}},"Offers":{"Summaries":[{"Condition":{"Value":"New"},"LowestPrice":{"Amount":30.95,"Currency":"EUR","DisplayAmount":"30,95 €"}}]}},{"ASIN":"B0BN4JG2FK","DetailPageURL":"https://www.amazon.es/dp/B0BN4JG2FK?tag=topinalambricos-21&linkCode=osi&th=1&psc=1","Images":{"Primary":{"Small":{"Height":60,"URL":"https://m.media-amazon.com/images/I/41SmrzJKFmL._SL75_.jpg","Width":75}}},"ItemInfo":{"ByLineInfo":{"Brand":{"DisplayValue":"Atosa","Label":"Brand","Locale":"es_ES"},"Manufacturer":{"DisplayValue":"ATOSA","Label":"Manufacturer","Locale":"es_ES"}},"Title":{"DisplayValue":"Atosa disfraz reina corazones niña infantil rojo 10 a 12 años","Label":"Title","Locale":"es_ES"}},"Offers":{"Summaries":[{"Condition":{"Value":"New"},"LowestPrice":{"Amount":22.0,"Currency":"EUR","DisplayAmount":"22,00 €"}}]}}],"SearchURL":"https://www.amazon.es/s?k=corazon+disfraz&rh=n%3A1641896031%2Cp_n_availability%3A-1&tag=topinalambricos-21&linkCode=osi","TotalResultCount":1000}},"42":{"SearchResult":{"Items":[{"ASIN":"B07DC7LMWH","DetailPageURL":"https://www.amazon.es/dp/B07DC7LMWH?tag=topinalambricos-21&linkCode=osi&th=1&psc=1","Images":{"Primary":{"Small":{"Height":60,"URL":"https://m.media-amazon.com/images/I/41eXqbR66dL._SL75_.jpg","Width":75}}},"ItemInfo":{"ByLineInfo":{"Brand":{"DisplayValue":"Atosa","Label":"Brand","Locale":"es_ES"},"Manufacturer":{"DisplayValue":"Atosa","Label":"Manufacturer","Locale":"es_ES"}},"Title":{"DisplayValue":"Atosa disfraz reina corazones mujer adulto rojo XL","Label":"Title","Locale":"es_ES"}},"Offers":{"Summaries":[{"Condition":{"Value":"New"},"LowestPrice":{"Amount":24.7,"Currency":"EUR","DisplayAmount":"24,70 €"}}]}},{"ASIN":"B09GS4BRGN","DetailPageURL":"https://www.amazon.es/dp/B09GS4BRGN?tag=topinalambricos-21&linkCode=osi&th=1&psc=1","Images":{"Primary":{"Small":{"Height":75,"URL":"https://m.media-amazon.com/images/I/31WtKNIk4vL._SL75_.jpg","Width":34}}},"ItemInfo":{"ByLineInfo":{"Brand":{"DisplayValue":"Ciao","Label":"Brand","Locale":"es_ES"},"Manufacturer":{"DisplayValue":"Ciao","Label":"Manufacturer","Locale":"es_ES"}},"Title":{"DisplayValue":"Ciao-Reina de Corazones Wonderland Disfraz Chica Mujer Adulta (Talla Unica 40-42) Disguise, Color Red, Black, White, (14810)","Label":"Title","Locale":"es_ES"}},"Offers":{"Summaries":[{"Condition":{"Value":"Used"},"LowestPrice":{"Amount":19.26,"Currency":"EUR","DisplayAmount":"19,26 €"}},{"Condition":{"Value":"New"},"LowestPrice":{"Amount":24.9,"Currency":"EUR","DisplayAmount":"24,90 €"}}]}},{"ASIN":"B0B1DMYTN9","DetailPageURL":"https://www.amazon.es/dp/B0B1DMYTN9?tag=topinalambricos-21&linkCode=osi&th=1&psc=1","Images":{"Primary":{"Small":{"Height":75,"URL":"https://m.media-amazon.com/images/I/41ttI4hHsLL._SL75_.jpg","Width":57}}},"ItemInfo":{"ByLineInfo":{"Brand":{"DisplayValue":"ReliBeauty","Label":"Brand","Locale":"es_ES"}},"Title":{"DisplayValue":"ReliBeauty Disfraz de reina Vestido de Corazones Rojos para Niñas con Corona, 130","Label":"Title","Locale":"es_ES"}},"Offers":{"Summaries":[{"Condition":{"Value":"New"},"LowestPrice":{"Amount":33.99,"Currency":"EUR","DisplayAmount":"33,99 €"}}]}},{"ASIN":"B0876RWHMQ","DetailPageURL":"https://www.amazon.es/dp/B0876RWHMQ?tag=topinalambricos-21&linkCode=osi&th=1&psc=1","Images":{"Primary":{"Small":{"Height":75,"URL":"https://m.media-amazon.com/images/I/41y716QKkJL._SL75_.jpg","Width":41}}},"ItemInfo":{"ByLineInfo":{"Brand":{"DisplayValue":"Fiestas Guirca","Label":"Brand","Locale":"es_ES"},"Manufacturer":{"DisplayValue":"Fiestas Guirca","Label":"Manufacturer","Locale":"es_ES"}},"Title":{"DisplayValue":"Fiestas Guirca Disfraz de Dama de Corazones Mujer adulta Talla 42-44","Label":"Title","Locale":"es_ES"}},"Offers":{"Summaries":[{"Condition":{"Value":"New"},"LowestPrice":{"Amount":31.02,"Currency":"EUR","DisplayAmount":"31,02 €"}}]}},{"ASIN":"B07DQ72MBR","DetailPageURL":"https://www.amazon.es/dp/B07DQ72MBR?tag=topinalambricos-21&linkCode=osi&th=1&psc=1","Images":{"Primary":{"Small":{"Height":60,"URL":"https://m.media-amazon.com/images/I/41NWSVCfJRL._SL75_.jpg","Width":75}}},"ItemInfo":{"ByLineInfo":{"Brand":{"DisplayValue":"Atosa","Label":"Brand","Locale":"es_ES"},"Manufacturer":{"DisplayValue":"Atosa","Label":"Manufacturer","Locale":"es_ES"}},"Title":{"DisplayValue":"Atosa disfraz reina corazones niña infantil 10 a 12 años","Label":"Title","Locale":"es_ES"}},"Offers":{"Summaries":[{"Condition":{"Value":"New"},"LowestPrice":{"Amount":22.65,"Currency":"EUR","DisplayAmount":"22,65 €"}}]}},{"ASIN":"B007VMYZYM","DetailPageURL":"https://www.amazon.es/dp/B007VMYZYM?tag=topinalambricos-21&linkCode=osi&th=1&psc=1","Images":{"Primary":{"Small":{"Height":75,"URL":"https://m.media-amazon.com/images/I/41f1Kv93G4L._SL75_.jpg","Width":75}}},"ItemInfo":{"ByLineInfo":{"Brand":{"DisplayValue":"Fun Shack","Label":"Brand","Locale":"es_ES"},"Contributors":[{"Locale":"es_ES","Name":"Funshack","Role":"Diseñador","RoleType":"designer"}],"Manufacturer":{"DisplayValue":"Fun Shack","Label":"Manufacturer","Locale":"es_ES"}},"Title":{"DisplayValue":"Fun Shack Disfraz Reina Corazones Mujer, Disfraz Reina De Corazones Adulto, Disfraz Alicia Mujer, Disfraces Despedida Soltera Mujer, Disfraz Mujer Carnaval Talla XXL","Label":"Title","Locale":"es_ES"}},"Offers":{"Summaries":[{"Condition":{"Value":"New"},"LowestPrice":{"Amount":42.95,"Currency":"EUR","DisplayAmount":"42,95 €"}}]}},{"ASIN":"B09FM2G3NV","DetailPageURL":"https://www.amazon.es/dp/B09FM2G3NV?tag=topinalambricos-21&linkCode=osi&th=1&psc=1","Images":{"Primary":{"Small":{"Height":75,"URL":"https://m.media-amazon.com/images/I/31SAIpkGNPL._SL75_.jpg","Width":75}}},"ItemInfo":{"ByLineInfo":{"Brand":{"DisplayValue":"Disguise","Label":"Brand","Locale":"es_ES"},"Manufacturer":{"DisplayValue":"Disguise","Label":"Manufacturer","Locale":"es_ES"}},"Title":{"DisplayValue":"Disney Oficial - Disfraz Reina De Corazones Mujer, Disfraz Mujer Reina De Corazones, Disfraz Reina De Corazones Adulto, Disfraz Disney Adulto Mujer, Disfraz Halloween Mujer Talla L","Label":"Title","Locale":"es_ES"}},"Offers":{"Summaries":[{"Condition":{"Value":"New"},"LowestPrice":{"Amount":78.95,"Currency":"EUR","DisplayAmount":"78,95 €"}}]}},{"ASIN":"B00IMIBRUY","DetailPageURL":"https://www.amazon.es/dp/B00IMIBRUY?tag=topinalambricos-21&linkCode=osi&th=1&psc=1","Images":{"Primary":{"Small":{"Height":60,"URL":"https://m.media-amazon.com/images/I/31w4GCKD4gL._SL75_.jpg","Width":75}}},"ItemInfo":{"ByLineInfo":{"Brand":{"DisplayValue":"Atosa","Label":"Brand","Locale":"es_ES"},"Manufacturer":{"DisplayValue":"Atosa","Label":"Manufacturer","Locale":"es_ES"}},"Title":{"DisplayValue":"Atosa disfraz reina malvada corazones mujer adulto XS","Label":"Title","Locale":"es_ES"}},"Offers":{"Summaries":[{"Condition":{"Value":"New"},"LowestPrice":{"Amount":24.43,"Currency":"EUR","DisplayAmount":"24,43 €"}}]}},{"ASIN":"B008F8CUVG","DetailPageURL":"https://www.amazon.es/dp/B008F8CUVG?tag=topinalambricos-21&linkCode=osi&th=1&psc=1","Images":{"Primary":{"Small":{"Height":75,"URL":"https://m.media-amazon.com/images/I/41vg+7i4PRL._SL75_.jpg","Width":75}}},"ItemInfo":{"ByLineInfo":{"Brand":{"DisplayValue":"Fun Shack","Label":"Brand","Locale":"es_ES"},"Manufacturer":{"DisplayValue":"Indefinido","Label":"Manufacturer","Locale":"es_ES"}},"Title":{"DisplayValue":"Fun Shack Disfraz Reina Corazones Niña, Disfraz Niña Reina Corazones, Reina Corazones Disfraz Niña, Disfraz De La Reina De Corazones Niña, Disfraz Cuento Niña, Disfraz Carnaval Niña Talla M","Label":"Title","Locale":"es_ES"}},"Offers":{"Summaries":[{"Condition":{"Value":"New"},"LowestPrice":{"Amount":30.95,"Currency":"EUR","DisplayAmount":"30,95 €"}}]}},{"ASIN":"B0BN4JG2FK","DetailPageURL":"https://www.amazon.es/dp/B0BN4JG2FK?tag=topinalambricos-21&linkCode=osi&th=1&psc=1","Images":{"Primary":{"Small":{"Height":60,"URL":"https://m.media-amazon.com/images/I/41SmrzJKFmL._SL75_.jpg","Width":75}}},"ItemInfo":{"ByLineInfo":{"Brand":{"DisplayValue":"Atosa","Label":"Brand","Locale":"es_ES"},"Manufacturer":{"DisplayValue":"ATOSA","Label":"Manufacturer","Locale":"es_ES"}},"Title":{"DisplayValue":"Atosa disfraz reina corazones niña infantil rojo 10 a 12 años","Label":"Title","Locale":"es_ES"}},"Offers":{"Summaries":[{"Condition":{"Value":"New"},"LowestPrice":{"Amount":22.0,"Currency":"EUR","DisplayAmount":"22,00 €"}}]}}],"SearchURL":"https://www.amazon.es/s?k=corazon+disfraz&rh=n%3A1641896031%2Cp_n_availability%3A-1&tag=topinalambricos-21&linkCode=osi","TotalResultCount":1000}},"43":{"SearchResult":{"Items":[{"ASIN":"B07DC7LMWH","DetailPageURL":"https://www.amazon.es/dp/B07DC7LMWH?tag=topinalambricos-21&linkCode=osi&th=1&psc=1","Images":{"Primary":{"Small":{"Height":60,"URL":"https://m.media-amazon.com/images/I/41eXqbR66dL._SL75_.jpg","Width":75}}},"ItemInfo":{"ByLineInfo":{"Brand":{"DisplayValue":"Atosa","Label":"Brand","Locale":"es_ES"},"Manufacturer":{"DisplayValue":"Atosa","Label":"Manufacturer","Locale":"es_ES"}},"Title":{"DisplayValue":"Atosa disfraz reina corazones mujer adulto rojo XL","Label":"Title","Locale":"es_ES"}},"Offers":{"Summaries":[{"Condition":{"Value":"New"},"LowestPrice":{"Amount":24.7,"Currency":"EUR","DisplayAmount":"24,70 €"}}]}},{"ASIN":"B09GS4BRGN","DetailPageURL":"https://www.amazon.es/dp/B09GS4BRGN?tag=topinalambricos-21&linkCode=osi&th=1&psc=1","Images":{"Primary":{"Small":{"Height":75,"URL":"https://m.media-amazon.com/images/I/31WtKNIk4vL._SL75_.jpg","Width":34}}},"ItemInfo":{"ByLineInfo":{"Brand":{"DisplayValue":"Ciao","Label":"Brand","Locale":"es_ES"},"Manufacturer":{"DisplayValue":"Ciao","Label":"Manufacturer","Locale":"es_ES"}},"Title":{"DisplayValue":"Ciao-Reina de Corazones Wonderland Disfraz Chica Mujer Adulta (Talla Unica 40-42) Disguise, Color Red, Black, White, (14810)","Label":"Title","Locale":"es_ES"}},"Offers":{"Summaries":[{"Condition":{"Value":"Used"},"LowestPrice":{"Amount":19.26,"Currency":"EUR","DisplayAmount":"19,26 €"}},{"Condition":{"Value":"New"},"LowestPrice":{"Amount":24.9,"Currency":"EUR","DisplayAmount":"24,90 €"}}]}},{"ASIN":"B0B1DMYTN9","DetailPageURL":"https://www.amazon.es/dp/B0B1DMYTN9?tag=topinalambricos-21&linkCode=osi&th=1&psc=1","Images":{"Primary":{"Small":{"Height":75,"URL":"https://m.media-amazon.com/images/I/41ttI4hHsLL._SL75_.jpg","Width":57}}},"ItemInfo":{"ByLineInfo":{"Brand":{"DisplayValue":"ReliBeauty","Label":"Brand","Locale":"es_ES"}},"Title":{"DisplayValue":"ReliBeauty Disfraz de reina Vestido de Corazones Rojos para Niñas con Corona, 130","Label":"Title","Locale":"es_ES"}},"Offers":{"Summaries":[{"Condition":{"Value":"New"},"LowestPrice":{"Amount":33.99,"Currency":"EUR","DisplayAmount":"33,99 €"}}]}},{"ASIN":"B0876RWHMQ","DetailPageURL":"https://www.amazon.es/dp/B0876RWHMQ?tag=topinalambricos-21&linkCode=osi&th=1&psc=1","Images":{"Primary":{"Small":{"Height":75,"URL":"https://m.media-amazon.com/images/I/41y716QKkJL._SL75_.jpg","Width":41}}},"ItemInfo":{"ByLineInfo":{"Brand":{"DisplayValue":"Fiestas Guirca","Label":"Brand","Locale":"es_ES"},"Manufacturer":{"DisplayValue":"Fiestas Guirca","Label":"Manufacturer","Locale":"es_ES"}},"Title":{"DisplayValue":"Fiestas Guirca Disfraz de Dama de Corazones Mujer adulta Talla 42-44","Label":"Title","Locale":"es_ES"}},"Offers":{"Summaries":[{"Condition":{"Value":"New"},"LowestPrice":{"Amount":31.02,"Currency":"EUR","DisplayAmount":"31,02 €"}}]}},{"ASIN":"B07DQ72MBR","DetailPageURL":"https://www.amazon.es/dp/B07DQ72MBR?tag=topinalambricos-21&linkCode=osi&th=1&psc=1","Images":{"Primary":{"Small":{"Height":60,"URL":"https://m.media-amazon.com/images/I/41NWSVCfJRL._SL75_.jpg","Width":75}}},"ItemInfo":{"ByLineInfo":{"Brand":{"DisplayValue":"Atosa","Label":"Brand","Locale":"es_ES"},"Manufacturer":{"DisplayValue":"Atosa","Label":"Manufacturer","Locale":"es_ES"}},"Title":{"DisplayValue":"Atosa disfraz reina corazones niña infantil 10 a 12 años","Label":"Title","Locale":"es_ES"}},"Offers":{"Summaries":[{"Condition":{"Value":"New"},"LowestPrice":{"Amount":22.65,"Currency":"EUR","DisplayAmount":"22,65 €"}}]}},{"ASIN":"B007VMYZYM","DetailPageURL":"https://www.amazon.es/dp/B007VMYZYM?tag=topinalambricos-21&linkCode=osi&th=1&psc=1","Images":{"Primary":{"Small":{"Height":75,"URL":"https://m.media-amazon.com/images/I/41f1Kv93G4L._SL75_.jpg","Width":75}}},"ItemInfo":{"ByLineInfo":{"Brand":{"DisplayValue":"Fun Shack","Label":"Brand","Locale":"es_ES"},"Contributors":[{"Locale":"es_ES","Name":"Funshack","Role":"Diseñador","RoleType":"designer"}],"Manufacturer":{"DisplayValue":"Fun Shack","Label":"Manufacturer","Locale":"es_ES"}},"Title":{"DisplayValue":"Fun Shack Disfraz Reina Corazones Mujer, Disfraz Reina De Corazones Adulto, Disfraz Alicia Mujer, Disfraces Despedida Soltera Mujer, Disfraz Mujer Carnaval Talla XXL","Label":"Title","Locale":"es_ES"}},"Offers":{"Summaries":[{"Condition":{"Value":"New"},"LowestPrice":{"Amount":42.95,"Currency":"EUR","DisplayAmount":"42,95 €"}}]}},{"ASIN":"B09FM2G3NV","DetailPageURL":"https://www.amazon.es/dp/B09FM2G3NV?tag=topinalambricos-21&linkCode=osi&th=1&psc=1","Images":{"Primary":{"Small":{"Height":75,"URL":"https://m.media-amazon.com/images/I/31SAIpkGNPL._SL75_.jpg","Width":75}}},"ItemInfo":{"ByLineInfo":{"Brand":{"DisplayValue":"Disguise","Label":"Brand","Locale":"es_ES"},"Manufacturer":{"DisplayValue":"Disguise","Label":"Manufacturer","Locale":"es_ES"}},"Title":{"DisplayValue":"Disney Oficial - Disfraz Reina De Corazones Mujer, Disfraz Mujer Reina De Corazones, Disfraz Reina De Corazones Adulto, Disfraz Disney Adulto Mujer, Disfraz Halloween Mujer Talla L","Label":"Title","Locale":"es_ES"}},"Offers":{"Summaries":[{"Condition":{"Value":"New"},"LowestPrice":{"Amount":78.95,"Currency":"EUR","DisplayAmount":"78,95 €"}}]}},{"ASIN":"B00IMIBRUY","DetailPageURL":"https://www.amazon.es/dp/B00IMIBRUY?tag=topinalambricos-21&linkCode=osi&th=1&psc=1","Images":{"Primary":{"Small":{"Height":60,"URL":"https://m.media-amazon.com/images/I/31w4GCKD4gL._SL75_.jpg","Width":75}}},"ItemInfo":{"ByLineInfo":{"Brand":{"DisplayValue":"Atosa","Label":"Brand","Locale":"es_ES"},"Manufacturer":{"DisplayValue":"Atosa","Label":"Manufacturer","Locale":"es_ES"}},"Title":{"DisplayValue":"Atosa disfraz reina malvada corazones mujer adulto XS","Label":"Title","Locale":"es_ES"}},"Offers":{"Summaries":[{"Condition":{"Value":"New"},"LowestPrice":{"Amount":24.43,"Currency":"EUR","DisplayAmount":"24,43 €"}}]}},{"ASIN":"B008F8CUVG","DetailPageURL":"https://www.amazon.es/dp/B008F8CUVG?tag=topinalambricos-21&linkCode=osi&th=1&psc=1","Images":{"Primary":{"Small":{"Height":75,"URL":"https://m.media-amazon.com/images/I/41vg+7i4PRL._SL75_.jpg","Width":75}}},"ItemInfo":{"ByLineInfo":{"Brand":{"DisplayValue":"Fun Shack","Label":"Brand","Locale":"es_ES"},"Manufacturer":{"DisplayValue":"Indefinido","Label":"Manufacturer","Locale":"es_ES"}},"Title":{"DisplayValue":"Fun Shack Disfraz Reina Corazones Niña, Disfraz Niña Reina Corazones, Reina Corazones Disfraz Niña, Disfraz De La Reina De Corazones Niña, Disfraz Cuento Niña, Disfraz Carnaval Niña Talla M","Label":"Title","Locale":"es_ES"}},"Offers":{"Summaries":[{"Condition":{"Value":"New"},"LowestPrice":{"Amount":30.95,"Currency":"EUR","DisplayAmount":"30,95 €"}}]}},{"ASIN":"B0BN4JG2FK","DetailPageURL":"https://www.amazon.es/dp/B0BN4JG2FK?tag=topinalambricos-21&linkCode=osi&th=1&psc=1","Images":{"Primary":{"Small":{"Height":60,"URL":"https://m.media-amazon.com/images/I/41SmrzJKFmL._SL75_.jpg","Width":75}}},"ItemInfo":{"ByLineInfo":{"Brand":{"DisplayValue":"Atosa","Label":"Brand","Locale":"es_ES"},"Manufacturer":{"DisplayValue":"ATOSA","Label":"Manufacturer","Locale":"es_ES"}},"Title":{"DisplayValue":"Atosa disfraz reina corazones niña infantil rojo 10 a 12 años","Label":"Title","Locale":"es_ES"}},"Offers":{"Summaries":[{"Condition":{"Value":"New"},"LowestPrice":{"Amount":22.0,"Currency":"EUR","DisplayAmount":"22,00 €"}}]}}],"SearchURL":"https://www.amazon.es/s?k=corazon+disfraz&rh=n%3A1641896031%2Cp_n_availability%3A-1&tag=topinalambricos-21&linkCode=osi","TotalResultCount":1000}},"44":{"SearchResult":{"Items":[{"ASIN":"B07DC7LMWH","DetailPageURL":"https://www.amazon.es/dp/B07DC7LMWH?tag=topinalambricos-21&linkCode=osi&th=1&psc=1","Images":{"Primary":{"Small":{"Height":60,"URL":"https://m.media-amazon.com/images/I/41eXqbR66dL._SL75_.jpg","Width":75}}},"ItemInfo":{"ByLineInfo":{"Brand":{"DisplayValue":"Atosa","Label":"Brand","Locale":"es_ES"},"Manufacturer":{"DisplayValue":"Atosa","Label":"Manufacturer","Locale":"es_ES"}},"Title":{"DisplayValue":"Atosa disfraz reina corazones mujer adulto rojo XL","Label":"Title","Locale":"es_ES"}},"Offers":{"Summaries":[{"Condition":{"Value":"New"},"LowestPrice":{"Amount":24.7,"Currency":"EUR","DisplayAmount":"24,70 €"}}]}},{"ASIN":"B09GS4BRGN","DetailPageURL":"https://www.amazon.es/dp/B09GS4BRGN?tag=topinalambricos-21&linkCode=osi&th=1&psc=1","Images":{"Primary":{"Small":{"Height":75,"URL":"https://m.media-amazon.com/images/I/31WtKNIk4vL._SL75_.jpg","Width":34}}},"ItemInfo":{"ByLineInfo":{"Brand":{"DisplayValue":"Ciao","Label":"Brand","Locale":"es_ES"},"Manufacturer":{"DisplayValue":"Ciao","Label":"Manufacturer","Locale":"es_ES"}},"Title":{"DisplayValue":"Ciao-Reina de Corazones Wonderland Disfraz Chica Mujer Adulta (Talla Unica 40-42) Disguise, Color Red, Black, White, (14810)","Label":"Title","Locale":"es_ES"}},"Offers":{"Summaries":[{"Condition":{"Value":"Used"},"LowestPrice":{"Amount":19.26,"Currency":"EUR","DisplayAmount":"19,26 €"}},{"Condition":{"Value":"New"},"LowestPrice":{"Amount":24.9,"Currency":"EUR","DisplayAmount":"24,90 €"}}]}},{"ASIN":"B0B1DMYTN9","DetailPageURL":"https://www.amazon.es/dp/B0B1DMYTN9?tag=topinalambricos-21&linkCode=osi&th=1&psc=1","Images":{"Primary":{"Small":{"Height":75,"URL":"https://m.media-amazon.com/images/I/41ttI4hHsLL._SL75_.jpg","Width":57}}},"ItemInfo":{"ByLineInfo":{"Brand":{"DisplayValue":"ReliBeauty","Label":"Brand","Locale":"es_ES"}},"Title":{"DisplayValue":"ReliBeauty Disfraz de reina Vestido de Corazones Rojos para Niñas con Corona, 130","Label":"Title","Locale":"es_ES"}},"Offers":{"Summaries":[{"Condition":{"Value":"New"},"LowestPrice":{"Amount":33.99,"Currency":"EUR","DisplayAmount":"33,99 €"}}]}},{"ASIN":"B0876RWHMQ","DetailPageURL":"https://www.amazon.es/dp/B0876RWHMQ?tag=topinalambricos-21&linkCode=osi&th=1&psc=1","Images":{"Primary":{"Small":{"Height":75,"URL":"https://m.media-amazon.com/images/I/41y716QKkJL._SL75_.jpg","Width":41}}},"ItemInfo":{"ByLineInfo":{"Brand":{"DisplayValue":"Fiestas Guirca","Label":"Brand","Locale":"es_ES"},"Manufacturer":{"DisplayValue":"Fiestas Guirca","Label":"Manufacturer","Locale":"es_ES"}},"Title":{"DisplayValue":"Fiestas Guirca Disfraz de Dama de Corazones Mujer adulta Talla 42-44","Label":"Title","Locale":"es_ES"}},"Offers":{"Summaries":[{"Condition":{"Value":"New"},"LowestPrice":{"Amount":31.02,"Currency":"EUR","DisplayAmount":"31,02 €"}}]}},{"ASIN":"B07DQ72MBR","DetailPageURL":"https://www.amazon.es/dp/B07DQ72MBR?tag=topinalambricos-21&linkCode=osi&th=1&psc=1","Images":{"Primary":{"Small":{"Height":60,"URL":"https://m.media-amazon.com/images/I/41NWSVCfJRL._SL75_.jpg","Width":75}}},"ItemInfo":{"ByLineInfo":{"Brand":{"DisplayValue":"Atosa","Label":"Brand","Locale":"es_ES"},"Manufacturer":{"DisplayValue":"Atosa","Label":"Manufacturer","Locale":"es_ES"}},"Title":{"DisplayValue":"Atosa disfraz reina corazones niña infantil 10 a 12 años","Label":"Title","Locale":"es_ES"}},"Offers":{"Summaries":[{"Condition":{"Value":"New"},"LowestPrice":{"Amount":22.65,"Currency":"EUR","DisplayAmount":"22,65 €"}}]}},{"ASIN":"B007VMYZYM","DetailPageURL":"https://www.amazon.es/dp/B007VMYZYM?tag=topinalambricos-21&linkCode=osi&th=1&psc=1","Images":{"Primary":{"Small":{"Height":75,"URL":"https://m.media-amazon.com/images/I/41f1Kv93G4L._SL75_.jpg","Width":75}}},"ItemInfo":{"ByLineInfo":{"Brand":{"DisplayValue":"Fun Shack","Label":"Brand","Locale":"es_ES"},"Contributors":[{"Locale":"es_ES","Name":"Funshack","Role":"Diseñador","RoleType":"designer"}],"Manufacturer":{"DisplayValue":"Fun Shack","Label":"Manufacturer","Locale":"es_ES"}},"Title":{"DisplayValue":"Fun Shack Disfraz Reina Corazones Mujer, Disfraz Reina De Corazones Adulto, Disfraz Alicia Mujer, Disfraces Despedida Soltera Mujer, Disfraz Mujer Carnaval Talla XXL","Label":"Title","Locale":"es_ES"}},"Offers":{"Summaries":[{"Condition":{"Value":"New"},"LowestPrice":{"Amount":42.95,"Currency":"EUR","DisplayAmount":"42,95 €"}}]}},{"ASIN":"B09FM2G3NV","DetailPageURL":"https://www.amazon.es/dp/B09FM2G3NV?tag=topinalambricos-21&linkCode=osi&th=1&psc=1","Images":{"Primary":{"Small":{"Height":75,"URL":"https://m.media-amazon.com/images/I/31SAIpkGNPL._SL75_.jpg","Width":75}}},"ItemInfo":{"ByLineInfo":{"Brand":{"DisplayValue":"Disguise","Label":"Brand","Locale":"es_ES"},"Manufacturer":{"DisplayValue":"Disguise","Label":"Manufacturer","Locale":"es_ES"}},"Title":{"DisplayValue":"Disney Oficial - Disfraz Reina De Corazones Mujer, Disfraz Mujer Reina De Corazones, Disfraz Reina De Corazones Adulto, Disfraz Disney Adulto Mujer, Disfraz Halloween Mujer Talla L","Label":"Title","Locale":"es_ES"}},"Offers":{"Summaries":[{"Condition":{"Value":"New"},"LowestPrice":{"Amount":78.95,"Currency":"EUR","DisplayAmount":"78,95 €"}}]}},{"ASIN":"B00IMIBRUY","DetailPageURL":"https://www.amazon.es/dp/B00IMIBRUY?tag=topinalambricos-21&linkCode=osi&th=1&psc=1","Images":{"Primary":{"Small":{"Height":60,"URL":"https://m.media-amazon.com/images/I/31w4GCKD4gL._SL75_.jpg","Width":75}}},"ItemInfo":{"ByLineInfo":{"Brand":{"DisplayValue":"Atosa","Label":"Brand","Locale":"es_ES"},"Manufacturer":{"DisplayValue":"Atosa","Label":"Manufacturer","Locale":"es_ES"}},"Title":{"DisplayValue":"Atosa disfraz reina malvada corazones mujer adulto XS","Label":"Title","Locale":"es_ES"}},"Offers":{"Summaries":[{"Condition":{"Value":"New"},"LowestPrice":{"Amount":24.43,"Currency":"EUR","DisplayAmount":"24,43 €"}}]}},{"ASIN":"B008F8CUVG","DetailPageURL":"https://www.amazon.es/dp/B008F8CUVG?tag=topinalambricos-21&linkCode=osi&th=1&psc=1","Images":{"Primary":{"Small":{"Height":75,"URL":"https://m.media-amazon.com/images/I/41vg+7i4PRL._SL75_.jpg","Width":75}}},"ItemInfo":{"ByLineInfo":{"Brand":{"DisplayValue":"Fun Shack","Label":"Brand","Locale":"es_ES"},"Manufacturer":{"DisplayValue":"Indefinido","Label":"Manufacturer","Locale":"es_ES"}},"Title":{"DisplayValue":"Fun Shack Disfraz Reina Corazones Niña, Disfraz Niña Reina Corazones, Reina Corazones Disfraz Niña, Disfraz De La Reina De Corazones Niña, Disfraz Cuento Niña, Disfraz Carnaval Niña Talla M","Label":"Title","Locale":"es_ES"}},"Offers":{"Summaries":[{"Condition":{"Value":"New"},"LowestPrice":{"Amount":30.95,"Currency":"EUR","DisplayAmount":"30,95 €"}}]}},{"ASIN":"B0BN4JG2FK","DetailPageURL":"https://www.amazon.es/dp/B0BN4JG2FK?tag=topinalambricos-21&linkCode=osi&th=1&psc=1","Images":{"Primary":{"Small":{"Height":60,"URL":"https://m.media-amazon.com/images/I/41SmrzJKFmL._SL75_.jpg","Width":75}}},"ItemInfo":{"ByLineInfo":{"Brand":{"DisplayValue":"Atosa","Label":"Brand","Locale":"es_ES"},"Manufacturer":{"DisplayValue":"ATOSA","Label":"Manufacturer","Locale":"es_ES"}},"Title":{"DisplayValue":"Atosa disfraz reina corazones niña infantil rojo 10 a 12 años","Label":"Title","Locale":"es_ES"}},"Offers":{"Summaries":[{"Condition":{"Value":"New"},"LowestPrice":{"Amount":22.0,"Currency":"EUR","DisplayAmount":"22,00 €"}}]}}],"SearchURL":"https://www.amazon.es/s?k=corazon+disfraz&rh=n%3A1641896031%2Cp_n_availability%3A-1&tag=topinalambricos-21&linkCode=osi","TotalResultCount":1000}},"46":{"SearchResult":{"Items":[{"ASIN":"B0BNHXP59K","DetailPageURL":"https://www.amazon.es/dp/B0BNHXP59K?tag=topinalambricos-21&linkCode=osi&th=1&psc=1","Images":{"Primary":{"Small":{"Height":75,"URL":"https://m.media-amazon.com/images/I/51eARzEhOtL._SL75_.jpg","Width":75}}},"ItemInfo":{"ByLineInfo":{"Brand":{"DisplayValue":"COLOFALLA","Label":"Brand","Locale":"es_ES"}},"Title":{"DisplayValue":"4hojas Pegatinas Uñas Corazón San Valentín Rojo Negro Blanco Calcamonía Uñas Corazones Pegatinas Uñas Adhesivas Nail Art","Label":"Title","Locale":"es_ES"}},"Offers":{"Summaries":[{"Condition":{"Value":"New"},"LowestPrice":{"Amount":4.99,"Currency":"EUR","DisplayAmount":"4,99 € (1,25 € / unidad)","PricePerUnit":1.25}}]}},{"ASIN":"B0B2L82ZRT","DetailPageURL":"https://www.amazon.es/dp/B0B2L82ZRT?tag=topinalambricos-21&linkCode=osi&th=1&psc=1","Images":{"Primary":{"Small":{"Height":49,"URL":"https://m.media-amazon.com/images/I/51zW9Ryr6LL._SL75_.jpg","Width":75}}},"ItemInfo":{"ByLineInfo":{"Brand":{"DisplayValue":"Générique","Label":"Brand","Locale":"es_ES"},"Manufacturer":{"DisplayValue":"Generic","Label":"Manufacturer","Locale":"es_ES"}},"Title":{"DisplayValue":"Genérico 12 hojas de pegatinas de arte de uñas Palabra corazón letras calcomanías de transferencia de agua set deslizante F decoraciones de San Valentín","Label":"Title","Locale":"es_ES"}},"Offers":{"Summaries":[{"Condition":{"Value":"New"},"LowestPrice":{"Amount":1.97,"Currency":"EUR","DisplayAmount":"1,97 €"}}]}},{"ASIN":"B08QM78ZC9","DetailPageURL":"https://www.amazon.es/dp/B08QM78ZC9?tag=topinalambricos-21&linkCode=osi&th=1&psc=1","Images":{"Primary":{"Small":{"Height":75,"URL":"https://m.media-amazon.com/images/I/611Yq8DfaML._SL75_.jpg","Width":75}}},"ItemInfo":{"ByLineInfo":{"Brand":{"DisplayValue":"FLOFIA","Label":"Brand","Locale":"es_ES"},"Manufacturer":{"DisplayValue":"FLOFIA","Label":"Manufacturer","Locale":"es_ES"}},"Title":{"DisplayValue":"FLOFIA 12 Hojas Pegatinas Uñas Decorativas de Amor Nail Sticker Full Cover Etiqueta Adhesiva Uñas Cubierta Completa Corazón Heart Calcomanías Etiqueta Engomada Uñas Autoadhesivas para Arte de Uñas DIY","Label":"Title","Locale":"es_ES"}},"Offers":{"Summaries":[{"Condition":{"Value":"New"},"LowestPrice":{"Amount":7.49,"Currency":"EUR","DisplayAmount":"7,49 € (0,47 € / unidad)","PricePerUnit":0.47}}]}},{"ASIN":"B0B3DRNQBL","DetailPageURL":"https://www.amazon.es/dp/B0B3DRNQBL?tag=topinalambricos-21&linkCode=osi&th=1&psc=1","Images":{"Primary":{"Small":{"Height":75,"URL":"https://m.media-amazon.com/images/I/41TyYS+0MkL._SL75_.jpg","Width":75}}},"ItemInfo":{"ByLineInfo":{"Brand":{"DisplayValue":"OTKARXUS","Label":"Brand","Locale":"es_ES"},"Manufacturer":{"DisplayValue":"OTKARXUS","Label":"Manufacturer","Locale":"es_ES"}},"Title":{"DisplayValue":"200 dijes de corazón 3D para uñas, 200 dijes de uñas de corazón de acrílico transparente, diamantes de imitación de corazón con parte trasera plana, gemas de diamantes de imitación de resina de 5 mm y","Label":"Title","Locale":"es_ES"}},"Offers":{"Summaries":[{"Condition":{"Value":"New"},"LowestPrice":{"Amount":8.99,"Currency":"EUR","DisplayAmount":"8,99 €"}}]}},{"ASIN":"B09SZ2XHSP","DetailPageURL":"https://www.amazon.es/dp/B09SZ2XHSP?tag=topinalambricos-21&linkCode=osi&th=1&psc=1","Images":{"Primary":{"Small":{"Height":75,"URL":"https://m.media-amazon.com/images/I/31E9ZY2op7L._SL75_.jpg","Width":75}}},"ItemInfo":{"ByLineInfo":{"Brand":{"DisplayValue":"Susanny","Label":"Brand","Locale":"es_ES"},"Manufacturer":{"DisplayValue":"Sibba","Label":"Manufacturer","Locale":"es_ES"}},"Title":{"DisplayValue":"Sibba Paleta de uñas de corazón Paleta de mezcla de arte de uñas Paleta de mezcla de color polaco Placa de mezcla de resina de borde dorado Soporte uñas en forma corazón Herramientas mezcla cosmética","Label":"Title","Locale":"es_ES"}},"Offers":{"Summaries":[{"Condition":{"Value":"New"},"LowestPrice":{"Amount":3.93,"Currency":"EUR","DisplayAmount":"3,93 €"}}]}},{"ASIN":"B0BYDJHRJS","DetailPageURL":"https://www.amazon.es/dp/B0BYDJHRJS?tag=topinalambricos-21&linkCode=osi&th=1&psc=1","Images":{"Primary":{"Small":{"Height":75,"URL":"https://m.media-amazon.com/images/I/61LxVuMRCqL._SL75_.jpg","Width":75}}},"ItemInfo":{"ByLineInfo":{"Brand":{"DisplayValue":"DAWRIS","Label":"Brand","Locale":"es_ES"}},"Title":{"DisplayValue":"7 Hojas Pegatinas Uñas Semipermanente Pegatinas Para Uñas, Corazón Geométrico Floral Negro Decoracion Uñas Semipermanente, Pegatinas Uñas Adhesivas Nail Stickers para Mujer Niñas Manicura DIY","Label":"Title","Locale":"es_ES"}},"Offers":{"Summaries":[{"Condition":{"Value":"New"},"LowestPrice":{"Amount":9.99,"Currency":"EUR","DisplayAmount":"9,99 € (1,43 € / unidad)","PricePerUnit":1.43}}]}},{"ASIN":"B0BS6DNX6C","DetailPageURL":"https://www.amazon.es/dp/B0BS6DNX6C?tag=topinalambricos-21&linkCode=osi&th=1&psc=1","Images":{"Primary":{"Small":{"Height":75,"URL":"https://m.media-amazon.com/images/I/51lL8BhsB4L._SL75_.jpg","Width":75}}},"ItemInfo":{"ByLineInfo":{"Brand":{"DisplayValue":"LETAO","Label":"Brand","Locale":"es_ES"}},"Title":{"DisplayValue":"Pegatinas de uñas con forma de corazón, autoadhesivas, accesorios de diseño de uñas, adecuadas para citas (8 hojas)","Label":"Title","Locale":"es_ES"}},"Offers":{"Summaries":[{"Condition":{"Value":"New"},"LowestPrice":{"Amount":7.99,"Currency":"EUR","DisplayAmount":"7,99 €"}}]}},{"ASIN":"B09J4B85GB","DetailPageURL":"https://www.amazon.es/dp/B09J4B85GB?tag=topinalambricos-21&linkCode=osi&th=1&psc=1","Images":{"Primary":{"Small":{"Height":75,"URL":"https://m.media-amazon.com/images/I/61MSFOXtPmL._SL75_.jpg","Width":75}}},"ItemInfo":{"ByLineInfo":{"Brand":{"DisplayValue":"Kalolary","Label":"Brand","Locale":"es_ES"},"Manufacturer":{"DisplayValue":"Kalolary","Label":"Manufacturer","Locale":"es_ES"}},"Title":{"DisplayValue":"Kalolary 2 Cajas Forma de labios Lentejuelas Holográficas de Uñas, En forma de corazon Lentejuelas de Uñas, día de San Valentín flor Purpurinas Uñas Nail Art Glitter para Manicura y Diseños-E","Label":"Title","Locale":"es_ES"}},"Offers":{"Summaries":[{"Condition":{"Value":"New"},"LowestPrice":{"Amount":5.99,"Currency":"EUR","DisplayAmount":"5,99 €"}}]}},{"ASIN":"B0BVBGP42Q","DetailPageURL":"https://www.amazon.es/dp/B0BVBGP42Q?tag=topinalambricos-21&linkCode=osi&th=1&psc=1","Images":{"Primary":{"Small":{"Height":64,"URL":"https://m.media-amazon.com/images/I/51FENuezp8L._SL75_.jpg","Width":75}}},"ItemInfo":{"ByLineInfo":{"Brand":{"DisplayValue":"YiXuTag","Label":"Brand","Locale":"es_ES"},"Manufacturer":{"DisplayValue":"YiXuTag","Label":"Manufacturer","Locale":"es_ES"}},"Title":{"DisplayValue":"Lentejuelas de Uñas,Brillo del Clavo, En forma de corazon Lentejuelas de Uñas,Glitter Lentejuelas,Holográficas Brillantes Lentejuelas Nail Art Purpurina Manualidades Uñas Glitter Maquillaje Accesorios","Label":"Title","Locale":"es_ES"}},"Offers":{"Summaries":[{"Condition":{"Value":"New"},"LowestPrice":{"Amount":5.99,"Currency":"EUR","DisplayAmount":"5,99 €"}}]}},{"ASIN":"B0C3D358NY","DetailPageURL":"https://www.amazon.es/dp/B0C3D358NY?tag=topinalambricos-21&linkCode=osi&th=1&psc=1","Images":{"Primary":{"Small":{"Height":75,"URL":"https://m.media-amazon.com/images/I/4160phaU5HL._SL75_.jpg","Width":75}}},"ItemInfo":{"ByLineInfo":{"Brand":{"DisplayValue":"Yokawe","Label":"Brand","Locale":"es_ES"},"Manufacturer":{"DisplayValue":"Yokawe","Label":"Manufacturer","Locale":"es_ES"}},"Title":{"DisplayValue":"50 Uds. De decoración de corazón para uñas, abalorio de perla de imitación para uñas DIY, diseños para manicura, accesorios de joyería para manualidades DIY Blanco","Label":"Title","Locale":"es_ES"}},"Offers":{"Summaries":[{"Condition":{"Value":"New"},"LowestPrice":{"Amount":2.99,"Currency":"EUR","DisplayAmount":"2,99 €"}}]}}],"SearchURL":"https://www.amazon.es/s?k=corazon+u%C3%B1as&rh=n%3A6397882031%2Cp_n_availability%3A-1&tag=topinalambricos-21&linkCode=osi","TotalResultCount":1000}},"47":{"SearchResult":{"Items":[{"ASIN":"B0BQRDP1QZ","DetailPageURL":"https://www.amazon.es/dp/B0BQRDP1QZ?tag=topinalambricos-21&linkCode=osi&th=1&psc=1","Images":{"Primary":{"Small":{"Height":75,"URL":"https://m.media-amazon.com/images/I/41Gpfaksk0L._SL75_.jpg","Width":75}}},"ItemInfo":{"ByLineInfo":{"Brand":{"DisplayValue":"Vicloon","Label":"Brand","Locale":"es_ES"},"Manufacturer":{"DisplayValue":"Vicloon","Label":"Manufacturer","Locale":"es_ES"}},"Title":{"DisplayValue":"Vicloon Tarjeta de Felicitación de Madera, Tarjeta de Madera con Corazón, Tarjeta Felicitación Hecha a Mano, Tarjetas Regalo con Sobres, Tarjeta Felicitación para Cumpleaños, Bodas y San Valentín -B","Label":"Title","Locale":"es_ES"}},"Offers":{"Summaries":[{"Condition":{"Value":"New"},"LowestPrice":{"Amount":7.99,"Currency":"EUR","DisplayAmount":"7,99 €"}}]}},{"ASIN":"B0B6FPFRVM","DetailPageURL":"https://www.amazon.es/dp/B0B6FPFRVM?tag=topinalambricos-21&linkCode=osi&th=1&psc=1","Images":{"Primary":{"Small":{"Height":75,"URL":"https://m.media-amazon.com/images/I/41GaQNFRm4L._SL75_.jpg","Width":75}}},"ItemInfo":{"ByLineInfo":{"Brand":{"DisplayValue":"MOKIO","Label":"Brand","Locale":"es_ES"}},"Title":{"DisplayValue":"MOKIO® Tarjeta Pop-Up – Oso peluche con corazón – Tarjeta de regalo 3D para cumpleaños, Día de San Valentín o Aniversario de bodas, Teddy Bear Tarjeta de felicitación con sobre","Label":"Title","Locale":"es_ES"}},"Offers":{"Summaries":[{"Condition":{"Value":"New"},"LowestPrice":{"Amount":9.99,"Currency":"EUR","DisplayAmount":"9,99 €"}}]}},{"ASIN":"B0BNBKH6VW","DetailPageURL":"https://www.amazon.es/dp/B0BNBKH6VW?tag=topinalambricos-21&linkCode=osi&th=1&psc=1","Images":{"Primary":{"Small":{"Height":75,"URL":"https://m.media-amazon.com/images/I/41nYLMjWuSL._SL75_.jpg","Width":75}}},"ItemInfo":{"ByLineInfo":{"Brand":{"DisplayValue":"GEBETTER","Label":"Brand","Locale":"es_ES"},"Manufacturer":{"DisplayValue":"GEBETTER","Label":"Manufacturer","Locale":"es_ES"}},"Title":{"DisplayValue":"6*Tarjetas de Rascar + 6*Sobres Kraft + 6*Adhesivos Rasca Corazón Dorado, Tarjetas Felicitación Rasca de la Suerte, Regalo Personalizado Anuncio Embarazo Testigo Boda Mensaje Sorpresa (En Blanco)","Label":"Title","Locale":"es_ES"}},"Offers":{"Summaries":[{"Condition":{"Value":"New"},"LowestPrice":{"Amount":6.99,"Currency":"EUR","DisplayAmount":"6,99 €"}}]}},{"ASIN":"B0BH38QF56","DetailPageURL":"https://www.amazon.es/dp/B0BH38QF56?tag=topinalambricos-21&linkCode=osi&th=1&psc=1","Images":{"Primary":{"Small":{"Height":56,"URL":"https://m.media-amazon.com/images/I/41cbfbs6UKL._SL75_.jpg","Width":75}}},"ItemInfo":{"ByLineInfo":{"Brand":{"DisplayValue":"CONTRAXT","Label":"Brand","Locale":"es_ES"},"Manufacturer":{"DisplayValue":"CONTRAXT","Label":"Manufacturer","Locale":"es_ES"}},"Title":{"DisplayValue":"CONTRAXT Tarjeta regalo Dia de la Madre madera. Regalo original Postal cumpleaños, Que regalar a una madre Felicitacion feliz día de la madre.","Label":"Title","Locale":"es_ES"}},"Offers":{"Summaries":[{"Condition":{"Value":"New"},"LowestPrice":{"Amount":5.99,"Currency":"EUR","DisplayAmount":"5,99 €"}}]}},{"ASIN":"B095SZQZJG","DetailPageURL":"https://www.amazon.es/dp/B095SZQZJG?tag=topinalambricos-21&linkCode=osi&th=1&psc=1","Images":{"Primary":{"Small":{"Height":75,"URL":"https://m.media-amazon.com/images/I/413xMhOfGDS._SL75_.jpg","Width":75}}},"ItemInfo":{"ByLineInfo":{"Brand":{"DisplayValue":"KUNSTIFY","Label":"Brand","Locale":"es_ES"}},"Title":{"DisplayValue":"KUNSTIFY Tarjeta de felicitación 3D desplegable, regalo para novia, aniversario, hombre, mujer, padre, madre, pareja, boda, regalo de amor, declaración de amor, corazón, beso (corazón blanco)","Label":"Title","Locale":"es_ES"}},"Offers":{"Summaries":[{"Condition":{"Value":"New"},"LowestPrice":{"Amount":5.49,"Currency":"EUR","DisplayAmount":"5,49 €"}}]}},{"ASIN":"B0C8J9SHM2","DetailPageURL":"https://www.amazon.es/dp/B0C8J9SHM2?tag=topinalambricos-21&linkCode=osi&th=1&psc=1","Images":{"Primary":{"Small":{"Height":75,"URL":"https://m.media-amazon.com/images/I/51CRlryRSUL._SL75_.jpg","Width":75}}},"ItemInfo":{"ByLineInfo":{"Brand":{"DisplayValue":"Warehouse","Label":"Brand","Locale":"es_ES"}},"Title":{"DisplayValue":"Warehouse Tarjeta de agradecimiento de amor de madera Esposo Esposa，Regalos aniversario pareja cartas amor para mi novio novia originales Cumpleaños (Gracias) (C-13)","Label":"Title","Locale":"es_ES"}},"Offers":{"Summaries":[{"Condition":{"Value":"New"},"LowestPrice":{"Amount":5.99,"Currency":"EUR","DisplayAmount":"5,99 €"}}]}},{"ASIN":"B0CBHB7VX1","DetailPageURL":"https://www.amazon.es/dp/B0CBHB7VX1?tag=topinalambricos-21&linkCode=osi&th=1&psc=1","Images":{"Primary":{"Small":{"Height":56,"URL":"https://m.media-amazon.com/images/I/41DQa4PaB7L._SL75_.jpg","Width":75}}},"ItemInfo":{"ByLineInfo":{"Brand":{"DisplayValue":"CONTRAXT","Label":"Brand","Locale":"es_ES"},"Manufacturer":{"DisplayValue":"CONTRAXT","Label":"Manufacturer","Locale":"es_ES"}},"Title":{"DisplayValue":"CONTRAXT Ideas regalos originales para bodas de oro 50 años casados. Tarjeta de felicitacion para novios para madre o padre","Label":"Title","Locale":"es_ES"}},"Offers":{"Summaries":[{"Condition":{"Value":"New"},"LowestPrice":{"Amount":7.97,"Currency":"EUR","DisplayAmount":"7,97 €"}}]}},{"ASIN":"B09B29PG6R","DetailPageURL":"https://www.amazon.es/dp/B09B29PG6R?tag=topinalambricos-21&linkCode=osi&th=1&psc=1","Images":{"Primary":{"Small":{"Height":75,"URL":"https://m.media-amazon.com/images/I/41fApYGJgVL._SL75_.jpg","Width":75}}},"ItemInfo":{"ByLineInfo":{"Brand":{"DisplayValue":"Diese-Klappkarten","Label":"Brand","Locale":"es_ES"},"Manufacturer":{"DisplayValue":"Diese-Klappkarten","Label":"Manufacturer","Locale":"es_ES"}},"Title":{"DisplayValue":"Diese-Klappkarten Tarjeta de felicitación de amor, tarjeta para el día de San Valentín, tarjeta de cumpleaños con corazón desplegable, globo y conejo, regalo de de boda, L22","Label":"Title","Locale":"es_ES"}},"Offers":{"Summaries":[{"Condition":{"Value":"New"},"LowestPrice":{"Amount":8.49,"Currency":"EUR","DisplayAmount":"8,49 €"}}]}},{"ASIN":"B09SLSMQ3L","DetailPageURL":"https://www.amazon.es/dp/B09SLSMQ3L?tag=topinalambricos-21&linkCode=osi&th=1&psc=1","Images":{"Primary":{"Small":{"Height":75,"URL":"https://m.media-amazon.com/images/I/418zWjrf7gL._SL75_.jpg","Width":75}}},"ItemInfo":{"ByLineInfo":{"Brand":{"DisplayValue":"MOKIO","Label":"Brand","Locale":"es_ES"},"Manufacturer":{"DisplayValue":"MOKIO","Label":"Manufacturer","Locale":"es_ES"}},"Title":{"DisplayValue":"MOKIO® Tarjeta Pop-Up – Ángel con Corazón – Tarjeta de regalo 3D para cumpleaños, nacimientos o bautizos, Tarjeta de ángel guardián emergente con sobre","Label":"Title","Locale":"es_ES"}},"Offers":{"Summaries":[{"Condition":{"Value":"New"},"LowestPrice":{"Amount":9.99,"Currency":"EUR","DisplayAmount":"9,99 €"}}]}},{"ASIN":"B075FXZF57","DetailPageURL":"https://www.amazon.es/dp/B075FXZF57?tag=topinalambricos-21&linkCode=osi&th=1&psc=1","Images":{"Primary":{"Small":{"Height":75,"URL":"https://m.media-amazon.com/images/I/51AO+UL2CKL._SL75_.jpg","Width":69}}},"ItemInfo":{"ByLineInfo":{"Brand":{"DisplayValue":"Tache","Label":"Brand","Locale":"es_ES"},"Manufacturer":{"DisplayValue":"Tache","Label":"Manufacturer","Locale":"es_ES"}},"Title":{"DisplayValue":"Tache Tarjeta de felicitación con diseño de perro salchicha, hecha a mano, con sobre, certificado FSC®, tarjetas en blanco para decir felicidades, feliz aniversario y tarjeta de amor para hombres y","Label":"Title","Locale":"es_ES"}},"Offers":{"Summaries":[{"Condition":{"Value":"New"},"LowestPrice":{"Amount":8.3,"Currency":"EUR","DisplayAmount":"8,30 €"}}]}}],"SearchURL":"https://www.amazon.es/s?k=corazon+tarjeta&rh=n%3A4353100031%2Cp_n_availability%3A-1&tag=topinalambricos-21&linkCode=osi","TotalResultCount":1000}},"48":{"SearchResult":{"Items":[{"ASIN":"B0BQRDP1QZ","DetailPageURL":"https://www.amazon.es/dp/B0BQRDP1QZ?tag=topinalambricos-21&linkCode=osi&th=1&psc=1","Images":{"Primary":{"Small":{"Height":75,"URL":"https://m.media-amazon.com/images/I/41Gpfaksk0L._SL75_.jpg","Width":75}}},"ItemInfo":{"ByLineInfo":{"Brand":{"DisplayValue":"Vicloon","Label":"Brand","Locale":"es_ES"},"Manufacturer":{"DisplayValue":"Vicloon","Label":"Manufacturer","Locale":"es_ES"}},"Title":{"DisplayValue":"Vicloon Tarjeta de Felicitación de Madera, Tarjeta de Madera con Corazón, Tarjeta Felicitación Hecha a Mano, Tarjetas Regalo con Sobres, Tarjeta Felicitación para Cumpleaños, Bodas y San Valentín -B","Label":"Title","Locale":"es_ES"}},"Offers":{"Summaries":[{"Condition":{"Value":"New"},"LowestPrice":{"Amount":7.99,"Currency":"EUR","DisplayAmount":"7,99 €"}}]}},{"ASIN":"B0B6FPFRVM","DetailPageURL":"https://www.amazon.es/dp/B0B6FPFRVM?tag=topinalambricos-21&linkCode=osi&th=1&psc=1","Images":{"Primary":{"Small":{"Height":75,"URL":"https://m.media-amazon.com/images/I/41GaQNFRm4L._SL75_.jpg","Width":75}}},"ItemInfo":{"ByLineInfo":{"Brand":{"DisplayValue":"MOKIO","Label":"Brand","Locale":"es_ES"}},"Title":{"DisplayValue":"MOKIO® Tarjeta Pop-Up – Oso peluche con corazón – Tarjeta de regalo 3D para cumpleaños, Día de San Valentín o Aniversario de bodas, Teddy Bear Tarjeta de felicitación con sobre","Label":"Title","Locale":"es_ES"}},"Offers":{"Summaries":[{"Condition":{"Value":"New"},"LowestPrice":{"Amount":9.99,"Currency":"EUR","DisplayAmount":"9,99 €"}}]}},{"ASIN":"B0BNBKH6VW","DetailPageURL":"https://www.amazon.es/dp/B0BNBKH6VW?tag=topinalambricos-21&linkCode=osi&th=1&psc=1","Images":{"Primary":{"Small":{"Height":75,"URL":"https://m.media-amazon.com/images/I/41nYLMjWuSL._SL75_.jpg","Width":75}}},"ItemInfo":{"ByLineInfo":{"Brand":{"DisplayValue":"GEBETTER","Label":"Brand","Locale":"es_ES"},"Manufacturer":{"DisplayValue":"GEBETTER","Label":"Manufacturer","Locale":"es_ES"}},"Title":{"DisplayValue":"6*Tarjetas de Rascar + 6*Sobres Kraft + 6*Adhesivos Rasca Corazón Dorado, Tarjetas Felicitación Rasca de la Suerte, Regalo Personalizado Anuncio Embarazo Testigo Boda Mensaje Sorpresa (En Blanco)","Label":"Title","Locale":"es_ES"}},"Offers":{"Summaries":[{"Condition":{"Value":"New"},"LowestPrice":{"Amount":6.99,"Currency":"EUR","DisplayAmount":"6,99 €"}}]}},{"ASIN":"B0BH38QF56","DetailPageURL":"https://www.amazon.es/dp/B0BH38QF56?tag=topinalambricos-21&linkCode=osi&th=1&psc=1","Images":{"Primary":{"Small":{"Height":56,"URL":"https://m.media-amazon.com/images/I/41cbfbs6UKL._SL75_.jpg","Width":75}}},"ItemInfo":{"ByLineInfo":{"Brand":{"DisplayValue":"CONTRAXT","Label":"Brand","Locale":"es_ES"},"Manufacturer":{"DisplayValue":"CONTRAXT","Label":"Manufacturer","Locale":"es_ES"}},"Title":{"DisplayValue":"CONTRAXT Tarjeta regalo Dia de la Madre madera. Regalo original Postal cumpleaños, Que regalar a una madre Felicitacion feliz día de la madre.","Label":"Title","Locale":"es_ES"}},"Offers":{"Summaries":[{"Condition":{"Value":"New"},"LowestPrice":{"Amount":5.99,"Currency":"EUR","DisplayAmount":"5,99 €"}}]}},{"ASIN":"B095SZQZJG","DetailPageURL":"https://www.amazon.es/dp/B095SZQZJG?tag=topinalambricos-21&linkCode=osi&th=1&psc=1","Images":{"Primary":{"Small":{"Height":75,"URL":"https://m.media-amazon.com/images/I/413xMhOfGDS._SL75_.jpg","Width":75}}},"ItemInfo":{"ByLineInfo":{"Brand":{"DisplayValue":"KUNSTIFY","Label":"Brand","Locale":"es_ES"}},"Title":{"DisplayValue":"KUNSTIFY Tarjeta de felicitación 3D desplegable, regalo para novia, aniversario, hombre, mujer, padre, madre, pareja, boda, regalo de amor, declaración de amor, corazón, beso (corazón blanco)","Label":"Title","Locale":"es_ES"}},"Offers":{"Summaries":[{"Condition":{"Value":"New"},"LowestPrice":{"Amount":5.49,"Currency":"EUR","DisplayAmount":"5,49 €"}}]}},{"ASIN":"B0C8J9SHM2","DetailPageURL":"https://www.amazon.es/dp/B0C8J9SHM2?tag=topinalambricos-21&linkCode=osi&th=1&psc=1","Images":{"Primary":{"Small":{"Height":75,"URL":"https://m.media-amazon.com/images/I/51CRlryRSUL._SL75_.jpg","Width":75}}},"ItemInfo":{"ByLineInfo":{"Brand":{"DisplayValue":"Warehouse","Label":"Brand","Locale":"es_ES"}},"Title":{"DisplayValue":"Warehouse Tarjeta de agradecimiento de amor de madera Esposo Esposa，Regalos aniversario pareja cartas amor para mi novio novia originales Cumpleaños (Gracias) (C-13)","Label":"Title","Locale":"es_ES"}},"Offers":{"Summaries":[{"Condition":{"Value":"New"},"LowestPrice":{"Amount":5.99,"Currency":"EUR","DisplayAmount":"5,99 €"}}]}},{"ASIN":"B0CBHB7VX1","DetailPageURL":"https://www.amazon.es/dp/B0CBHB7VX1?tag=topinalambricos-21&linkCode=osi&th=1&psc=1","Images":{"Primary":{"Small":{"Height":56,"URL":"https://m.media-amazon.com/images/I/41DQa4PaB7L._SL75_.jpg","Width":75}}},"ItemInfo":{"ByLineInfo":{"Brand":{"DisplayValue":"CONTRAXT","Label":"Brand","Locale":"es_ES"},"Manufacturer":{"DisplayValue":"CONTRAXT","Label":"Manufacturer","Locale":"es_ES"}},"Title":{"DisplayValue":"CONTRAXT Ideas regalos originales para bodas de oro 50 años casados. Tarjeta de felicitacion para novios para madre o padre","Label":"Title","Locale":"es_ES"}},"Offers":{"Summaries":[{"Condition":{"Value":"New"},"LowestPrice":{"Amount":7.97,"Currency":"EUR","DisplayAmount":"7,97 €"}}]}},{"ASIN":"B09B29PG6R","DetailPageURL":"https://www.amazon.es/dp/B09B29PG6R?tag=topinalambricos-21&linkCode=osi&th=1&psc=1","Images":{"Primary":{"Small":{"Height":75,"URL":"https://m.media-amazon.com/images/I/41fApYGJgVL._SL75_.jpg","Width":75}}},"ItemInfo":{"ByLineInfo":{"Brand":{"DisplayValue":"Diese-Klappkarten","Label":"Brand","Locale":"es_ES"},"Manufacturer":{"DisplayValue":"Diese-Klappkarten","Label":"Manufacturer","Locale":"es_ES"}},"Title":{"DisplayValue":"Diese-Klappkarten Tarjeta de felicitación de amor, tarjeta para el día de San Valentín, tarjeta de cumpleaños con corazón desplegable, globo y conejo, regalo de de boda, L22","Label":"Title","Locale":"es_ES"}},"Offers":{"Summaries":[{"Condition":{"Value":"New"},"LowestPrice":{"Amount":8.49,"Currency":"EUR","DisplayAmount":"8,49 €"}}]}},{"ASIN":"B09SLSMQ3L","DetailPageURL":"https://www.amazon.es/dp/B09SLSMQ3L?tag=topinalambricos-21&linkCode=osi&th=1&psc=1","Images":{"Primary":{"Small":{"Height":75,"URL":"https://m.media-amazon.com/images/I/418zWjrf7gL._SL75_.jpg","Width":75}}},"ItemInfo":{"ByLineInfo":{"Brand":{"DisplayValue":"MOKIO","Label":"Brand","Locale":"es_ES"},"Manufacturer":{"DisplayValue":"MOKIO","Label":"Manufacturer","Locale":"es_ES"}},"Title":{"DisplayValue":"MOKIO® Tarjeta Pop-Up – Ángel con Corazón – Tarjeta de regalo 3D para cumpleaños, nacimientos o bautizos, Tarjeta de ángel guardián emergente con sobre","Label":"Title","Locale":"es_ES"}},"Offers":{"Summaries":[{"Condition":{"Value":"New"},"LowestPrice":{"Amount":9.99,"Currency":"EUR","DisplayAmount":"9,99 €"}}]}},{"ASIN":"B075FXZF57","DetailPageURL":"https://www.amazon.es/dp/B075FXZF57?tag=topinalambricos-21&linkCode=osi&th=1&psc=1","Images":{"Primary":{"Small":{"Height":75,"URL":"https://m.media-amazon.com/images/I/51AO+UL2CKL._SL75_.jpg","Width":69}}},"ItemInfo":{"ByLineInfo":{"Brand":{"DisplayValue":"Tache","Label":"Brand","Locale":"es_ES"},"Manufacturer":{"DisplayValue":"Tache","Label":"Manufacturer","Locale":"es_ES"}},"Title":{"DisplayValue":"Tache Tarjeta de felicitación con diseño de perro salchicha, hecha a mano, con sobre, certificado FSC®, tarjetas en blanco para decir felicidades, feliz aniversario y tarjeta de amor para hombres y","Label":"Title","Locale":"es_ES"}},"Offers":{"Summaries":[{"Condition":{"Value":"New"},"LowestPrice":{"Amount":8.3,"Currency":"EUR","DisplayAmount":"8,30 €"}}]}}],"SearchURL":"https://www.amazon.es/s?k=corazon+tarjeta&rh=n%3A4353100031%2Cp_n_availability%3A-1&tag=topinalambricos-21&linkCode=osi","TotalResultCount":1000}},"49":{"SearchResult":{"Items":[{"ASIN":"B0BQRDP1QZ","DetailPageURL":"https://www.amazon.es/dp/B0BQRDP1QZ?tag=topinalambricos-21&linkCode=osi&th=1&psc=1","Images":{"Primary":{"Small":{"Height":75,"URL":"https://m.media-amazon.com/images/I/41Gpfaksk0L._SL75_.jpg","Width":75}}},"ItemInfo":{"ByLineInfo":{"Brand":{"DisplayValue":"Vicloon","Label":"Brand","Locale":"es_ES"},"Manufacturer":{"DisplayValue":"Vicloon","Label":"Manufacturer","Locale":"es_ES"}},"Title":{"DisplayValue":"Vicloon Tarjeta de Felicitación de Madera, Tarjeta de Madera con Corazón, Tarjeta Felicitación Hecha a Mano, Tarjetas Regalo con Sobres, Tarjeta Felicitación para Cumpleaños, Bodas y San Valentín -B","Label":"Title","Locale":"es_ES"}},"Offers":{"Summaries":[{"Condition":{"Value":"New"},"LowestPrice":{"Amount":7.99,"Currency":"EUR","DisplayAmount":"7,99 €"}}]}},{"ASIN":"B0B6FPFRVM","DetailPageURL":"https://www.amazon.es/dp/B0B6FPFRVM?tag=topinalambricos-21&linkCode=osi&th=1&psc=1","Images":{"Primary":{"Small":{"Height":75,"URL":"https://m.media-amazon.com/images/I/41GaQNFRm4L._SL75_.jpg","Width":75}}},"ItemInfo":{"ByLineInfo":{"Brand":{"DisplayValue":"MOKIO","Label":"Brand","Locale":"es_ES"}},"Title":{"DisplayValue":"MOKIO® Tarjeta Pop-Up – Oso peluche con corazón – Tarjeta de regalo 3D para cumpleaños, Día de San Valentín o Aniversario de bodas, Teddy Bear Tarjeta de felicitación con sobre","Label":"Title","Locale":"es_ES"}},"Offers":{"Summaries":[{"Condition":{"Value":"New"},"LowestPrice":{"Amount":9.99,"Currency":"EUR","DisplayAmount":"9,99 €"}}]}},{"ASIN":"B0BNBKH6VW","DetailPageURL":"https://www.amazon.es/dp/B0BNBKH6VW?tag=topinalambricos-21&linkCode=osi&th=1&psc=1","Images":{"Primary":{"Small":{"Height":75,"URL":"https://m.media-amazon.com/images/I/41nYLMjWuSL._SL75_.jpg","Width":75}}},"ItemInfo":{"ByLineInfo":{"Brand":{"DisplayValue":"GEBETTER","Label":"Brand","Locale":"es_ES"},"Manufacturer":{"DisplayValue":"GEBETTER","Label":"Manufacturer","Locale":"es_ES"}},"Title":{"DisplayValue":"6*Tarjetas de Rascar + 6*Sobres Kraft + 6*Adhesivos Rasca Corazón Dorado, Tarjetas Felicitación Rasca de la Suerte, Regalo Personalizado Anuncio Embarazo Testigo Boda Mensaje Sorpresa (En Blanco)","Label":"Title","Locale":"es_ES"}},"Offers":{"Summaries":[{"Condition":{"Value":"New"},"LowestPrice":{"Amount":6.99,"Currency":"EUR","DisplayAmount":"6,99 €"}}]}},{"ASIN":"B0BH38QF56","DetailPageURL":"https://www.amazon.es/dp/B0BH38QF56?tag=topinalambricos-21&linkCode=osi&th=1&psc=1","Images":{"Primary":{"Small":{"Height":56,"URL":"https://m.media-amazon.com/images/I/41cbfbs6UKL._SL75_.jpg","Width":75}}},"ItemInfo":{"ByLineInfo":{"Brand":{"DisplayValue":"CONTRAXT","Label":"Brand","Locale":"es_ES"},"Manufacturer":{"DisplayValue":"CONTRAXT","Label":"Manufacturer","Locale":"es_ES"}},"Title":{"DisplayValue":"CONTRAXT Tarjeta regalo Dia de la Madre madera. Regalo original Postal cumpleaños, Que regalar a una madre Felicitacion feliz día de la madre.","Label":"Title","Locale":"es_ES"}},"Offers":{"Summaries":[{"Condition":{"Value":"New"},"LowestPrice":{"Amount":5.99,"Currency":"EUR","DisplayAmount":"5,99 €"}}]}},{"ASIN":"B095SZQZJG","DetailPageURL":"https://www.amazon.es/dp/B095SZQZJG?tag=topinalambricos-21&linkCode=osi&th=1&psc=1","Images":{"Primary":{"Small":{"Height":75,"URL":"https://m.media-amazon.com/images/I/413xMhOfGDS._SL75_.jpg","Width":75}}},"ItemInfo":{"ByLineInfo":{"Brand":{"DisplayValue":"KUNSTIFY","Label":"Brand","Locale":"es_ES"}},"Title":{"DisplayValue":"KUNSTIFY Tarjeta de felicitación 3D desplegable, regalo para novia, aniversario, hombre, mujer, padre, madre, pareja, boda, regalo de amor, declaración de amor, corazón, beso (corazón blanco)","Label":"Title","Locale":"es_ES"}},"Offers":{"Summaries":[{"Condition":{"Value":"New"},"LowestPrice":{"Amount":5.49,"Currency":"EUR","DisplayAmount":"5,49 €"}}]}},{"ASIN":"B0C8J9SHM2","DetailPageURL":"https://www.amazon.es/dp/B0C8J9SHM2?tag=topinalambricos-21&linkCode=osi&th=1&psc=1","Images":{"Primary":{"Small":{"Height":75,"URL":"https://m.media-amazon.com/images/I/51CRlryRSUL._SL75_.jpg","Width":75}}},"ItemInfo":{"ByLineInfo":{"Brand":{"DisplayValue":"Warehouse","Label":"Brand","Locale":"es_ES"}},"Title":{"DisplayValue":"Warehouse Tarjeta de agradecimiento de amor de madera Esposo Esposa，Regalos aniversario pareja cartas amor para mi novio novia originales Cumpleaños (Gracias) (C-13)","Label":"Title","Locale":"es_ES"}},"Offers":{"Summaries":[{"Condition":{"Value":"New"},"LowestPrice":{"Amount":5.99,"Currency":"EUR","DisplayAmount":"5,99 €"}}]}},{"ASIN":"B0CBHB7VX1","DetailPageURL":"https://www.amazon.es/dp/B0CBHB7VX1?tag=topinalambricos-21&linkCode=osi&th=1&psc=1","Images":{"Primary":{"Small":{"Height":56,"URL":"https://m.media-amazon.com/images/I/41DQa4PaB7L._SL75_.jpg","Width":75}}},"ItemInfo":{"ByLineInfo":{"Brand":{"DisplayValue":"CONTRAXT","Label":"Brand","Locale":"es_ES"},"Manufacturer":{"DisplayValue":"CONTRAXT","Label":"Manufacturer","Locale":"es_ES"}},"Title":{"DisplayValue":"CONTRAXT Ideas regalos originales para bodas de oro 50 años casados. Tarjeta de felicitacion para novios para madre o padre","Label":"Title","Locale":"es_ES"}},"Offers":{"Summaries":[{"Condition":{"Value":"New"},"LowestPrice":{"Amount":7.97,"Currency":"EUR","DisplayAmount":"7,97 €"}}]}},{"ASIN":"B09B29PG6R","DetailPageURL":"https://www.amazon.es/dp/B09B29PG6R?tag=topinalambricos-21&linkCode=osi&th=1&psc=1","Images":{"Primary":{"Small":{"Height":75,"URL":"https://m.media-amazon.com/images/I/41fApYGJgVL._SL75_.jpg","Width":75}}},"ItemInfo":{"ByLineInfo":{"Brand":{"DisplayValue":"Diese-Klappkarten","Label":"Brand","Locale":"es_ES"},"Manufacturer":{"DisplayValue":"Diese-Klappkarten","Label":"Manufacturer","Locale":"es_ES"}},"Title":{"DisplayValue":"Diese-Klappkarten Tarjeta de felicitación de amor, tarjeta para el día de San Valentín, tarjeta de cumpleaños con corazón desplegable, globo y conejo, regalo de de boda, L22","Label":"Title","Locale":"es_ES"}},"Offers":{"Summaries":[{"Condition":{"Value":"New"},"LowestPrice":{"Amount":8.49,"Currency":"EUR","DisplayAmount":"8,49 €"}}]}},{"ASIN":"B09SLSMQ3L","DetailPageURL":"https://www.amazon.es/dp/B09SLSMQ3L?tag=topinalambricos-21&linkCode=osi&th=1&psc=1","Images":{"Primary":{"Small":{"Height":75,"URL":"https://m.media-amazon.com/images/I/418zWjrf7gL._SL75_.jpg","Width":75}}},"ItemInfo":{"ByLineInfo":{"Brand":{"DisplayValue":"MOKIO","Label":"Brand","Locale":"es_ES"},"Manufacturer":{"DisplayValue":"MOKIO","Label":"Manufacturer","Locale":"es_ES"}},"Title":{"DisplayValue":"MOKIO® Tarjeta Pop-Up – Ángel con Corazón – Tarjeta de regalo 3D para cumpleaños, nacimientos o bautizos, Tarjeta de ángel guardián emergente con sobre","Label":"Title","Locale":"es_ES"}},"Offers":{"Summaries":[{"Condition":{"Value":"New"},"LowestPrice":{"Amount":9.99,"Currency":"EUR","DisplayAmount":"9,99 €"}}]}},{"ASIN":"B075FXZF57","DetailPageURL":"https://www.amazon.es/dp/B075FXZF57?tag=topinalambricos-21&linkCode=osi&th=1&psc=1","Images":{"Primary":{"Small":{"Height":75,"URL":"https://m.media-amazon.com/images/I/51AO+UL2CKL._SL75_.jpg","Width":69}}},"ItemInfo":{"ByLineInfo":{"Brand":{"DisplayValue":"Tache","Label":"Brand","Locale":"es_ES"},"Manufacturer":{"DisplayValue":"Tache","Label":"Manufacturer","Locale":"es_ES"}},"Title":{"DisplayValue":"Tache Tarjeta de felicitación con diseño de perro salchicha, hecha a mano, con sobre, certificado FSC®, tarjetas en blanco para decir felicidades, feliz aniversario y tarjeta de amor para hombres y","Label":"Title","Locale":"es_ES"}},"Offers":{"Summaries":[{"Condition":{"Value":"New"},"LowestPrice":{"Amount":8.3,"Currency":"EUR","DisplayAmount":"8,30 €"}}]}}],"SearchURL":"https://www.amazon.es/s?k=corazon+tarjeta&rh=n%3A4353100031%2Cp_n_availability%3A-1&tag=topinalambricos-21&linkCode=osi","TotalResultCount":1000}},"50":{"SearchResult":{"Items":[{"ASIN":"B0BQRDP1QZ","DetailPageURL":"https://www.amazon.es/dp/B0BQRDP1QZ?tag=topinalambricos-21&linkCode=osi&th=1&psc=1","Images":{"Primary":{"Small":{"Height":75,"URL":"https://m.media-amazon.com/images/I/41Gpfaksk0L._SL75_.jpg","Width":75}}},"ItemInfo":{"ByLineInfo":{"Brand":{"DisplayValue":"Vicloon","Label":"Brand","Locale":"es_ES"},"Manufacturer":{"DisplayValue":"Vicloon","Label":"Manufacturer","Locale":"es_ES"}},"Title":{"DisplayValue":"Vicloon Tarjeta de Felicitación de Madera, Tarjeta de Madera con Corazón, Tarjeta Felicitación Hecha a Mano, Tarjetas Regalo con Sobres, Tarjeta Felicitación para Cumpleaños, Bodas y San Valentín -B","Label":"Title","Locale":"es_ES"}},"Offers":{"Summaries":[{"Condition":{"Value":"New"},"LowestPrice":{"Amount":7.99,"Currency":"EUR","DisplayAmount":"7,99 €"}}]}},{"ASIN":"B0B6FPFRVM","DetailPageURL":"https://www.amazon.es/dp/B0B6FPFRVM?tag=topinalambricos-21&linkCode=osi&th=1&psc=1","Images":{"Primary":{"Small":{"Height":75,"URL":"https://m.media-amazon.com/images/I/41GaQNFRm4L._SL75_.jpg","Width":75}}},"ItemInfo":{"ByLineInfo":{"Brand":{"DisplayValue":"MOKIO","Label":"Brand","Locale":"es_ES"}},"Title":{"DisplayValue":"MOKIO® Tarjeta Pop-Up – Oso peluche con corazón – Tarjeta de regalo 3D para cumpleaños, Día de San Valentín o Aniversario de bodas, Teddy Bear Tarjeta de felicitación con sobre","Label":"Title","Locale":"es_ES"}},"Offers":{"Summaries":[{"Condition":{"Value":"New"},"LowestPrice":{"Amount":9.99,"Currency":"EUR","DisplayAmount":"9,99 €"}}]}},{"ASIN":"B0BNBKH6VW","DetailPageURL":"https://www.amazon.es/dp/B0BNBKH6VW?tag=topinalambricos-21&linkCode=osi&th=1&psc=1","Images":{"Primary":{"Small":{"Height":75,"URL":"https://m.media-amazon.com/images/I/41nYLMjWuSL._SL75_.jpg","Width":75}}},"ItemInfo":{"ByLineInfo":{"Brand":{"DisplayValue":"GEBETTER","Label":"Brand","Locale":"es_ES"},"Manufacturer":{"DisplayValue":"GEBETTER","Label":"Manufacturer","Locale":"es_ES"}},"Title":{"DisplayValue":"6*Tarjetas de Rascar + 6*Sobres Kraft + 6*Adhesivos Rasca Corazón Dorado, Tarjetas Felicitación Rasca de la Suerte, Regalo Personalizado Anuncio Embarazo Testigo Boda Mensaje Sorpresa (En Blanco)","Label":"Title","Locale":"es_ES"}},"Offers":{"Summaries":[{"Condition":{"Value":"New"},"LowestPrice":{"Amount":6.99,"Currency":"EUR","DisplayAmount":"6,99 €"}}]}},{"ASIN":"B0BH38QF56","DetailPageURL":"https://www.amazon.es/dp/B0BH38QF56?tag=topinalambricos-21&linkCode=osi&th=1&psc=1","Images":{"Primary":{"Small":{"Height":56,"URL":"https://m.media-amazon.com/images/I/41cbfbs6UKL._SL75_.jpg","Width":75}}},"ItemInfo":{"ByLineInfo":{"Brand":{"DisplayValue":"CONTRAXT","Label":"Brand","Locale":"es_ES"},"Manufacturer":{"DisplayValue":"CONTRAXT","Label":"Manufacturer","Locale":"es_ES"}},"Title":{"DisplayValue":"CONTRAXT Tarjeta regalo Dia de la Madre madera. Regalo original Postal cumpleaños, Que regalar a una madre Felicitacion feliz día de la madre.","Label":"Title","Locale":"es_ES"}},"Offers":{"Summaries":[{"Condition":{"Value":"New"},"LowestPrice":{"Amount":5.99,"Currency":"EUR","DisplayAmount":"5,99 €"}}]}},{"ASIN":"B095SZQZJG","DetailPageURL":"https://www.amazon.es/dp/B095SZQZJG?tag=topinalambricos-21&linkCode=osi&th=1&psc=1","Images":{"Primary":{"Small":{"Height":75,"URL":"https://m.media-amazon.com/images/I/413xMhOfGDS._SL75_.jpg","Width":75}}},"ItemInfo":{"ByLineInfo":{"Brand":{"DisplayValue":"KUNSTIFY","Label":"Brand","Locale":"es_ES"}},"Title":{"DisplayValue":"KUNSTIFY Tarjeta de felicitación 3D desplegable, regalo para novia, aniversario, hombre, mujer, padre, madre, pareja, boda, regalo de amor, declaración de amor, corazón, beso (corazón blanco)","Label":"Title","Locale":"es_ES"}},"Offers":{"Summaries":[{"Condition":{"Value":"New"},"LowestPrice":{"Amount":5.49,"Currency":"EUR","DisplayAmount":"5,49 €"}}]}},{"ASIN":"B0C8J9SHM2","DetailPageURL":"https://www.amazon.es/dp/B0C8J9SHM2?tag=topinalambricos-21&linkCode=osi&th=1&psc=1","Images":{"Primary":{"Small":{"Height":75,"URL":"https://m.media-amazon.com/images/I/51CRlryRSUL._SL75_.jpg","Width":75}}},"ItemInfo":{"ByLineInfo":{"Brand":{"DisplayValue":"Warehouse","Label":"Brand","Locale":"es_ES"}},"Title":{"DisplayValue":"Warehouse Tarjeta de agradecimiento de amor de madera Esposo Esposa，Regalos aniversario pareja cartas amor para mi novio novia originales Cumpleaños (Gracias) (C-13)","Label":"Title","Locale":"es_ES"}},"Offers":{"Summaries":[{"Condition":{"Value":"New"},"LowestPrice":{"Amount":5.99,"Currency":"EUR","DisplayAmount":"5,99 €"}}]}},{"ASIN":"B0CBHB7VX1","DetailPageURL":"https://www.amazon.es/dp/B0CBHB7VX1?tag=topinalambricos-21&linkCode=osi&th=1&psc=1","Images":{"Primary":{"Small":{"Height":56,"URL":"https://m.media-amazon.com/images/I/41DQa4PaB7L._SL75_.jpg","Width":75}}},"ItemInfo":{"ByLineInfo":{"Brand":{"DisplayValue":"CONTRAXT","Label":"Brand","Locale":"es_ES"},"Manufacturer":{"DisplayValue":"CONTRAXT","Label":"Manufacturer","Locale":"es_ES"}},"Title":{"DisplayValue":"CONTRAXT Ideas regalos originales para bodas de oro 50 años casados. Tarjeta de felicitacion para novios para madre o padre","Label":"Title","Locale":"es_ES"}},"Offers":{"Summaries":[{"Condition":{"Value":"New"},"LowestPrice":{"Amount":7.97,"Currency":"EUR","DisplayAmount":"7,97 €"}}]}},{"ASIN":"B09B29PG6R","DetailPageURL":"https://www.amazon.es/dp/B09B29PG6R?tag=topinalambricos-21&linkCode=osi&th=1&psc=1","Images":{"Primary":{"Small":{"Height":75,"URL":"https://m.media-amazon.com/images/I/41fApYGJgVL._SL75_.jpg","Width":75}}},"ItemInfo":{"ByLineInfo":{"Brand":{"DisplayValue":"Diese-Klappkarten","Label":"Brand","Locale":"es_ES"},"Manufacturer":{"DisplayValue":"Diese-Klappkarten","Label":"Manufacturer","Locale":"es_ES"}},"Title":{"DisplayValue":"Diese-Klappkarten Tarjeta de felicitación de amor, tarjeta para el día de San Valentín, tarjeta de cumpleaños con corazón desplegable, globo y conejo, regalo de de boda, L22","Label":"Title","Locale":"es_ES"}},"Offers":{"Summaries":[{"Condition":{"Value":"New"},"LowestPrice":{"Amount":8.49,"Currency":"EUR","DisplayAmount":"8,49 €"}}]}},{"ASIN":"B09SLSMQ3L","DetailPageURL":"https://www.amazon.es/dp/B09SLSMQ3L?tag=topinalambricos-21&linkCode=osi&th=1&psc=1","Images":{"Primary":{"Small":{"Height":75,"URL":"https://m.media-amazon.com/images/I/418zWjrf7gL._SL75_.jpg","Width":75}}},"ItemInfo":{"ByLineInfo":{"Brand":{"DisplayValue":"MOKIO","Label":"Brand","Locale":"es_ES"},"Manufacturer":{"DisplayValue":"MOKIO","Label":"Manufacturer","Locale":"es_ES"}},"Title":{"DisplayValue":"MOKIO® Tarjeta Pop-Up – Ángel con Corazón – Tarjeta de regalo 3D para cumpleaños, nacimientos o bautizos, Tarjeta de ángel guardián emergente con sobre","Label":"Title","Locale":"es_ES"}},"Offers":{"Summaries":[{"Condition":{"Value":"New"},"LowestPrice":{"Amount":9.99,"Currency":"EUR","DisplayAmount":"9,99 €"}}]}},{"ASIN":"B075FXZF57","DetailPageURL":"https://www.amazon.es/dp/B075FXZF57?tag=topinalambricos-21&linkCode=osi&th=1&psc=1","Images":{"Primary":{"Small":{"Height":75,"URL":"https://m.media-amazon.com/images/I/51AO+UL2CKL._SL75_.jpg","Width":69}}},"ItemInfo":{"ByLineInfo":{"Brand":{"DisplayValue":"Tache","Label":"Brand","Locale":"es_ES"},"Manufacturer":{"DisplayValue":"Tache","Label":"Manufacturer","Locale":"es_ES"}},"Title":{"DisplayValue":"Tache Tarjeta de felicitación con diseño de perro salchicha, hecha a mano, con sobre, certificado FSC®, tarjetas en blanco para decir felicidades, feliz aniversario y tarjeta de amor para hombres y","Label":"Title","Locale":"es_ES"}},"Offers":{"Summaries":[{"Condition":{"Value":"New"},"LowestPrice":{"Amount":8.3,"Currency":"EUR","DisplayAmount":"8,30 €"}}]}}],"SearchURL":"https://www.amazon.es/s?k=corazon+tarjeta&rh=n%3A4353100031%2Cp_n_availability%3A-1&tag=topinalambricos-21&linkCode=osi","TotalResultCount":1000}},"51":{"SearchResult":{"Items":[{"ASIN":"B0BQRDP1QZ","DetailPageURL":"https://www.amazon.es/dp/B0BQRDP1QZ?tag=topinalambricos-21&linkCode=osi&th=1&psc=1","Images":{"Primary":{"Small":{"Height":75,"URL":"https://m.media-amazon.com/images/I/41Gpfaksk0L._SL75_.jpg","Width":75}}},"ItemInfo":{"ByLineInfo":{"Brand":{"DisplayValue":"Vicloon","Label":"Brand","Locale":"es_ES"},"Manufacturer":{"DisplayValue":"Vicloon","Label":"Manufacturer","Locale":"es_ES"}},"Title":{"DisplayValue":"Vicloon Tarjeta de Felicitación de Madera, Tarjeta de Madera con Corazón, Tarjeta Felicitación Hecha a Mano, Tarjetas Regalo con Sobres, Tarjeta Felicitación para Cumpleaños, Bodas y San Valentín -B","Label":"Title","Locale":"es_ES"}},"Offers":{"Summaries":[{"Condition":{"Value":"New"},"LowestPrice":{"Amount":7.99,"Currency":"EUR","DisplayAmount":"7,99 €"}}]}},{"ASIN":"B0B6FPFRVM","DetailPageURL":"https://www.amazon.es/dp/B0B6FPFRVM?tag=topinalambricos-21&linkCode=osi&th=1&psc=1","Images":{"Primary":{"Small":{"Height":75,"URL":"https://m.media-amazon.com/images/I/41GaQNFRm4L._SL75_.jpg","Width":75}}},"ItemInfo":{"ByLineInfo":{"Brand":{"DisplayValue":"MOKIO","Label":"Brand","Locale":"es_ES"}},"Title":{"DisplayValue":"MOKIO® Tarjeta Pop-Up – Oso peluche con corazón – Tarjeta de regalo 3D para cumpleaños, Día de San Valentín o Aniversario de bodas, Teddy Bear Tarjeta de felicitación con sobre","Label":"Title","Locale":"es_ES"}},"Offers":{"Summaries":[{"Condition":{"Value":"New"},"LowestPrice":{"Amount":9.99,"Currency":"EUR","DisplayAmount":"9,99 €"}}]}},{"ASIN":"B0BNBKH6VW","DetailPageURL":"https://www.amazon.es/dp/B0BNBKH6VW?tag=topinalambricos-21&linkCode=osi&th=1&psc=1","Images":{"Primary":{"Small":{"Height":75,"URL":"https://m.media-amazon.com/images/I/41nYLMjWuSL._SL75_.jpg","Width":75}}},"ItemInfo":{"ByLineInfo":{"Brand":{"DisplayValue":"GEBETTER","Label":"Brand","Locale":"es_ES"},"Manufacturer":{"DisplayValue":"GEBETTER","Label":"Manufacturer","Locale":"es_ES"}},"Title":{"DisplayValue":"6*Tarjetas de Rascar + 6*Sobres Kraft + 6*Adhesivos Rasca Corazón Dorado, Tarjetas Felicitación Rasca de la Suerte, Regalo Personalizado Anuncio Embarazo Testigo Boda Mensaje Sorpresa (En Blanco)","Label":"Title","Locale":"es_ES"}},"Offers":{"Summaries":[{"Condition":{"Value":"New"},"LowestPrice":{"Amount":6.99,"Currency":"EUR","DisplayAmount":"6,99 €"}}]}},{"ASIN":"B0BH38QF56","DetailPageURL":"https://www.amazon.es/dp/B0BH38QF56?tag=topinalambricos-21&linkCode=osi&th=1&psc=1","Images":{"Primary":{"Small":{"Height":56,"URL":"https://m.media-amazon.com/images/I/41cbfbs6UKL._SL75_.jpg","Width":75}}},"ItemInfo":{"ByLineInfo":{"Brand":{"DisplayValue":"CONTRAXT","Label":"Brand","Locale":"es_ES"},"Manufacturer":{"DisplayValue":"CONTRAXT","Label":"Manufacturer","Locale":"es_ES"}},"Title":{"DisplayValue":"CONTRAXT Tarjeta regalo Dia de la Madre madera. Regalo original Postal cumpleaños, Que regalar a una madre Felicitacion feliz día de la madre.","Label":"Title","Locale":"es_ES"}},"Offers":{"Summaries":[{"Condition":{"Value":"New"},"LowestPrice":{"Amount":5.99,"Currency":"EUR","DisplayAmount":"5,99 €"}}]}},{"ASIN":"B095SZQZJG","DetailPageURL":"https://www.amazon.es/dp/B095SZQZJG?tag=topinalambricos-21&linkCode=osi&th=1&psc=1","Images":{"Primary":{"Small":{"Height":75,"URL":"https://m.media-amazon.com/images/I/413xMhOfGDS._SL75_.jpg","Width":75}}},"ItemInfo":{"ByLineInfo":{"Brand":{"DisplayValue":"KUNSTIFY","Label":"Brand","Locale":"es_ES"}},"Title":{"DisplayValue":"KUNSTIFY Tarjeta de felicitación 3D desplegable, regalo para novia, aniversario, hombre, mujer, padre, madre, pareja, boda, regalo de amor, declaración de amor, corazón, beso (corazón blanco)","Label":"Title","Locale":"es_ES"}},"Offers":{"Summaries":[{"Condition":{"Value":"New"},"LowestPrice":{"Amount":5.49,"Currency":"EUR","DisplayAmount":"5,49 €"}}]}},{"ASIN":"B0C8J9SHM2","DetailPageURL":"https://www.amazon.es/dp/B0C8J9SHM2?tag=topinalambricos-21&linkCode=osi&th=1&psc=1","Images":{"Primary":{"Small":{"Height":75,"URL":"https://m.media-amazon.com/images/I/51CRlryRSUL._SL75_.jpg","Width":75}}},"ItemInfo":{"ByLineInfo":{"Brand":{"DisplayValue":"Warehouse","Label":"Brand","Locale":"es_ES"}},"Title":{"DisplayValue":"Warehouse Tarjeta de agradecimiento de amor de madera Esposo Esposa，Regalos aniversario pareja cartas amor para mi novio novia originales Cumpleaños (Gracias) (C-13)","Label":"Title","Locale":"es_ES"}},"Offers":{"Summaries":[{"Condition":{"Value":"New"},"LowestPrice":{"Amount":5.99,"Currency":"EUR","DisplayAmount":"5,99 €"}}]}},{"ASIN":"B0CBHB7VX1","DetailPageURL":"https://www.amazon.es/dp/B0CBHB7VX1?tag=topinalambricos-21&linkCode=osi&th=1&psc=1","Images":{"Primary":{"Small":{"Height":56,"URL":"https://m.media-amazon.com/images/I/41DQa4PaB7L._SL75_.jpg","Width":75}}},"ItemInfo":{"ByLineInfo":{"Brand":{"DisplayValue":"CONTRAXT","Label":"Brand","Locale":"es_ES"},"Manufacturer":{"DisplayValue":"CONTRAXT","Label":"Manufacturer","Locale":"es_ES"}},"Title":{"DisplayValue":"CONTRAXT Ideas regalos originales para bodas de oro 50 años casados. Tarjeta de felicitacion para novios para madre o padre","Label":"Title","Locale":"es_ES"}},"Offers":{"Summaries":[{"Condition":{"Value":"New"},"LowestPrice":{"Amount":7.97,"Currency":"EUR","DisplayAmount":"7,97 €"}}]}},{"ASIN":"B09B29PG6R","DetailPageURL":"https://www.amazon.es/dp/B09B29PG6R?tag=topinalambricos-21&linkCode=osi&th=1&psc=1","Images":{"Primary":{"Small":{"Height":75,"URL":"https://m.media-amazon.com/images/I/41fApYGJgVL._SL75_.jpg","Width":75}}},"ItemInfo":{"ByLineInfo":{"Brand":{"DisplayValue":"Diese-Klappkarten","Label":"Brand","Locale":"es_ES"},"Manufacturer":{"DisplayValue":"Diese-Klappkarten","Label":"Manufacturer","Locale":"es_ES"}},"Title":{"DisplayValue":"Diese-Klappkarten Tarjeta de felicitación de amor, tarjeta para el día de San Valentín, tarjeta de cumpleaños con corazón desplegable, globo y conejo, regalo de de boda, L22","Label":"Title","Locale":"es_ES"}},"Offers":{"Summaries":[{"Condition":{"Value":"New"},"LowestPrice":{"Amount":8.49,"Currency":"EUR","DisplayAmount":"8,49 €"}}]}},{"ASIN":"B09SLSMQ3L","DetailPageURL":"https://www.amazon.es/dp/B09SLSMQ3L?tag=topinalambricos-21&linkCode=osi&th=1&psc=1","Images":{"Primary":{"Small":{"Height":75,"URL":"https://m.media-amazon.com/images/I/418zWjrf7gL._SL75_.jpg","Width":75}}},"ItemInfo":{"ByLineInfo":{"Brand":{"DisplayValue":"MOKIO","Label":"Brand","Locale":"es_ES"},"Manufacturer":{"DisplayValue":"MOKIO","Label":"Manufacturer","Locale":"es_ES"}},"Title":{"DisplayValue":"MOKIO® Tarjeta Pop-Up – Ángel con Corazón – Tarjeta de regalo 3D para cumpleaños, nacimientos o bautizos, Tarjeta de ángel guardián emergente con sobre","Label":"Title","Locale":"es_ES"}},"Offers":{"Summaries":[{"Condition":{"Value":"New"},"LowestPrice":{"Amount":9.99,"Currency":"EUR","DisplayAmount":"9,99 €"}}]}},{"ASIN":"B075FXZF57","DetailPageURL":"https://www.amazon.es/dp/B075FXZF57?tag=topinalambricos-21&linkCode=osi&th=1&psc=1","Images":{"Primary":{"Small":{"Height":75,"URL":"https://m.media-amazon.com/images/I/51AO+UL2CKL._SL75_.jpg","Width":69}}},"ItemInfo":{"ByLineInfo":{"Brand":{"DisplayValue":"Tache","Label":"Brand","Locale":"es_ES"},"Manufacturer":{"DisplayValue":"Tache","Label":"Manufacturer","Locale":"es_ES"}},"Title":{"DisplayValue":"Tache Tarjeta de felicitación con diseño de perro salchicha, hecha a mano, con sobre, certificado FSC®, tarjetas en blanco para decir felicidades, feliz aniversario y tarjeta de amor para hombres y","Label":"Title","Locale":"es_ES"}},"Offers":{"Summaries":[{"Condition":{"Value":"New"},"LowestPrice":{"Amount":8.3,"Currency":"EUR","DisplayAmount":"8,30 €"}}]}}],"SearchURL":"https://www.amazon.es/s?k=corazon+tarjeta&rh=n%3A4353100031%2Cp_n_availability%3A-1&tag=topinalambricos-21&linkCode=osi","TotalResultCount":1000}},"52":{"SearchResult":{"Items":[{"ASIN":"B0BQRDP1QZ","DetailPageURL":"https://www.amazon.es/dp/B0BQRDP1QZ?tag=topinalambricos-21&linkCode=osi&th=1&psc=1","Images":{"Primary":{"Small":{"Height":75,"URL":"https://m.media-amazon.com/images/I/41Gpfaksk0L._SL75_.jpg","Width":75}}},"ItemInfo":{"ByLineInfo":{"Brand":{"DisplayValue":"Vicloon","Label":"Brand","Locale":"es_ES"},"Manufacturer":{"DisplayValue":"Vicloon","Label":"Manufacturer","Locale":"es_ES"}},"Title":{"DisplayValue":"Vicloon Tarjeta de Felicitación de Madera, Tarjeta de Madera con Corazón, Tarjeta Felicitación Hecha a Mano, Tarjetas Regalo con Sobres, Tarjeta Felicitación para Cumpleaños, Bodas y San Valentín -B","Label":"Title","Locale":"es_ES"}},"Offers":{"Summaries":[{"Condition":{"Value":"New"},"LowestPrice":{"Amount":7.99,"Currency":"EUR","DisplayAmount":"7,99 €"}}]}},{"ASIN":"B0B6FPFRVM","DetailPageURL":"https://www.amazon.es/dp/B0B6FPFRVM?tag=topinalambricos-21&linkCode=osi&th=1&psc=1","Images":{"Primary":{"Small":{"Height":75,"URL":"https://m.media-amazon.com/images/I/41GaQNFRm4L._SL75_.jpg","Width":75}}},"ItemInfo":{"ByLineInfo":{"Brand":{"DisplayValue":"MOKIO","Label":"Brand","Locale":"es_ES"}},"Title":{"DisplayValue":"MOKIO® Tarjeta Pop-Up – Oso peluche con corazón – Tarjeta de regalo 3D para cumpleaños, Día de San Valentín o Aniversario de bodas, Teddy Bear Tarjeta de felicitación con sobre","Label":"Title","Locale":"es_ES"}},"Offers":{"Summaries":[{"Condition":{"Value":"New"},"LowestPrice":{"Amount":9.99,"Currency":"EUR","DisplayAmount":"9,99 €"}}]}},{"ASIN":"B0BNBKH6VW","DetailPageURL":"https://www.amazon.es/dp/B0BNBKH6VW?tag=topinalambricos-21&linkCode=osi&th=1&psc=1","Images":{"Primary":{"Small":{"Height":75,"URL":"https://m.media-amazon.com/images/I/41nYLMjWuSL._SL75_.jpg","Width":75}}},"ItemInfo":{"ByLineInfo":{"Brand":{"DisplayValue":"GEBETTER","Label":"Brand","Locale":"es_ES"},"Manufacturer":{"DisplayValue":"GEBETTER","Label":"Manufacturer","Locale":"es_ES"}},"Title":{"DisplayValue":"6*Tarjetas de Rascar + 6*Sobres Kraft + 6*Adhesivos Rasca Corazón Dorado, Tarjetas Felicitación Rasca de la Suerte, Regalo Personalizado Anuncio Embarazo Testigo Boda Mensaje Sorpresa (En Blanco)","Label":"Title","Locale":"es_ES"}},"Offers":{"Summaries":[{"Condition":{"Value":"New"},"LowestPrice":{"Amount":6.99,"Currency":"EUR","DisplayAmount":"6,99 €"}}]}},{"ASIN":"B0BH38QF56","DetailPageURL":"https://www.amazon.es/dp/B0BH38QF56?tag=topinalambricos-21&linkCode=osi&th=1&psc=1","Images":{"Primary":{"Small":{"Height":56,"URL":"https://m.media-amazon.com/images/I/41cbfbs6UKL._SL75_.jpg","Width":75}}},"ItemInfo":{"ByLineInfo":{"Brand":{"DisplayValue":"CONTRAXT","Label":"Brand","Locale":"es_ES"},"Manufacturer":{"DisplayValue":"CONTRAXT","Label":"Manufacturer","Locale":"es_ES"}},"Title":{"DisplayValue":"CONTRAXT Tarjeta regalo Dia de la Madre madera. Regalo original Postal cumpleaños, Que regalar a una madre Felicitacion feliz día de la madre.","Label":"Title","Locale":"es_ES"}},"Offers":{"Summaries":[{"Condition":{"Value":"New"},"LowestPrice":{"Amount":5.99,"Currency":"EUR","DisplayAmount":"5,99 €"}}]}},{"ASIN":"B095SZQZJG","DetailPageURL":"https://www.amazon.es/dp/B095SZQZJG?tag=topinalambricos-21&linkCode=osi&th=1&psc=1","Images":{"Primary":{"Small":{"Height":75,"URL":"https://m.media-amazon.com/images/I/413xMhOfGDS._SL75_.jpg","Width":75}}},"ItemInfo":{"ByLineInfo":{"Brand":{"DisplayValue":"KUNSTIFY","Label":"Brand","Locale":"es_ES"}},"Title":{"DisplayValue":"KUNSTIFY Tarjeta de felicitación 3D desplegable, regalo para novia, aniversario, hombre, mujer, padre, madre, pareja, boda, regalo de amor, declaración de amor, corazón, beso (corazón blanco)","Label":"Title","Locale":"es_ES"}},"Offers":{"Summaries":[{"Condition":{"Value":"New"},"LowestPrice":{"Amount":5.49,"Currency":"EUR","DisplayAmount":"5,49 €"}}]}},{"ASIN":"B0C8J9SHM2","DetailPageURL":"https://www.amazon.es/dp/B0C8J9SHM2?tag=topinalambricos-21&linkCode=osi&th=1&psc=1","Images":{"Primary":{"Small":{"Height":75,"URL":"https://m.media-amazon.com/images/I/51CRlryRSUL._SL75_.jpg","Width":75}}},"ItemInfo":{"ByLineInfo":{"Brand":{"DisplayValue":"Warehouse","Label":"Brand","Locale":"es_ES"}},"Title":{"DisplayValue":"Warehouse Tarjeta de agradecimiento de amor de madera Esposo Esposa，Regalos aniversario pareja cartas amor para mi novio novia originales Cumpleaños (Gracias) (C-13)","Label":"Title","Locale":"es_ES"}},"Offers":{"Summaries":[{"Condition":{"Value":"New"},"LowestPrice":{"Amount":5.99,"Currency":"EUR","DisplayAmount":"5,99 €"}}]}},{"ASIN":"B0CBHB7VX1","DetailPageURL":"https://www.amazon.es/dp/B0CBHB7VX1?tag=topinalambricos-21&linkCode=osi&th=1&psc=1","Images":{"Primary":{"Small":{"Height":56,"URL":"https://m.media-amazon.com/images/I/41DQa4PaB7L._SL75_.jpg","Width":75}}},"ItemInfo":{"ByLineInfo":{"Brand":{"DisplayValue":"CONTRAXT","Label":"Brand","Locale":"es_ES"},"Manufacturer":{"DisplayValue":"CONTRAXT","Label":"Manufacturer","Locale":"es_ES"}},"Title":{"DisplayValue":"CONTRAXT Ideas regalos originales para bodas de oro 50 años casados. Tarjeta de felicitacion para novios para madre o padre","Label":"Title","Locale":"es_ES"}},"Offers":{"Summaries":[{"Condition":{"Value":"New"},"LowestPrice":{"Amount":7.97,"Currency":"EUR","DisplayAmount":"7,97 €"}}]}},{"ASIN":"B09B29PG6R","DetailPageURL":"https://www.amazon.es/dp/B09B29PG6R?tag=topinalambricos-21&linkCode=osi&th=1&psc=1","Images":{"Primary":{"Small":{"Height":75,"URL":"https://m.media-amazon.com/images/I/41fApYGJgVL._SL75_.jpg","Width":75}}},"ItemInfo":{"ByLineInfo":{"Brand":{"DisplayValue":"Diese-Klappkarten","Label":"Brand","Locale":"es_ES"},"Manufacturer":{"DisplayValue":"Diese-Klappkarten","Label":"Manufacturer","Locale":"es_ES"}},"Title":{"DisplayValue":"Diese-Klappkarten Tarjeta de felicitación de amor, tarjeta para el día de San Valentín, tarjeta de cumpleaños con corazón desplegable, globo y conejo, regalo de de boda, L22","Label":"Title","Locale":"es_ES"}},"Offers":{"Summaries":[{"Condition":{"Value":"New"},"LowestPrice":{"Amount":8.49,"Currency":"EUR","DisplayAmount":"8,49 €"}}]}},{"ASIN":"B09SLSMQ3L","DetailPageURL":"https://www.amazon.es/dp/B09SLSMQ3L?tag=topinalambricos-21&linkCode=osi&th=1&psc=1","Images":{"Primary":{"Small":{"Height":75,"URL":"https://m.media-amazon.com/images/I/418zWjrf7gL._SL75_.jpg","Width":75}}},"ItemInfo":{"ByLineInfo":{"Brand":{"DisplayValue":"MOKIO","Label":"Brand","Locale":"es_ES"},"Manufacturer":{"DisplayValue":"MOKIO","Label":"Manufacturer","Locale":"es_ES"}},"Title":{"DisplayValue":"MOKIO® Tarjeta Pop-Up – Ángel con Corazón – Tarjeta de regalo 3D para cumpleaños, nacimientos o bautizos, Tarjeta de ángel guardián emergente con sobre","Label":"Title","Locale":"es_ES"}},"Offers":{"Summaries":[{"Condition":{"Value":"New"},"LowestPrice":{"Amount":9.99,"Currency":"EUR","DisplayAmount":"9,99 €"}}]}},{"ASIN":"B075FXZF57","DetailPageURL":"https://www.amazon.es/dp/B075FXZF57?tag=topinalambricos-21&linkCode=osi&th=1&psc=1","Images":{"Primary":{"Small":{"Height":75,"URL":"https://m.media-amazon.com/images/I/51AO+UL2CKL._SL75_.jpg","Width":69}}},"ItemInfo":{"ByLineInfo":{"Brand":{"DisplayValue":"Tache","Label":"Brand","Locale":"es_ES"},"Manufacturer":{"DisplayValue":"Tache","Label":"Manufacturer","Locale":"es_ES"}},"Title":{"DisplayValue":"Tache Tarjeta de felicitación con diseño de perro salchicha, hecha a mano, con sobre, certificado FSC®, tarjetas en blanco para decir felicidades, feliz aniversario y tarjeta de amor para hombres y","Label":"Title","Locale":"es_ES"}},"Offers":{"Summaries":[{"Condition":{"Value":"New"},"LowestPrice":{"Amount":8.3,"Currency":"EUR","DisplayAmount":"8,30 €"}}]}}],"SearchURL":"https://www.amazon.es/s?k=corazon+tarjeta&rh=n%3A4353100031%2Cp_n_availability%3A-1&tag=topinalambricos-21&linkCode=osi","TotalResultCount":1000}},"53":{"SearchResult":{"Items":[{"ASIN":"B0BQRDP1QZ","DetailPageURL":"https://www.amazon.es/dp/B0BQRDP1QZ?tag=topinalambricos-21&linkCode=osi&th=1&psc=1","Images":{"Primary":{"Small":{"Height":75,"URL":"https://m.media-amazon.com/images/I/41Gpfaksk0L._SL75_.jpg","Width":75}}},"ItemInfo":{"ByLineInfo":{"Brand":{"DisplayValue":"Vicloon","Label":"Brand","Locale":"es_ES"},"Manufacturer":{"DisplayValue":"Vicloon","Label":"Manufacturer","Locale":"es_ES"}},"Title":{"DisplayValue":"Vicloon Tarjeta de Felicitación de Madera, Tarjeta de Madera con Corazón, Tarjeta Felicitación Hecha a Mano, Tarjetas Regalo con Sobres, Tarjeta Felicitación para Cumpleaños, Bodas y San Valentín -B","Label":"Title","Locale":"es_ES"}},"Offers":{"Summaries":[{"Condition":{"Value":"New"},"LowestPrice":{"Amount":7.99,"Currency":"EUR","DisplayAmount":"7,99 €"}}]}},{"ASIN":"B0B6FPFRVM","DetailPageURL":"https://www.amazon.es/dp/B0B6FPFRVM?tag=topinalambricos-21&linkCode=osi&th=1&psc=1","Images":{"Primary":{"Small":{"Height":75,"URL":"https://m.media-amazon.com/images/I/41GaQNFRm4L._SL75_.jpg","Width":75}}},"ItemInfo":{"ByLineInfo":{"Brand":{"DisplayValue":"MOKIO","Label":"Brand","Locale":"es_ES"}},"Title":{"DisplayValue":"MOKIO® Tarjeta Pop-Up – Oso peluche con corazón – Tarjeta de regalo 3D para cumpleaños, Día de San Valentín o Aniversario de bodas, Teddy Bear Tarjeta de felicitación con sobre","Label":"Title","Locale":"es_ES"}},"Offers":{"Summaries":[{"Condition":{"Value":"New"},"LowestPrice":{"Amount":9.99,"Currency":"EUR","DisplayAmount":"9,99 €"}}]}},{"ASIN":"B0BNBKH6VW","DetailPageURL":"https://www.amazon.es/dp/B0BNBKH6VW?tag=topinalambricos-21&linkCode=osi&th=1&psc=1","Images":{"Primary":{"Small":{"Height":75,"URL":"https://m.media-amazon.com/images/I/41nYLMjWuSL._SL75_.jpg","Width":75}}},"ItemInfo":{"ByLineInfo":{"Brand":{"DisplayValue":"GEBETTER","Label":"Brand","Locale":"es_ES"},"Manufacturer":{"DisplayValue":"GEBETTER","Label":"Manufacturer","Locale":"es_ES"}},"Title":{"DisplayValue":"6*Tarjetas de Rascar + 6*Sobres Kraft + 6*Adhesivos Rasca Corazón Dorado, Tarjetas Felicitación Rasca de la Suerte, Regalo Personalizado Anuncio Embarazo Testigo Boda Mensaje Sorpresa (En Blanco)","Label":"Title","Locale":"es_ES"}},"Offers":{"Summaries":[{"Condition":{"Value":"New"},"LowestPrice":{"Amount":6.99,"Currency":"EUR","DisplayAmount":"6,99 €"}}]}},{"ASIN":"B0BH38QF56","DetailPageURL":"https://www.amazon.es/dp/B0BH38QF56?tag=topinalambricos-21&linkCode=osi&th=1&psc=1","Images":{"Primary":{"Small":{"Height":56,"URL":"https://m.media-amazon.com/images/I/41cbfbs6UKL._SL75_.jpg","Width":75}}},"ItemInfo":{"ByLineInfo":{"Brand":{"DisplayValue":"CONTRAXT","Label":"Brand","Locale":"es_ES"},"Manufacturer":{"DisplayValue":"CONTRAXT","Label":"Manufacturer","Locale":"es_ES"}},"Title":{"DisplayValue":"CONTRAXT Tarjeta regalo Dia de la Madre madera. Regalo original Postal cumpleaños, Que regalar a una madre Felicitacion feliz día de la madre.","Label":"Title","Locale":"es_ES"}},"Offers":{"Summaries":[{"Condition":{"Value":"New"},"LowestPrice":{"Amount":5.99,"Currency":"EUR","DisplayAmount":"5,99 €"}}]}},{"ASIN":"B095SZQZJG","DetailPageURL":"https://www.amazon.es/dp/B095SZQZJG?tag=topinalambricos-21&linkCode=osi&th=1&psc=1","Images":{"Primary":{"Small":{"Height":75,"URL":"https://m.media-amazon.com/images/I/413xMhOfGDS._SL75_.jpg","Width":75}}},"ItemInfo":{"ByLineInfo":{"Brand":{"DisplayValue":"KUNSTIFY","Label":"Brand","Locale":"es_ES"}},"Title":{"DisplayValue":"KUNSTIFY Tarjeta de felicitación 3D desplegable, regalo para novia, aniversario, hombre, mujer, padre, madre, pareja, boda, regalo de amor, declaración de amor, corazón, beso (corazón blanco)","Label":"Title","Locale":"es_ES"}},"Offers":{"Summaries":[{"Condition":{"Value":"New"},"LowestPrice":{"Amount":5.49,"Currency":"EUR","DisplayAmount":"5,49 €"}}]}},{"ASIN":"B0C8J9SHM2","DetailPageURL":"https://www.amazon.es/dp/B0C8J9SHM2?tag=topinalambricos-21&linkCode=osi&th=1&psc=1","Images":{"Primary":{"Small":{"Height":75,"URL":"https://m.media-amazon.com/images/I/51CRlryRSUL._SL75_.jpg","Width":75}}},"ItemInfo":{"ByLineInfo":{"Brand":{"DisplayValue":"Warehouse","Label":"Brand","Locale":"es_ES"}},"Title":{"DisplayValue":"Warehouse Tarjeta de agradecimiento de amor de madera Esposo Esposa，Regalos aniversario pareja cartas amor para mi novio novia originales Cumpleaños (Gracias) (C-13)","Label":"Title","Locale":"es_ES"}},"Offers":{"Summaries":[{"Condition":{"Value":"New"},"LowestPrice":{"Amount":5.99,"Currency":"EUR","DisplayAmount":"5,99 €"}}]}},{"ASIN":"B0CBHB7VX1","DetailPageURL":"https://www.amazon.es/dp/B0CBHB7VX1?tag=topinalambricos-21&linkCode=osi&th=1&psc=1","Images":{"Primary":{"Small":{"Height":56,"URL":"https://m.media-amazon.com/images/I/41DQa4PaB7L._SL75_.jpg","Width":75}}},"ItemInfo":{"ByLineInfo":{"Brand":{"DisplayValue":"CONTRAXT","Label":"Brand","Locale":"es_ES"},"Manufacturer":{"DisplayValue":"CONTRAXT","Label":"Manufacturer","Locale":"es_ES"}},"Title":{"DisplayValue":"CONTRAXT Ideas regalos originales para bodas de oro 50 años casados. Tarjeta de felicitacion para novios para madre o padre","Label":"Title","Locale":"es_ES"}},"Offers":{"Summaries":[{"Condition":{"Value":"New"},"LowestPrice":{"Amount":7.97,"Currency":"EUR","DisplayAmount":"7,97 €"}}]}},{"ASIN":"B09B29PG6R","DetailPageURL":"https://www.amazon.es/dp/B09B29PG6R?tag=topinalambricos-21&linkCode=osi&th=1&psc=1","Images":{"Primary":{"Small":{"Height":75,"URL":"https://m.media-amazon.com/images/I/41fApYGJgVL._SL75_.jpg","Width":75}}},"ItemInfo":{"ByLineInfo":{"Brand":{"DisplayValue":"Diese-Klappkarten","Label":"Brand","Locale":"es_ES"},"Manufacturer":{"DisplayValue":"Diese-Klappkarten","Label":"Manufacturer","Locale":"es_ES"}},"Title":{"DisplayValue":"Diese-Klappkarten Tarjeta de felicitación de amor, tarjeta para el día de San Valentín, tarjeta de cumpleaños con corazón desplegable, globo y conejo, regalo de de boda, L22","Label":"Title","Locale":"es_ES"}},"Offers":{"Summaries":[{"Condition":{"Value":"New"},"LowestPrice":{"Amount":8.49,"Currency":"EUR","DisplayAmount":"8,49 €"}}]}},{"ASIN":"B09SLSMQ3L","DetailPageURL":"https://www.amazon.es/dp/B09SLSMQ3L?tag=topinalambricos-21&linkCode=osi&th=1&psc=1","Images":{"Primary":{"Small":{"Height":75,"URL":"https://m.media-amazon.com/images/I/418zWjrf7gL._SL75_.jpg","Width":75}}},"ItemInfo":{"ByLineInfo":{"Brand":{"DisplayValue":"MOKIO","Label":"Brand","Locale":"es_ES"},"Manufacturer":{"DisplayValue":"MOKIO","Label":"Manufacturer","Locale":"es_ES"}},"Title":{"DisplayValue":"MOKIO® Tarjeta Pop-Up – Ángel con Corazón – Tarjeta de regalo 3D para cumpleaños, nacimientos o bautizos, Tarjeta de ángel guardián emergente con sobre","Label":"Title","Locale":"es_ES"}},"Offers":{"Summaries":[{"Condition":{"Value":"New"},"LowestPrice":{"Amount":9.99,"Currency":"EUR","DisplayAmount":"9,99 €"}}]}},{"ASIN":"B075FXZF57","DetailPageURL":"https://www.amazon.es/dp/B075FXZF57?tag=topinalambricos-21&linkCode=osi&th=1&psc=1","Images":{"Primary":{"Small":{"Height":75,"URL":"https://m.media-amazon.com/images/I/51AO+UL2CKL._SL75_.jpg","Width":69}}},"ItemInfo":{"ByLineInfo":{"Brand":{"DisplayValue":"Tache","Label":"Brand","Locale":"es_ES"},"Manufacturer":{"DisplayValue":"Tache","Label":"Manufacturer","Locale":"es_ES"}},"Title":{"DisplayValue":"Tache Tarjeta de felicitación con diseño de perro salchicha, hecha a mano, con sobre, certificado FSC®, tarjetas en blanco para decir felicidades, feliz aniversario y tarjeta de amor para hombres y","Label":"Title","Locale":"es_ES"}},"Offers":{"Summaries":[{"Condition":{"Value":"New"},"LowestPrice":{"Amount":8.3,"Currency":"EUR","DisplayAmount":"8,30 €"}}]}}],"SearchURL":"https://www.amazon.es/s?k=corazon+tarjeta&rh=n%3A4353100031%2Cp_n_availability%3A-1&tag=topinalambricos-21&linkCode=osi","TotalResultCount":1000}},"54":{"SearchResult":{"Items":[{"ASIN":"B0BQRDP1QZ","DetailPageURL":"https://www.amazon.es/dp/B0BQRDP1QZ?tag=topinalambricos-21&linkCode=osi&th=1&psc=1","Images":{"Primary":{"Small":{"Height":75,"URL":"https://m.media-amazon.com/images/I/41Gpfaksk0L._SL75_.jpg","Width":75}}},"ItemInfo":{"ByLineInfo":{"Brand":{"DisplayValue":"Vicloon","Label":"Brand","Locale":"es_ES"},"Manufacturer":{"DisplayValue":"Vicloon","Label":"Manufacturer","Locale":"es_ES"}},"Title":{"DisplayValue":"Vicloon Tarjeta de Felicitación de Madera, Tarjeta de Madera con Corazón, Tarjeta Felicitación Hecha a Mano, Tarjetas Regalo con Sobres, Tarjeta Felicitación para Cumpleaños, Bodas y San Valentín -B","Label":"Title","Locale":"es_ES"}},"Offers":{"Summaries":[{"Condition":{"Value":"New"},"LowestPrice":{"Amount":7.99,"Currency":"EUR","DisplayAmount":"7,99 €"}}]}},{"ASIN":"B0B6FPFRVM","DetailPageURL":"https://www.amazon.es/dp/B0B6FPFRVM?tag=topinalambricos-21&linkCode=osi&th=1&psc=1","Images":{"Primary":{"Small":{"Height":75,"URL":"https://m.media-amazon.com/images/I/41GaQNFRm4L._SL75_.jpg","Width":75}}},"ItemInfo":{"ByLineInfo":{"Brand":{"DisplayValue":"MOKIO","Label":"Brand","Locale":"es_ES"}},"Title":{"DisplayValue":"MOKIO® Tarjeta Pop-Up – Oso peluche con corazón – Tarjeta de regalo 3D para cumpleaños, Día de San Valentín o Aniversario de bodas, Teddy Bear Tarjeta de felicitación con sobre","Label":"Title","Locale":"es_ES"}},"Offers":{"Summaries":[{"Condition":{"Value":"New"},"LowestPrice":{"Amount":9.99,"Currency":"EUR","DisplayAmount":"9,99 €"}}]}},{"ASIN":"B0BNBKH6VW","DetailPageURL":"https://www.amazon.es/dp/B0BNBKH6VW?tag=topinalambricos-21&linkCode=osi&th=1&psc=1","Images":{"Primary":{"Small":{"Height":75,"URL":"https://m.media-amazon.com/images/I/41nYLMjWuSL._SL75_.jpg","Width":75}}},"ItemInfo":{"ByLineInfo":{"Brand":{"DisplayValue":"GEBETTER","Label":"Brand","Locale":"es_ES"},"Manufacturer":{"DisplayValue":"GEBETTER","Label":"Manufacturer","Locale":"es_ES"}},"Title":{"DisplayValue":"6*Tarjetas de Rascar + 6*Sobres Kraft + 6*Adhesivos Rasca Corazón Dorado, Tarjetas Felicitación Rasca de la Suerte, Regalo Personalizado Anuncio Embarazo Testigo Boda Mensaje Sorpresa (En Blanco)","Label":"Title","Locale":"es_ES"}},"Offers":{"Summaries":[{"Condition":{"Value":"New"},"LowestPrice":{"Amount":6.99,"Currency":"EUR","DisplayAmount":"6,99 €"}}]}},{"ASIN":"B0BH38QF56","DetailPageURL":"https://www.amazon.es/dp/B0BH38QF56?tag=topinalambricos-21&linkCode=osi&th=1&psc=1","Images":{"Primary":{"Small":{"Height":56,"URL":"https://m.media-amazon.com/images/I/41cbfbs6UKL._SL75_.jpg","Width":75}}},"ItemInfo":{"ByLineInfo":{"Brand":{"DisplayValue":"CONTRAXT","Label":"Brand","Locale":"es_ES"},"Manufacturer":{"DisplayValue":"CONTRAXT","Label":"Manufacturer","Locale":"es_ES"}},"Title":{"DisplayValue":"CONTRAXT Tarjeta regalo Dia de la Madre madera. Regalo original Postal cumpleaños, Que regalar a una madre Felicitacion feliz día de la madre.","Label":"Title","Locale":"es_ES"}},"Offers":{"Summaries":[{"Condition":{"Value":"New"},"LowestPrice":{"Amount":5.99,"Currency":"EUR","DisplayAmount":"5,99 €"}}]}},{"ASIN":"B095SZQZJG","DetailPageURL":"https://www.amazon.es/dp/B095SZQZJG?tag=topinalambricos-21&linkCode=osi&th=1&psc=1","Images":{"Primary":{"Small":{"Height":75,"URL":"https://m.media-amazon.com/images/I/413xMhOfGDS._SL75_.jpg","Width":75}}},"ItemInfo":{"ByLineInfo":{"Brand":{"DisplayValue":"KUNSTIFY","Label":"Brand","Locale":"es_ES"}},"Title":{"DisplayValue":"KUNSTIFY Tarjeta de felicitación 3D desplegable, regalo para novia, aniversario, hombre, mujer, padre, madre, pareja, boda, regalo de amor, declaración de amor, corazón, beso (corazón blanco)","Label":"Title","Locale":"es_ES"}},"Offers":{"Summaries":[{"Condition":{"Value":"New"},"LowestPrice":{"Amount":5.49,"Currency":"EUR","DisplayAmount":"5,49 €"}}]}},{"ASIN":"B0C8J9SHM2","DetailPageURL":"https://www.amazon.es/dp/B0C8J9SHM2?tag=topinalambricos-21&linkCode=osi&th=1&psc=1","Images":{"Primary":{"Small":{"Height":75,"URL":"https://m.media-amazon.com/images/I/51CRlryRSUL._SL75_.jpg","Width":75}}},"ItemInfo":{"ByLineInfo":{"Brand":{"DisplayValue":"Warehouse","Label":"Brand","Locale":"es_ES"}},"Title":{"DisplayValue":"Warehouse Tarjeta de agradecimiento de amor de madera Esposo Esposa，Regalos aniversario pareja cartas amor para mi novio novia originales Cumpleaños (Gracias) (C-13)","Label":"Title","Locale":"es_ES"}},"Offers":{"Summaries":[{"Condition":{"Value":"New"},"LowestPrice":{"Amount":5.99,"Currency":"EUR","DisplayAmount":"5,99 €"}}]}},{"ASIN":"B0CBHB7VX1","DetailPageURL":"https://www.amazon.es/dp/B0CBHB7VX1?tag=topinalambricos-21&linkCode=osi&th=1&psc=1","Images":{"Primary":{"Small":{"Height":56,"URL":"https://m.media-amazon.com/images/I/41DQa4PaB7L._SL75_.jpg","Width":75}}},"ItemInfo":{"ByLineInfo":{"Brand":{"DisplayValue":"CONTRAXT","Label":"Brand","Locale":"es_ES"},"Manufacturer":{"DisplayValue":"CONTRAXT","Label":"Manufacturer","Locale":"es_ES"}},"Title":{"DisplayValue":"CONTRAXT Ideas regalos originales para bodas de oro 50 años casados. Tarjeta de felicitacion para novios para madre o padre","Label":"Title","Locale":"es_ES"}},"Offers":{"Summaries":[{"Condition":{"Value":"New"},"LowestPrice":{"Amount":7.97,"Currency":"EUR","DisplayAmount":"7,97 €"}}]}},{"ASIN":"B09B29PG6R","DetailPageURL":"https://www.amazon.es/dp/B09B29PG6R?tag=topinalambricos-21&linkCode=osi&th=1&psc=1","Images":{"Primary":{"Small":{"Height":75,"URL":"https://m.media-amazon.com/images/I/41fApYGJgVL._SL75_.jpg","Width":75}}},"ItemInfo":{"ByLineInfo":{"Brand":{"DisplayValue":"Diese-Klappkarten","Label":"Brand","Locale":"es_ES"},"Manufacturer":{"DisplayValue":"Diese-Klappkarten","Label":"Manufacturer","Locale":"es_ES"}},"Title":{"DisplayValue":"Diese-Klappkarten Tarjeta de felicitación de amor, tarjeta para el día de San Valentín, tarjeta de cumpleaños con corazón desplegable, globo y conejo, regalo de de boda, L22","Label":"Title","Locale":"es_ES"}},"Offers":{"Summaries":[{"Condition":{"Value":"New"},"LowestPrice":{"Amount":8.49,"Currency":"EUR","DisplayAmount":"8,49 €"}}]}},{"ASIN":"B09SLSMQ3L","DetailPageURL":"https://www.amazon.es/dp/B09SLSMQ3L?tag=topinalambricos-21&linkCode=osi&th=1&psc=1","Images":{"Primary":{"Small":{"Height":75,"URL":"https://m.media-amazon.com/images/I/418zWjrf7gL._SL75_.jpg","Width":75}}},"ItemInfo":{"ByLineInfo":{"Brand":{"DisplayValue":"MOKIO","Label":"Brand","Locale":"es_ES"},"Manufacturer":{"DisplayValue":"MOKIO","Label":"Manufacturer","Locale":"es_ES"}},"Title":{"DisplayValue":"MOKIO® Tarjeta Pop-Up – Ángel con Corazón – Tarjeta de regalo 3D para cumpleaños, nacimientos o bautizos, Tarjeta de ángel guardián emergente con sobre","Label":"Title","Locale":"es_ES"}},"Offers":{"Summaries":[{"Condition":{"Value":"New"},"LowestPrice":{"Amount":9.99,"Currency":"EUR","DisplayAmount":"9,99 €"}}]}},{"ASIN":"B075FXZF57","DetailPageURL":"https://www.amazon.es/dp/B075FXZF57?tag=topinalambricos-21&linkCode=osi&th=1&psc=1","Images":{"Primary":{"Small":{"Height":75,"URL":"https://m.media-amazon.com/images/I/51AO+UL2CKL._SL75_.jpg","Width":69}}},"ItemInfo":{"ByLineInfo":{"Brand":{"DisplayValue":"Tache","Label":"Brand","Locale":"es_ES"},"Manufacturer":{"DisplayValue":"Tache","Label":"Manufacturer","Locale":"es_ES"}},"Title":{"DisplayValue":"Tache Tarjeta de felicitación con diseño de perro salchicha, hecha a mano, con sobre, certificado FSC®, tarjetas en blanco para decir felicidades, feliz aniversario y tarjeta de amor para hombres y","Label":"Title","Locale":"es_ES"}},"Offers":{"Summaries":[{"Condition":{"Value":"New"},"LowestPrice":{"Amount":8.3,"Currency":"EUR","DisplayAmount":"8,30 €"}}]}}],"SearchURL":"https://www.amazon.es/s?k=corazon+tarjeta&rh=n%3A4353100031%2Cp_n_availability%3A-1&tag=topinalambricos-21&linkCode=osi","TotalResultCount":1000}},"55":{"SearchResult":{"Items":[{"ASIN":"B0BQRDP1QZ","DetailPageURL":"https://www.amazon.es/dp/B0BQRDP1QZ?tag=topinalambricos-21&linkCode=osi&th=1&psc=1","Images":{"Primary":{"Small":{"Height":75,"URL":"https://m.media-amazon.com/images/I/41Gpfaksk0L._SL75_.jpg","Width":75}}},"ItemInfo":{"ByLineInfo":{"Brand":{"DisplayValue":"Vicloon","Label":"Brand","Locale":"es_ES"},"Manufacturer":{"DisplayValue":"Vicloon","Label":"Manufacturer","Locale":"es_ES"}},"Title":{"DisplayValue":"Vicloon Tarjeta de Felicitación de Madera, Tarjeta de Madera con Corazón, Tarjeta Felicitación Hecha a Mano, Tarjetas Regalo con Sobres, Tarjeta Felicitación para Cumpleaños, Bodas y San Valentín -B","Label":"Title","Locale":"es_ES"}},"Offers":{"Summaries":[{"Condition":{"Value":"New"},"LowestPrice":{"Amount":7.99,"Currency":"EUR","DisplayAmount":"7,99 €"}}]}},{"ASIN":"B0B6FPFRVM","DetailPageURL":"https://www.amazon.es/dp/B0B6FPFRVM?tag=topinalambricos-21&linkCode=osi&th=1&psc=1","Images":{"Primary":{"Small":{"Height":75,"URL":"https://m.media-amazon.com/images/I/41GaQNFRm4L._SL75_.jpg","Width":75}}},"ItemInfo":{"ByLineInfo":{"Brand":{"DisplayValue":"MOKIO","Label":"Brand","Locale":"es_ES"}},"Title":{"DisplayValue":"MOKIO® Tarjeta Pop-Up – Oso peluche con corazón – Tarjeta de regalo 3D para cumpleaños, Día de San Valentín o Aniversario de bodas, Teddy Bear Tarjeta de felicitación con sobre","Label":"Title","Locale":"es_ES"}},"Offers":{"Summaries":[{"Condition":{"Value":"New"},"LowestPrice":{"Amount":9.99,"Currency":"EUR","DisplayAmount":"9,99 €"}}]}},{"ASIN":"B0BNBKH6VW","DetailPageURL":"https://www.amazon.es/dp/B0BNBKH6VW?tag=topinalambricos-21&linkCode=osi&th=1&psc=1","Images":{"Primary":{"Small":{"Height":75,"URL":"https://m.media-amazon.com/images/I/41nYLMjWuSL._SL75_.jpg","Width":75}}},"ItemInfo":{"ByLineInfo":{"Brand":{"DisplayValue":"GEBETTER","Label":"Brand","Locale":"es_ES"},"Manufacturer":{"DisplayValue":"GEBETTER","Label":"Manufacturer","Locale":"es_ES"}},"Title":{"DisplayValue":"6*Tarjetas de Rascar + 6*Sobres Kraft + 6*Adhesivos Rasca Corazón Dorado, Tarjetas Felicitación Rasca de la Suerte, Regalo Personalizado Anuncio Embarazo Testigo Boda Mensaje Sorpresa (En Blanco)","Label":"Title","Locale":"es_ES"}},"Offers":{"Summaries":[{"Condition":{"Value":"New"},"LowestPrice":{"Amount":6.99,"Currency":"EUR","DisplayAmount":"6,99 €"}}]}},{"ASIN":"B0BH38QF56","DetailPageURL":"https://www.amazon.es/dp/B0BH38QF56?tag=topinalambricos-21&linkCode=osi&th=1&psc=1","Images":{"Primary":{"Small":{"Height":56,"URL":"https://m.media-amazon.com/images/I/41cbfbs6UKL._SL75_.jpg","Width":75}}},"ItemInfo":{"ByLineInfo":{"Brand":{"DisplayValue":"CONTRAXT","Label":"Brand","Locale":"es_ES"},"Manufacturer":{"DisplayValue":"CONTRAXT","Label":"Manufacturer","Locale":"es_ES"}},"Title":{"DisplayValue":"CONTRAXT Tarjeta regalo Dia de la Madre madera. Regalo original Postal cumpleaños, Que regalar a una madre Felicitacion feliz día de la madre.","Label":"Title","Locale":"es_ES"}},"Offers":{"Summaries":[{"Condition":{"Value":"New"},"LowestPrice":{"Amount":5.99,"Currency":"EUR","DisplayAmount":"5,99 €"}}]}},{"ASIN":"B095SZQZJG","DetailPageURL":"https://www.amazon.es/dp/B095SZQZJG?tag=topinalambricos-21&linkCode=osi&th=1&psc=1","Images":{"Primary":{"Small":{"Height":75,"URL":"https://m.media-amazon.com/images/I/413xMhOfGDS._SL75_.jpg","Width":75}}},"ItemInfo":{"ByLineInfo":{"Brand":{"DisplayValue":"KUNSTIFY","Label":"Brand","Locale":"es_ES"}},"Title":{"DisplayValue":"KUNSTIFY Tarjeta de felicitación 3D desplegable, regalo para novia, aniversario, hombre, mujer, padre, madre, pareja, boda, regalo de amor, declaración de amor, corazón, beso (corazón blanco)","Label":"Title","Locale":"es_ES"}},"Offers":{"Summaries":[{"Condition":{"Value":"New"},"LowestPrice":{"Amount":5.49,"Currency":"EUR","DisplayAmount":"5,49 €"}}]}},{"ASIN":"B0C8J9SHM2","DetailPageURL":"https://www.amazon.es/dp/B0C8J9SHM2?tag=topinalambricos-21&linkCode=osi&th=1&psc=1","Images":{"Primary":{"Small":{"Height":75,"URL":"https://m.media-amazon.com/images/I/51CRlryRSUL._SL75_.jpg","Width":75}}},"ItemInfo":{"ByLineInfo":{"Brand":{"DisplayValue":"Warehouse","Label":"Brand","Locale":"es_ES"}},"Title":{"DisplayValue":"Warehouse Tarjeta de agradecimiento de amor de madera Esposo Esposa，Regalos aniversario pareja cartas amor para mi novio novia originales Cumpleaños (Gracias) (C-13)","Label":"Title","Locale":"es_ES"}},"Offers":{"Summaries":[{"Condition":{"Value":"New"},"LowestPrice":{"Amount":5.99,"Currency":"EUR","DisplayAmount":"5,99 €"}}]}},{"ASIN":"B0CBHB7VX1","DetailPageURL":"https://www.amazon.es/dp/B0CBHB7VX1?tag=topinalambricos-21&linkCode=osi&th=1&psc=1","Images":{"Primary":{"Small":{"Height":56,"URL":"https://m.media-amazon.com/images/I/41DQa4PaB7L._SL75_.jpg","Width":75}}},"ItemInfo":{"ByLineInfo":{"Brand":{"DisplayValue":"CONTRAXT","Label":"Brand","Locale":"es_ES"},"Manufacturer":{"DisplayValue":"CONTRAXT","Label":"Manufacturer","Locale":"es_ES"}},"Title":{"DisplayValue":"CONTRAXT Ideas regalos originales para bodas de oro 50 años casados. Tarjeta de felicitacion para novios para madre o padre","Label":"Title","Locale":"es_ES"}},"Offers":{"Summaries":[{"Condition":{"Value":"New"},"LowestPrice":{"Amount":7.97,"Currency":"EUR","DisplayAmount":"7,97 €"}}]}},{"ASIN":"B09B29PG6R","DetailPageURL":"https://www.amazon.es/dp/B09B29PG6R?tag=topinalambricos-21&linkCode=osi&th=1&psc=1","Images":{"Primary":{"Small":{"Height":75,"URL":"https://m.media-amazon.com/images/I/41fApYGJgVL._SL75_.jpg","Width":75}}},"ItemInfo":{"ByLineInfo":{"Brand":{"DisplayValue":"Diese-Klappkarten","Label":"Brand","Locale":"es_ES"},"Manufacturer":{"DisplayValue":"Diese-Klappkarten","Label":"Manufacturer","Locale":"es_ES"}},"Title":{"DisplayValue":"Diese-Klappkarten Tarjeta de felicitación de amor, tarjeta para el día de San Valentín, tarjeta de cumpleaños con corazón desplegable, globo y conejo, regalo de de boda, L22","Label":"Title","Locale":"es_ES"}},"Offers":{"Summaries":[{"Condition":{"Value":"New"},"LowestPrice":{"Amount":8.49,"Currency":"EUR","DisplayAmount":"8,49 €"}}]}},{"ASIN":"B09SLSMQ3L","DetailPageURL":"https://www.amazon.es/dp/B09SLSMQ3L?tag=topinalambricos-21&linkCode=osi&th=1&psc=1","Images":{"Primary":{"Small":{"Height":75,"URL":"https://m.media-amazon.com/images/I/418zWjrf7gL._SL75_.jpg","Width":75}}},"ItemInfo":{"ByLineInfo":{"Brand":{"DisplayValue":"MOKIO","Label":"Brand","Locale":"es_ES"},"Manufacturer":{"DisplayValue":"MOKIO","Label":"Manufacturer","Locale":"es_ES"}},"Title":{"DisplayValue":"MOKIO® Tarjeta Pop-Up – Ángel con Corazón – Tarjeta de regalo 3D para cumpleaños, nacimientos o bautizos, Tarjeta de ángel guardián emergente con sobre","Label":"Title","Locale":"es_ES"}},"Offers":{"Summaries":[{"Condition":{"Value":"New"},"LowestPrice":{"Amount":9.99,"Currency":"EUR","DisplayAmount":"9,99 €"}}]}},{"ASIN":"B075FXZF57","DetailPageURL":"https://www.amazon.es/dp/B075FXZF57?tag=topinalambricos-21&linkCode=osi&th=1&psc=1","Images":{"Primary":{"Small":{"Height":75,"URL":"https://m.media-amazon.com/images/I/51AO+UL2CKL._SL75_.jpg","Width":69}}},"ItemInfo":{"ByLineInfo":{"Brand":{"DisplayValue":"Tache","Label":"Brand","Locale":"es_ES"},"Manufacturer":{"DisplayValue":"Tache","Label":"Manufacturer","Locale":"es_ES"}},"Title":{"DisplayValue":"Tache Tarjeta de felicitación con diseño de perro salchicha, hecha a mano, con sobre, certificado FSC®, tarjetas en blanco para decir felicidades, feliz aniversario y tarjeta de amor para hombres y","Label":"Title","Locale":"es_ES"}},"Offers":{"Summaries":[{"Condition":{"Value":"New"},"LowestPrice":{"Amount":8.3,"Currency":"EUR","DisplayAmount":"8,30 €"}}]}}],"SearchURL":"https://www.amazon.es/s?k=corazon+tarjeta&rh=n%3A4353100031%2Cp_n_availability%3A-1&tag=topinalambricos-21&linkCode=osi","TotalResultCount":1000}},"56":{"SearchResult":{"Items":[{"ASIN":"B0BQRDP1QZ","DetailPageURL":"https://www.amazon.es/dp/B0BQRDP1QZ?tag=topinalambricos-21&linkCode=osi&th=1&psc=1","Images":{"Primary":{"Small":{"Height":75,"URL":"https://m.media-amazon.com/images/I/41Gpfaksk0L._SL75_.jpg","Width":75}}},"ItemInfo":{"ByLineInfo":{"Brand":{"DisplayValue":"Vicloon","Label":"Brand","Locale":"es_ES"},"Manufacturer":{"DisplayValue":"Vicloon","Label":"Manufacturer","Locale":"es_ES"}},"Title":{"DisplayValue":"Vicloon Tarjeta de Felicitación de Madera, Tarjeta de Madera con Corazón, Tarjeta Felicitación Hecha a Mano, Tarjetas Regalo con Sobres, Tarjeta Felicitación para Cumpleaños, Bodas y San Valentín -B","Label":"Title","Locale":"es_ES"}},"Offers":{"Summaries":[{"Condition":{"Value":"New"},"LowestPrice":{"Amount":7.99,"Currency":"EUR","DisplayAmount":"7,99 €"}}]}},{"ASIN":"B0B6FPFRVM","DetailPageURL":"https://www.amazon.es/dp/B0B6FPFRVM?tag=topinalambricos-21&linkCode=osi&th=1&psc=1","Images":{"Primary":{"Small":{"Height":75,"URL":"https://m.media-amazon.com/images/I/41GaQNFRm4L._SL75_.jpg","Width":75}}},"ItemInfo":{"ByLineInfo":{"Brand":{"DisplayValue":"MOKIO","Label":"Brand","Locale":"es_ES"}},"Title":{"DisplayValue":"MOKIO® Tarjeta Pop-Up – Oso peluche con corazón – Tarjeta de regalo 3D para cumpleaños, Día de San Valentín o Aniversario de bodas, Teddy Bear Tarjeta de felicitación con sobre","Label":"Title","Locale":"es_ES"}},"Offers":{"Summaries":[{"Condition":{"Value":"New"},"LowestPrice":{"Amount":9.99,"Currency":"EUR","DisplayAmount":"9,99 €"}}]}},{"ASIN":"B0BNBKH6VW","DetailPageURL":"https://www.amazon.es/dp/B0BNBKH6VW?tag=topinalambricos-21&linkCode=osi&th=1&psc=1","Images":{"Primary":{"Small":{"Height":75,"URL":"https://m.media-amazon.com/images/I/41nYLMjWuSL._SL75_.jpg","Width":75}}},"ItemInfo":{"ByLineInfo":{"Brand":{"DisplayValue":"GEBETTER","Label":"Brand","Locale":"es_ES"},"Manufacturer":{"DisplayValue":"GEBETTER","Label":"Manufacturer","Locale":"es_ES"}},"Title":{"DisplayValue":"6*Tarjetas de Rascar + 6*Sobres Kraft + 6*Adhesivos Rasca Corazón Dorado, Tarjetas Felicitación Rasca de la Suerte, Regalo Personalizado Anuncio Embarazo Testigo Boda Mensaje Sorpresa (En Blanco)","Label":"Title","Locale":"es_ES"}},"Offers":{"Summaries":[{"Condition":{"Value":"New"},"LowestPrice":{"Amount":6.99,"Currency":"EUR","DisplayAmount":"6,99 €"}}]}},{"ASIN":"B0BH38QF56","DetailPageURL":"https://www.amazon.es/dp/B0BH38QF56?tag=topinalambricos-21&linkCode=osi&th=1&psc=1","Images":{"Primary":{"Small":{"Height":56,"URL":"https://m.media-amazon.com/images/I/41cbfbs6UKL._SL75_.jpg","Width":75}}},"ItemInfo":{"ByLineInfo":{"Brand":{"DisplayValue":"CONTRAXT","Label":"Brand","Locale":"es_ES"},"Manufacturer":{"DisplayValue":"CONTRAXT","Label":"Manufacturer","Locale":"es_ES"}},"Title":{"DisplayValue":"CONTRAXT Tarjeta regalo Dia de la Madre madera. Regalo original Postal cumpleaños, Que regalar a una madre Felicitacion feliz día de la madre.","Label":"Title","Locale":"es_ES"}},"Offers":{"Summaries":[{"Condition":{"Value":"New"},"LowestPrice":{"Amount":5.99,"Currency":"EUR","DisplayAmount":"5,99 €"}}]}},{"ASIN":"B095SZQZJG","DetailPageURL":"https://www.amazon.es/dp/B095SZQZJG?tag=topinalambricos-21&linkCode=osi&th=1&psc=1","Images":{"Primary":{"Small":{"Height":75,"URL":"https://m.media-amazon.com/images/I/413xMhOfGDS._SL75_.jpg","Width":75}}},"ItemInfo":{"ByLineInfo":{"Brand":{"DisplayValue":"KUNSTIFY","Label":"Brand","Locale":"es_ES"}},"Title":{"DisplayValue":"KUNSTIFY Tarjeta de felicitación 3D desplegable, regalo para novia, aniversario, hombre, mujer, padre, madre, pareja, boda, regalo de amor, declaración de amor, corazón, beso (corazón blanco)","Label":"Title","Locale":"es_ES"}},"Offers":{"Summaries":[{"Condition":{"Value":"New"},"LowestPrice":{"Amount":5.49,"Currency":"EUR","DisplayAmount":"5,49 €"}}]}},{"ASIN":"B0C8J9SHM2","DetailPageURL":"https://www.amazon.es/dp/B0C8J9SHM2?tag=topinalambricos-21&linkCode=osi&th=1&psc=1","Images":{"Primary":{"Small":{"Height":75,"URL":"https://m.media-amazon.com/images/I/51CRlryRSUL._SL75_.jpg","Width":75}}},"ItemInfo":{"ByLineInfo":{"Brand":{"DisplayValue":"Warehouse","Label":"Brand","Locale":"es_ES"}},"Title":{"DisplayValue":"Warehouse Tarjeta de agradecimiento de amor de madera Esposo Esposa，Regalos aniversario pareja cartas amor para mi novio novia originales Cumpleaños (Gracias) (C-13)","Label":"Title","Locale":"es_ES"}},"Offers":{"Summaries":[{"Condition":{"Value":"New"},"LowestPrice":{"Amount":5.99,"Currency":"EUR","DisplayAmount":"5,99 €"}}]}},{"ASIN":"B0CBHB7VX1","DetailPageURL":"https://www.amazon.es/dp/B0CBHB7VX1?tag=topinalambricos-21&linkCode=osi&th=1&psc=1","Images":{"Primary":{"Small":{"Height":56,"URL":"https://m.media-amazon.com/images/I/41DQa4PaB7L._SL75_.jpg","Width":75}}},"ItemInfo":{"ByLineInfo":{"Brand":{"DisplayValue":"CONTRAXT","Label":"Brand","Locale":"es_ES"},"Manufacturer":{"DisplayValue":"CONTRAXT","Label":"Manufacturer","Locale":"es_ES"}},"Title":{"DisplayValue":"CONTRAXT Ideas regalos originales para bodas de oro 50 años casados. Tarjeta de felicitacion para novios para madre o padre","Label":"Title","Locale":"es_ES"}},"Offers":{"Summaries":[{"Condition":{"Value":"New"},"LowestPrice":{"Amount":7.97,"Currency":"EUR","DisplayAmount":"7,97 €"}}]}},{"ASIN":"B09B29PG6R","DetailPageURL":"https://www.amazon.es/dp/B09B29PG6R?tag=topinalambricos-21&linkCode=osi&th=1&psc=1","Images":{"Primary":{"Small":{"Height":75,"URL":"https://m.media-amazon.com/images/I/41fApYGJgVL._SL75_.jpg","Width":75}}},"ItemInfo":{"ByLineInfo":{"Brand":{"DisplayValue":"Diese-Klappkarten","Label":"Brand","Locale":"es_ES"},"Manufacturer":{"DisplayValue":"Diese-Klappkarten","Label":"Manufacturer","Locale":"es_ES"}},"Title":{"DisplayValue":"Diese-Klappkarten Tarjeta de felicitación de amor, tarjeta para el día de San Valentín, tarjeta de cumpleaños con corazón desplegable, globo y conejo, regalo de de boda, L22","Label":"Title","Locale":"es_ES"}},"Offers":{"Summaries":[{"Condition":{"Value":"New"},"LowestPrice":{"Amount":8.49,"Currency":"EUR","DisplayAmount":"8,49 €"}}]}},{"ASIN":"B09SLSMQ3L","DetailPageURL":"https://www.amazon.es/dp/B09SLSMQ3L?tag=topinalambricos-21&linkCode=osi&th=1&psc=1","Images":{"Primary":{"Small":{"Height":75,"URL":"https://m.media-amazon.com/images/I/418zWjrf7gL._SL75_.jpg","Width":75}}},"ItemInfo":{"ByLineInfo":{"Brand":{"DisplayValue":"MOKIO","Label":"Brand","Locale":"es_ES"},"Manufacturer":{"DisplayValue":"MOKIO","Label":"Manufacturer","Locale":"es_ES"}},"Title":{"DisplayValue":"MOKIO® Tarjeta Pop-Up – Ángel con Corazón – Tarjeta de regalo 3D para cumpleaños, nacimientos o bautizos, Tarjeta de ángel guardián emergente con sobre","Label":"Title","Locale":"es_ES"}},"Offers":{"Summaries":[{"Condition":{"Value":"New"},"LowestPrice":{"Amount":9.99,"Currency":"EUR","DisplayAmount":"9,99 €"}}]}},{"ASIN":"B075FXZF57","DetailPageURL":"https://www.amazon.es/dp/B075FXZF57?tag=topinalambricos-21&linkCode=osi&th=1&psc=1","Images":{"Primary":{"Small":{"Height":75,"URL":"https://m.media-amazon.com/images/I/51AO+UL2CKL._SL75_.jpg","Width":69}}},"ItemInfo":{"ByLineInfo":{"Brand":{"DisplayValue":"Tache","Label":"Brand","Locale":"es_ES"},"Manufacturer":{"DisplayValue":"Tache","Label":"Manufacturer","Locale":"es_ES"}},"Title":{"DisplayValue":"Tache Tarjeta de felicitación con diseño de perro salchicha, hecha a mano, con sobre, certificado FSC®, tarjetas en blanco para decir felicidades, feliz aniversario y tarjeta de amor para hombres y","Label":"Title","Locale":"es_ES"}},"Offers":{"Summaries":[{"Condition":{"Value":"New"},"LowestPrice":{"Amount":8.3,"Currency":"EUR","DisplayAmount":"8,30 €"}}]}}],"SearchURL":"https://www.amazon.es/s?k=corazon+tarjeta&rh=n%3A4353100031%2Cp_n_availability%3A-1&tag=topinalambricos-21&linkCode=osi","TotalResultCount":1000}}}