{"3":{"SearchResult":{"Items":[{"ASIN":"B07DXMCJW7","DetailPageURL":"https://www.amazon.es/dp/B07DXMCJW7?tag=topinalambricos-21&linkCode=osi&th=1&psc=1","Images":{"Primary":{"Small":{"Height":75,"URL":"https://m.media-amazon.com/images/I/51kAu0YM5dL._SL75_.jpg","Width":56}}},"ItemInfo":{"ByLineInfo":{"Brand":{"DisplayValue":"Redbridge","Label":"Brand","Locale":"es_ES"}},"Title":{"DisplayValue":"Redbridge Chaqueta de Hombres Cuero Sintético Moda Casual Negro M","Label":"Title","Locale":"es_ES"}},"Offers":{"Summaries":[{"Condition":{"Value":"New"},"LowestPrice":{"Amount":69.9,"Currency":"EUR","DisplayAmount":"69,90 €"}}]}},{"ASIN":"B07KKMBLRP","DetailPageURL":"https://www.amazon.es/dp/B07KKMBLRP?tag=topinalambricos-21&linkCode=osi&th=1&psc=1","Images":{"Primary":{"Small":{"Height":75,"URL":"https://m.media-amazon.com/images/I/41VWGoKa9dL._SL75_.jpg","Width":56}}},"ItemInfo":{"ByLineInfo":{"Brand":{"DisplayValue":"Redbridge","Label":"Brand","Locale":"es_ES"},"Manufacturer":{"DisplayValue":"Redbridge","Label":"Manufacturer","Locale":"es_ES"}},"Title":{"DisplayValue":"Redbridge Chaqueta de imitación de cuero para hombre con capucha Negro L","Label":"Title","Locale":"es_ES"}},"Offers":{"Summaries":[{"Condition":{"Value":"New"},"LowestPrice":{"Amount":139.7,"Currency":"EUR","DisplayAmount":"139,70 €"}}]}},{"ASIN":"B07JZXLYZB","DetailPageURL":"https://www.amazon.es/dp/B07JZXLYZB?tag=topinalambricos-21&linkCode=osi&th=1&psc=1","Images":{"Primary":{"Small":{"Height":75,"URL":"https://m.media-amazon.com/images/I/51LC87Fsk-S._SL75_.jpg","Width":75}}},"ItemInfo":{"ByLineInfo":{"Brand":{"DisplayValue":"Jack & Jones","Label":"Brand","Locale":"es_ES"},"Manufacturer":{"DisplayValue":"JACK & JONES","Label":"Manufacturer","Locale":"es_ES"}},"Title":{"DisplayValue":"Jack & Jones Jjerocky Jacket Noos Chaqueta, Negro, M para Hombre","Label":"Title","Locale":"es_ES"}},"Offers":{"Summaries":[{"Condition":{"Value":"New"},"LowestPrice":{"Amount":51.11,"Currency":"EUR","DisplayAmount":"51,11 €"}},{"Condition":{"Value":"Used"},"LowestPrice":{"Amount":40.73,"Currency":"EUR","DisplayAmount":"40,73 €"}}]}},{"ASIN":"B07JZVFMHD","DetailPageURL":"https://www.amazon.es/dp/B07JZVFMHD?tag=topinalambricos-21&linkCode=osi&th=1&psc=1","Images":{"Primary":{"Small":{"Height":75,"URL":"https://m.media-amazon.com/images/I/51LC87Fsk-S._SL75_.jpg","Width":75}}},"ItemInfo":{"ByLineInfo":{"Brand":{"DisplayValue":"Jack & Jones","Label":"Brand","Locale":"es_ES"},"Manufacturer":{"DisplayValue":"JACK & JONES","Label":"Manufacturer","Locale":"es_ES"}},"Title":{"DisplayValue":"Jack & Jones Jcorocky Jacket Noos Chaqueta, Negro, L para Hombre","Label":"Title","Locale":"es_ES"}},"Offers":{"Summaries":[{"Condition":{"Value":"New"},"LowestPrice":{"Amount":49.81,"Currency":"EUR","DisplayAmount":"49,81 €"}}]}},{"ASIN":"B00Z7W6O3I","DetailPageURL":"https://www.amazon.es/dp/B00Z7W6O3I?tag=topinalambricos-21&linkCode=osi&th=1&psc=1","Images":{"Primary":{"Small":{"Height":75,"URL":"https://m.media-amazon.com/images/I/41oCURgTvFL._SL75_.jpg","Width":59}}},"ItemInfo":{"ByLineInfo":{"Brand":{"DisplayValue":"Redbridge","Label":"Brand","Locale":"es_ES"},"Manufacturer":{"DisplayValue":"Red Bridge","Label":"Manufacturer","Locale":"es_ES"}},"Title":{"DisplayValue":"Redbridge Chaqueta de cuero sintético para hombre Cazadora de transición acanalada Negro M","Label":"Title","Locale":"es_ES"}},"Offers":{"Summaries":[{"Condition":{"Value":"New"},"LowestPrice":{"Amount":79.9,"Currency":"EUR","DisplayAmount":"79,90 €"}}]}},{"ASIN":"B09LVNGWF8","DetailPageURL":"https://www.amazon.es/dp/B09LVNGWF8?tag=topinalambricos-21&linkCode=osi&th=1&psc=1","Images":{"Primary":{"Small":{"Height":75,"URL":"https://m.media-amazon.com/images/I/41gbxIMv3EL._SL75_.jpg","Width":75}}},"ItemInfo":{"ByLineInfo":{"Brand":{"DisplayValue":"NUSGEAR","Label":"Brand","Locale":"es_ES"}},"Title":{"DisplayValue":"Hombres Chaqueta de Cuero,Otoño Invierno Espesar Cuero de la Chaqueta de béisbol Largo Cuello alto Abrigo de Pieles Coincidencia de colores Chaqueta Impermeable a Prueba de Viento Ropa de moto PU","Label":"Title","Locale":"es_ES"}},"Offers":{"Summaries":[{"Condition":{"Value":"New"},"LowestPrice":{"Amount":77.99,"Currency":"EUR","DisplayAmount":"77,99 €"}}]}},{"ASIN":"B09M41676L","DetailPageURL":"https://www.amazon.es/dp/B09M41676L?tag=topinalambricos-21&linkCode=osi&th=1&psc=1","Images":{"Primary":{"Small":{"Height":75,"URL":"https://m.media-amazon.com/images/I/41wdXDeEMcL._SL75_.jpg","Width":75}}},"ItemInfo":{"ByLineInfo":{"Brand":{"DisplayValue":"NUSGEAR","Label":"Brand","Locale":"es_ES"}},"Title":{"DisplayValue":"2022 Hombres Chaqueta de Cuero,Invierno Otoño Moda Chaqueta de béisbol Abrigo de Pieles Talla grande Coincidencia solapa Casual Cuello alto Chaqueta Impermeable a Prueba de Viento PU Ropa de moto","Label":"Title","Locale":"es_ES"}},"Offers":{"Summaries":[{"Condition":{"Value":"New"},"LowestPrice":{"Amount":55.99,"Currency":"EUR","DisplayAmount":"55,99 €"}}]}},{"ASIN":"B09PYBV13Y","DetailPageURL":"https://www.amazon.es/dp/B09PYBV13Y?tag=topinalambricos-21&linkCode=osi&th=1&psc=1","Images":{"Primary":{"Small":{"Height":75,"URL":"https://m.media-amazon.com/images/I/41m7MEKnlHL._SL75_.jpg","Width":57}}},"ItemInfo":{"ByLineInfo":{"Brand":{"DisplayValue":"Wantdo","Label":"Brand","Locale":"es_ES"}},"Title":{"DisplayValue":"Wantdo Chaqueta Aviador Chaqueta Gorditas de Invierno Chaquetón Militar Chaqueta Militar Negro(Gruesa) Xl","Label":"Title","Locale":"es_ES"}},"Offers":{"Summaries":[{"Condition":{"Value":"New"},"LowestPrice":{"Amount":59.99,"Currency":"EUR","DisplayAmount":"59,99 €"}}]}},{"ASIN":"B07KM38NJD","DetailPageURL":"https://www.amazon.es/dp/B07KM38NJD?tag=topinalambricos-21&linkCode=osi&th=1&psc=1","Images":{"Primary":{"Small":{"Height":75,"URL":"https://m.media-amazon.com/images/I/51FtfAumtPL._SL75_.jpg","Width":56}}},"ItemInfo":{"ByLineInfo":{"Brand":{"DisplayValue":"Redbridge","Label":"Brand","Locale":"es_ES"}},"Title":{"DisplayValue":"Red Bridge Hombres Chaqueta Cuero Sintético Transición Acanalada Moda Casuales Algodón Jacket","Label":"Title","Locale":"es_ES"}},"Offers":{"Summaries":[{"Condition":{"Value":"New"},"LowestPrice":{"Amount":79.9,"Currency":"EUR","DisplayAmount":"79,90 €"}}]}},{"ASIN":"B0788RNPS1","DetailPageURL":"https://www.amazon.es/dp/B0788RNPS1?tag=topinalambricos-21&linkCode=osi&th=1&psc=1","Images":{"Primary":{"Small":{"Height":75,"URL":"https://m.media-amazon.com/images/I/514-xNO13+L._SL75_.jpg","Width":56}}},"ItemInfo":{"ByLineInfo":{"Brand":{"DisplayValue":"Aviatrix","Label":"Brand","Locale":"es_ES"}},"Title":{"DisplayValue":"Aviatrix Hombres Cuero Autentico Especial Retro Moda Chaqueta (4W9C)","Label":"Title","Locale":"es_ES"}},"Offers":{"Summaries":[{"Condition":{"Value":"New"},"LowestPrice":{"Amount":129.99,"Currency":"EUR","DisplayAmount":"129,99 €"}}]}}],"SearchURL":"https://www.amazon.es/s?k=cuero&rh=n%3A3074196031%2Cp_n_availability%3A-1&tag=topinalambricos-21&linkCode=osi","TotalResultCount":55028}},"4":{"SearchResult":{"Items":[{"ASIN":"B00Z7W6O3I","DetailPageURL":"https://www.amazon.es/dp/B00Z7W6O3I?tag=topinalambricos-21&linkCode=osi&th=1&psc=1","Images":{"Primary":{"Small":{"Height":75,"URL":"https://m.media-amazon.com/images/I/41oCURgTvFL._SL75_.jpg","Width":59}}},"ItemInfo":{"ByLineInfo":{"Brand":{"DisplayValue":"Redbridge","Label":"Brand","Locale":"es_ES"},"Manufacturer":{"DisplayValue":"Red Bridge","Label":"Manufacturer","Locale":"es_ES"}},"Title":{"DisplayValue":"Redbridge Chaqueta de cuero sintético para hombre Cazadora de transición acanalada Negro M","Label":"Title","Locale":"es_ES"}},"Offers":{"Summaries":[{"Condition":{"Value":"New"},"LowestPrice":{"Amount":79.9,"Currency":"EUR","DisplayAmount":"79,90 €"}}]}},{"ASIN":"B06XFXR9M6","DetailPageURL":"https://www.amazon.es/dp/B06XFXR9M6?tag=topinalambricos-21&linkCode=osi&th=1&psc=1","Images":{"Primary":{"Small":{"Height":75,"URL":"https://m.media-amazon.com/images/I/41S87Nd9oML._SL75_.jpg","Width":56}}},"ItemInfo":{"ByLineInfo":{"Brand":{"DisplayValue":"Aviatrix","Label":"Brand","Locale":"es_ES"}},"Title":{"DisplayValue":"Aviatrix Chaqueta Biker para Hombre con Cinturon En Piel De Vacuno Real O Piel De Oveja Autentica (N2KG)","Label":"Title","Locale":"es_ES"}},"Offers":{"Summaries":[{"Condition":{"Value":"New"},"LowestPrice":{"Amount":119.99,"Currency":"EUR","DisplayAmount":"119,99 €"}}]}},{"ASIN":"B01HZPYG1Q","DetailPageURL":"https://www.amazon.es/dp/B01HZPYG1Q?tag=topinalambricos-21&linkCode=osi&th=1&psc=1","Images":{"Primary":{"Small":{"Height":75,"URL":"https://m.media-amazon.com/images/I/51h9zfya5tL._SL75_.jpg","Width":60}}},"ItemInfo":{"ByLineInfo":{"Brand":{"DisplayValue":"Urban Leather","Label":"Brand","Locale":"es_ES"},"Manufacturer":{"DisplayValue":"Ur Leather","Label":"Manufacturer","Locale":"es_ES"}},"Title":{"DisplayValue":"Chaqueta Moto Hombre en Cuero 58 Gents | Cazadora de Moto de Piel de Cordero | Armadura Removible para Espalda, Hombros y Codos Aprobada por la CE | Marrón | XXL","Label":"Title","Locale":"es_ES"}},"Offers":{"Summaries":[{"Condition":{"Value":"New"},"LowestPrice":{"Amount":130.29,"Currency":"EUR","DisplayAmount":"130,29 €"}}]}},{"ASIN":"B07FKZSMT9","DetailPageURL":"https://www.amazon.es/dp/B07FKZSMT9?tag=topinalambricos-21&linkCode=osi&th=1&psc=1","Images":{"Primary":{"Small":{"Height":75,"URL":"https://m.media-amazon.com/images/I/41-G-wjUhNL._SL75_.jpg","Width":56}}},"ItemInfo":{"ByLineInfo":{"Brand":{"DisplayValue":"Aviatrix","Label":"Brand","Locale":"es_ES"}},"Title":{"DisplayValue":"Aviatrix Hombres Cuero Real Aspecto Vintage Chaqueta De Moto Moda con Capucha Desmontable (2JB2)","Label":"Title","Locale":"es_ES"}},"Offers":{"Summaries":[{"Condition":{"Value":"New"},"LowestPrice":{"Amount":129.99,"Currency":"EUR","DisplayAmount":"129,99 €"}}]}},{"ASIN":"B0716LZ4DW","DetailPageURL":"https://www.amazon.es/dp/B0716LZ4DW?tag=topinalambricos-21&linkCode=osi&th=1&psc=1","Images":{"Primary":{"Small":{"Height":75,"URL":"https://m.media-amazon.com/images/I/41ufTREjVHL._SL75_.jpg","Width":56}}},"ItemInfo":{"ByLineInfo":{"Brand":{"DisplayValue":"Aviatrix","Label":"Brand","Locale":"es_ES"}},"Title":{"DisplayValue":"Aviatrix Hombres Genuino Cuero De Vaca Cinturón Chaqueta De Moto con Armadura De Cuerpo Desmontable (PT9R)","Label":"Title","Locale":"es_ES"}},"Offers":{"Summaries":[{"Condition":{"Value":"New"},"LowestPrice":{"Amount":149.99,"Currency":"EUR","DisplayAmount":"149,99 €"}}]}},{"ASIN":"B096B9YZXJ","DetailPageURL":"https://www.amazon.es/dp/B096B9YZXJ?tag=topinalambricos-21&linkCode=osi&th=1&psc=1","Images":{"Primary":{"Small":{"Height":75,"URL":"https://m.media-amazon.com/images/I/41ymXRHTHPL._SL75_.jpg","Width":60}}},"ItemInfo":{"ByLineInfo":{"Brand":{"DisplayValue":"Gaudi-Leathers","Label":"Brand","Locale":"es_ES"}},"Title":{"DisplayValue":"Gaudi-Leathers Brando - Chaqueta de piel para hombre, chaqueta de motero, color negro, Color negro., XL","Label":"Title","Locale":"es_ES"}},"Offers":{"Summaries":[{"Condition":{"Value":"New"},"LowestPrice":{"Amount":79.9,"Currency":"EUR","DisplayAmount":"79,90 €"}}]}},{"ASIN":"B09M41676L","DetailPageURL":"https://www.amazon.es/dp/B09M41676L?tag=topinalambricos-21&linkCode=osi&th=1&psc=1","Images":{"Primary":{"Small":{"Height":75,"URL":"https://m.media-amazon.com/images/I/41wdXDeEMcL._SL75_.jpg","Width":75}}},"ItemInfo":{"ByLineInfo":{"Brand":{"DisplayValue":"NUSGEAR","Label":"Brand","Locale":"es_ES"}},"Title":{"DisplayValue":"2022 Hombres Chaqueta de Cuero,Invierno Otoño Moda Chaqueta de béisbol Abrigo de Pieles Talla grande Coincidencia solapa Casual Cuello alto Chaqueta Impermeable a Prueba de Viento PU Ropa de moto","Label":"Title","Locale":"es_ES"}},"Offers":{"Summaries":[{"Condition":{"Value":"New"},"LowestPrice":{"Amount":55.99,"Currency":"EUR","DisplayAmount":"55,99 €"}}]}},{"ASIN":"B09LVNGWF8","DetailPageURL":"https://www.amazon.es/dp/B09LVNGWF8?tag=topinalambricos-21&linkCode=osi&th=1&psc=1","Images":{"Primary":{"Small":{"Height":75,"URL":"https://m.media-amazon.com/images/I/41gbxIMv3EL._SL75_.jpg","Width":75}}},"ItemInfo":{"ByLineInfo":{"Brand":{"DisplayValue":"NUSGEAR","Label":"Brand","Locale":"es_ES"}},"Title":{"DisplayValue":"Hombres Chaqueta de Cuero,Otoño Invierno Espesar Cuero de la Chaqueta de béisbol Largo Cuello alto Abrigo de Pieles Coincidencia de colores Chaqueta Impermeable a Prueba de Viento Ropa de moto PU","Label":"Title","Locale":"es_ES"}},"Offers":{"Summaries":[{"Condition":{"Value":"New"},"LowestPrice":{"Amount":77.99,"Currency":"EUR","DisplayAmount":"77,99 €"}}]}},{"ASIN":"B07DXRV17H","DetailPageURL":"https://www.amazon.es/dp/B07DXRV17H?tag=topinalambricos-21&linkCode=osi&th=1&psc=1","Images":{"Primary":{"Small":{"Height":75,"URL":"https://m.media-amazon.com/images/I/51kAu0YM5dL._SL75_.jpg","Width":56}}},"ItemInfo":{"ByLineInfo":{"Brand":{"DisplayValue":"Redbridge","Label":"Brand","Locale":"es_ES"}},"Title":{"DisplayValue":"Redbridge Chaqueta de Hombres Cuero Sintético Moda Casual Negro L","Label":"Title","Locale":"es_ES"}},"Offers":{"Summaries":[{"Condition":{"Value":"New"},"LowestPrice":{"Amount":69.9,"Currency":"EUR","DisplayAmount":"69,90 €"}}]}},{"ASIN":"B01BRHTI3E","DetailPageURL":"https://www.amazon.es/dp/B01BRHTI3E?tag=topinalambricos-21&linkCode=osi&th=1&psc=1","Images":{"Primary":{"Small":{"Height":66,"URL":"https://m.media-amazon.com/images/I/41Y+bwqxywL._SL75_.jpg","Width":75}}},"ItemInfo":{"ByLineInfo":{"Brand":{"DisplayValue":"Bohmberg","Label":"Brand","Locale":"es_ES"},"Manufacturer":{"DisplayValue":"Bohmberg","Label":"Manufacturer","Locale":"es_ES"}},"Title":{"DisplayValue":"Bohmberg Premium- Chaqueta pesada de motociclista 100% cuero duradero para hombre - M","Label":"Title","Locale":"es_ES"}},"Offers":{"Summaries":[{"Condition":{"Value":"New"},"LowestPrice":{"Amount":179.9,"Currency":"EUR","DisplayAmount":"179,90 €"}}]}}],"SearchURL":"https://www.amazon.es/s?k=cuero+moto&rh=n%3A3074196031%2Cp_n_availability%3A-1&tag=topinalambricos-21&linkCode=osi","TotalResultCount":695}},"5":{"SearchResult":{"Items":[{"ASIN":"B0831SFJTS","DetailPageURL":"https://www.amazon.es/dp/B0831SFJTS?tag=topinalambricos-21&linkCode=osi&th=1&psc=1","Images":{"Primary":{"Small":{"Height":75,"URL":"https://m.media-amazon.com/images/I/41rdWnnuijL._SL75_.jpg","Width":57}}},"ItemInfo":{"ByLineInfo":{"Brand":{"DisplayValue":"Jack & Jones","Label":"Brand","Locale":"es_ES"},"Manufacturer":{"DisplayValue":"Jack & Jones NOS","Label":"Manufacturer","Locale":"es_ES"}},"Title":{"DisplayValue":"Jack & Jones Jjerocky Jacket Noos Chaqueta, Marrón (Cognac), L para Hombre","Label":"Title","Locale":"es_ES"}},"Offers":{"Summaries":[{"Condition":{"Value":"New"},"LowestPrice":{"Amount":41.95,"Currency":"EUR","DisplayAmount":"41,95 €"}}]}},{"ASIN":"B08SQHKWQQ","DetailPageURL":"https://www.amazon.es/dp/B08SQHKWQQ?tag=topinalambricos-21&linkCode=osi&th=1&psc=1","Images":{"Primary":{"Small":{"Height":75,"URL":"https://m.media-amazon.com/images/I/41Fjx9zJzBL._SL75_.jpg","Width":51}}},"ItemInfo":{"ByLineInfo":{"Brand":{"DisplayValue":"Redbridge","Label":"Brand","Locale":"es_ES"}},"Title":{"DisplayValue":"Redbridge Chaqueta de Hombres Cuero Sintético Moda Casual Marrón M","Label":"Title","Locale":"es_ES"}},"Offers":{"Summaries":[{"Condition":{"Value":"New"},"LowestPrice":{"Amount":69.9,"Currency":"EUR","DisplayAmount":"69,90 €"}}]}},{"ASIN":"B09M9MF284","DetailPageURL":"https://www.amazon.es/dp/B09M9MF284?tag=topinalambricos-21&linkCode=osi&th=1&psc=1","Images":{"Primary":{"Small":{"Height":75,"URL":"https://m.media-amazon.com/images/I/51fhiQCqwEL._SL75_.jpg","Width":75}}},"ItemInfo":{"ByLineInfo":{"Brand":{"DisplayValue":"NUSGEAR","Label":"Brand","Locale":"es_ES"}},"Title":{"DisplayValue":"NUSGEAR 2022 Hombres Chaqueta de Cuero,Invierno Espesar Cuero de la Piel Chaqueta de béisbol Forro de lana Abrigo de solapa Impermeable a Prueba de Viento Ropa de moto Talla grande PU cremallera","Label":"Title","Locale":"es_ES"}},"Offers":{"Summaries":[{"Condition":{"Value":"New"},"LowestPrice":{"Amount":30.99,"Currency":"EUR","DisplayAmount":"30,99 €"}}]}},{"ASIN":"B09M9L3N12","DetailPageURL":"https://www.amazon.es/dp/B09M9L3N12?tag=topinalambricos-21&linkCode=osi&th=1&psc=1","Images":{"Primary":{"Small":{"Height":75,"URL":"https://m.media-amazon.com/images/I/41XSfk7HdJL._SL75_.jpg","Width":75}}},"ItemInfo":{"ByLineInfo":{"Brand":{"DisplayValue":"NUSGEAR","Label":"Brand","Locale":"es_ES"}},"Title":{"DisplayValue":"2022 Hombres Chaqueta de Cuero,Invierno Espesar Cuero de la Piel Chaqueta de béisbol Forro de lana Abrigo de solapa Impermeable a Prueba de Viento Ropa de moto Talla grande PU cremallera Abrigo Largo","Label":"Title","Locale":"es_ES"}},"Offers":{"Summaries":[{"Condition":{"Value":"New"},"LowestPrice":{"Amount":66.99,"Currency":"EUR","DisplayAmount":"66,99 €"}}]}},{"ASIN":"B0792S4H4L","DetailPageURL":"https://www.amazon.es/dp/B0792S4H4L?tag=topinalambricos-21&linkCode=osi&th=1&psc=1","Images":{"Primary":{"Small":{"Height":75,"URL":"https://m.media-amazon.com/images/I/512ibt19W4L._SL75_.jpg","Width":58}}},"ItemInfo":{"ByLineInfo":{"Brand":{"DisplayValue":"FLAVOR","Label":"Brand","Locale":"es_ES"},"Manufacturer":{"DisplayValue":"FLAVOR","Label":"Manufacturer","Locale":"es_ES"}},"Title":{"DisplayValue":"FLAVOR Chaqueta cuero hombre auténtico capucha desmontable (L, Marrón)","Label":"Title","Locale":"es_ES"}},"Offers":{"Summaries":[{"Condition":{"Value":"New"},"LowestPrice":{"Amount":169.99,"Currency":"EUR","DisplayAmount":"169,99 €"}}]}},{"ASIN":"B07VRQB5G3","DetailPageURL":"https://www.amazon.es/dp/B07VRQB5G3?tag=topinalambricos-21&linkCode=osi&th=1&psc=1","Images":{"Primary":{"Small":{"Height":75,"URL":"https://m.media-amazon.com/images/I/51ty6AT+gCL._SL75_.jpg","Width":56}}},"ItemInfo":{"ByLineInfo":{"Brand":{"DisplayValue":"Redbridge","Label":"Brand","Locale":"es_ES"}},"Title":{"DisplayValue":"Redbridge Chaqueta de cuero sintético para hombre Cazadora de transición acanalada Marrón S","Label":"Title","Locale":"es_ES"}},"Offers":{"Summaries":[{"Condition":{"Value":"New"},"LowestPrice":{"Amount":79.9,"Currency":"EUR","DisplayAmount":"79,90 €"}}]}},{"ASIN":"B085S5CK55","DetailPageURL":"https://www.amazon.es/dp/B085S5CK55?tag=topinalambricos-21&linkCode=osi&th=1&psc=1","Images":{"Primary":{"Small":{"Height":75,"URL":"https://m.media-amazon.com/images/I/41FreIaxLaL._SL75_.jpg","Width":56}}},"ItemInfo":{"ByLineInfo":{"Brand":{"DisplayValue":"Aviatrix","Label":"Brand","Locale":"es_ES"}},"Title":{"DisplayValue":"Aviatrix Chaqueta Biker de Moda de Cuero Real para Hombre con Diseno de Hombros Acolchados (T86N)","Label":"Title","Locale":"es_ES"}},"Offers":{"Summaries":[{"Condition":{"Value":"New"},"LowestPrice":{"Amount":129.99,"Currency":"EUR","DisplayAmount":"129,99 €"}}]}},{"ASIN":"B00F0F7KU8","DetailPageURL":"https://www.amazon.es/dp/B00F0F7KU8?tag=topinalambricos-21&linkCode=osi&th=1&psc=1","Images":{"Primary":{"Small":{"Height":75,"URL":"https://m.media-amazon.com/images/I/41tSTthLIiL._SL75_.jpg","Width":57}}},"ItemInfo":{"ByLineInfo":{"Brand":{"DisplayValue":"Schott","Label":"Brand","Locale":"es_ES"},"Manufacturer":{"DisplayValue":"SCHOTT","Label":"Manufacturer","Locale":"es_ES"}},"Title":{"DisplayValue":"Schott Hombre Lc930d Chaqueta Not Applicable, Marrón (Brown), (Talla del Fabricante: Large)","Label":"Title","Locale":"es_ES"}},"Offers":{"Summaries":[{"Condition":{"Value":"New"},"LowestPrice":{"Amount":196.64,"Currency":"EUR","DisplayAmount":"196,64 €"}},{"Condition":{"Value":"Used"},"LowestPrice":{"Amount":180.42,"Currency":"EUR","DisplayAmount":"180,42 €"}}]}},{"ASIN":"B0BBSWZR75","DetailPageURL":"https://www.amazon.es/dp/B0BBSWZR75?tag=topinalambricos-21&linkCode=osi&th=1&psc=1","Images":{"Primary":{"Small":{"Height":75,"URL":"https://m.media-amazon.com/images/I/41h+ghWgbqL._SL75_.jpg","Width":51}}},"ItemInfo":{"ByLineInfo":{"Brand":{"DisplayValue":"KOROSHI MANIAKS GRAPHIC DESIGN TM","Label":"Brand","Locale":"es_ES"},"Manufacturer":{"DisplayValue":"Koroshi","Label":"Manufacturer","Locale":"es_ES"}},"Title":{"DisplayValue":"Koroshi Chaqueta Cazadora Cuero sintético Efecto Piel con Cuello Redondo para Hombre Marrón, L","Label":"Title","Locale":"es_ES"}},"Offers":{"Summaries":[{"Condition":{"Value":"New"},"LowestPrice":{"Amount":59.99,"Currency":"EUR","DisplayAmount":"59,99 €"}}]}},{"ASIN":"B01F64GDZU","DetailPageURL":"https://www.amazon.es/dp/B01F64GDZU?tag=topinalambricos-21&linkCode=osi&th=1&psc=1","Images":{"Primary":{"Small":{"Height":75,"URL":"https://m.media-amazon.com/images/I/41xOn0DfWvL._SL75_.jpg","Width":57}}},"ItemInfo":{"ByLineInfo":{"Brand":{"DisplayValue":"Oakwood","Label":"Brand","Locale":"es_ES"},"Manufacturer":{"DisplayValue":"Oakwood","Label":"Manufacturer","Locale":"es_ES"}},"Title":{"DisplayValue":"Oakwood 60901 Impermeable, Marron (Tabacco), X-Large para Hombre","Label":"Title","Locale":"es_ES"}},"Offers":{"Summaries":[{"Condition":{"Value":"Used"},"LowestPrice":{"Amount":77.34,"Currency":"EUR","DisplayAmount":"77,34 €"}},{"Condition":{"Value":"New"},"LowestPrice":{"Amount":81.89,"Currency":"EUR","DisplayAmount":"81,89 €"}}]}}],"SearchURL":"https://www.amazon.es/s?k=chaqueta+cuero+marron&rh=n%3A3074196031%2Cp_n_availability%3A-1&tag=topinalambricos-21&linkCode=osi","TotalResultCount":29397}},"6":{"SearchResult":{"Items":[{"ASIN":"B085LLXR94","DetailPageURL":"https://www.amazon.es/dp/B085LLXR94?tag=topinalambricos-21&linkCode=osi&th=1&psc=1","Images":{"Primary":{"Small":{"Height":75,"URL":"https://m.media-amazon.com/images/I/41evZ5W2eCL._SL75_.jpg","Width":51}}},"ItemInfo":{"ByLineInfo":{"Brand":{"DisplayValue":"Redbridge","Label":"Brand","Locale":"es_ES"}},"Title":{"DisplayValue":"Redbridge Chaqueta de cuero sintético para hombre con capucha Rojo L","Label":"Title","Locale":"es_ES"}},"Offers":{"Summaries":[{"Condition":{"Value":"Used"},"LowestPrice":{"Amount":128.6,"Currency":"EUR","DisplayAmount":"128,60 €"}},{"Condition":{"Value":"New"},"LowestPrice":{"Amount":129.9,"Currency":"EUR","DisplayAmount":"129,90 €"}}]}},{"ASIN":"B07W4XH13B","DetailPageURL":"https://www.amazon.es/dp/B07W4XH13B?tag=topinalambricos-21&linkCode=osi&th=1&psc=1","Images":{"Primary":{"Small":{"Height":75,"URL":"https://m.media-amazon.com/images/I/515u7noydXL._SL75_.jpg","Width":56}}},"ItemInfo":{"ByLineInfo":{"Brand":{"DisplayValue":"Redbridge","Label":"Brand","Locale":"es_ES"}},"Title":{"DisplayValue":"Redbridge Chaqueta de cuero sintético para hombre Cazadora de transición acanalada Rojo M","Label":"Title","Locale":"es_ES"}},"Offers":{"Summaries":[{"Condition":{"Value":"New"},"LowestPrice":{"Amount":79.9,"Currency":"EUR","DisplayAmount":"79,90 €"}}]}},{"ASIN":"B01D204LW2","DetailPageURL":"https://www.amazon.es/dp/B01D204LW2?tag=topinalambricos-21&linkCode=osi&th=1&psc=1","Images":{"Primary":{"Small":{"Height":75,"URL":"https://m.media-amazon.com/images/I/51rqiLCBywL._SL75_.jpg","Width":56}}},"ItemInfo":{"ByLineInfo":{"Brand":{"DisplayValue":"Redbridge","Label":"Brand","Locale":"es_ES"},"Manufacturer":{"DisplayValue":"REDBRIDGE","Label":"Manufacturer","Locale":"es_ES"}},"Title":{"DisplayValue":"Red Bridge Hombres Chaqueta Cuero Sintético Transición Acanalada Moda Casuales Algodón Jacket","Label":"Title","Locale":"es_ES"}},"Offers":{"Summaries":[{"Condition":{"Value":"New"},"LowestPrice":{"Amount":79.9,"Currency":"EUR","DisplayAmount":"79,90 €"}}]}},{"ASIN":"B0BBSW174Y","DetailPageURL":"https://www.amazon.es/dp/B0BBSW174Y?tag=topinalambricos-21&linkCode=osi&th=1&psc=1","Images":{"Primary":{"Small":{"Height":75,"URL":"https://m.media-amazon.com/images/I/41Iv74N0lNL._SL75_.jpg","Width":51}}},"ItemInfo":{"ByLineInfo":{"Brand":{"DisplayValue":"KOROSHI MANIAKS GRAPHIC DESIGN TM","Label":"Brand","Locale":"es_ES"},"Manufacturer":{"DisplayValue":"Koroshi","Label":"Manufacturer","Locale":"es_ES"}},"Title":{"DisplayValue":"Koroshi Chaqueta Cazadora Cuero sintético Efecto Piel para Hombre Rojo, M","Label":"Title","Locale":"es_ES"}},"Offers":{"Summaries":[{"Condition":{"Value":"New"},"LowestPrice":{"Amount":59.99,"Currency":"EUR","DisplayAmount":"59,99 €"}}]}},{"ASIN":"B0BBSWKZ59","DetailPageURL":"https://www.amazon.es/dp/B0BBSWKZ59?tag=topinalambricos-21&linkCode=osi&th=1&psc=1","Images":{"Primary":{"Small":{"Height":75,"URL":"https://m.media-amazon.com/images/I/41kUjJFm1jL._SL75_.jpg","Width":51}}},"ItemInfo":{"ByLineInfo":{"Brand":{"DisplayValue":"KOROSHI MANIAKS GRAPHIC DESIGN TM","Label":"Brand","Locale":"es_ES"},"Manufacturer":{"DisplayValue":"Koroshi","Label":"Manufacturer","Locale":"es_ES"}},"Title":{"DisplayValue":"Koroshi Chaqueta Cazadora Cuero sintético Efecto Piel con Capucha para Hombre Color Rojo Berenjena Rojo, M","Label":"Title","Locale":"es_ES"}},"Offers":{"Summaries":[{"Condition":{"Value":"New"},"LowestPrice":{"Amount":69.99,"Currency":"EUR","DisplayAmount":"69,99 €"}}]}},{"ASIN":"B07PKMDJ8W","DetailPageURL":"https://www.amazon.es/dp/B07PKMDJ8W?tag=topinalambricos-21&linkCode=osi&th=1&psc=1","Images":{"Primary":{"Small":{"Height":75,"URL":"https://m.media-amazon.com/images/I/41MAVl-GTiL._SL75_.jpg","Width":57}}},"ItemInfo":{"ByLineInfo":{"Brand":{"DisplayValue":"Wantdo","Label":"Brand","Locale":"es_ES"}},"Title":{"DisplayValue":"Wantdo Chaqueta Gorditas de Invierno Cazadora Piel con Capucha Chaqueta de Polipiel Negra Cazadora Piel Vino Rojo(Gruesa) M","Label":"Title","Locale":"es_ES"}},"Offers":{"Summaries":[{"Condition":{"Value":"New"},"LowestPrice":{"Amount":59.99,"Currency":"EUR","DisplayAmount":"59,99 €"}}]}},{"ASIN":"B09C7Y2HST","DetailPageURL":"https://www.amazon.es/dp/B09C7Y2HST?tag=topinalambricos-21&linkCode=osi&th=1&psc=1","Images":{"Primary":{"Small":{"Height":75,"URL":"https://m.media-amazon.com/images/I/41SI5yEOdUL._SL75_.jpg","Width":75}}},"ItemInfo":{"ByLineInfo":{"Brand":{"DisplayValue":"LSSM","Label":"Brand","Locale":"es_ES"}},"Title":{"DisplayValue":"LSSM OtoñO E Invierno Moda Botones De Color SóLido Cremallera Costura Cuello De Piel Chaquetas De Cuero Para Hombres Acolchada Chaqueta De Hombres Cuero SintéTica Rojo Xxl","Label":"Title","Locale":"es_ES"}},"Offers":{"Summaries":[{"Condition":{"Value":"New"},"LowestPrice":{"Amount":57.0,"Currency":"EUR","DisplayAmount":"57,00 €"}}]}},{"ASIN":"B095KSGGDY","DetailPageURL":"https://www.amazon.es/dp/B095KSGGDY?tag=topinalambricos-21&linkCode=osi&th=1&psc=1","Images":{"Primary":{"Small":{"Height":75,"URL":"https://m.media-amazon.com/images/I/51TT2Fswa9L._SL75_.jpg","Width":56}}},"ItemInfo":{"ByLineInfo":{"Brand":{"DisplayValue":"Elara","Label":"Brand","Locale":"es_ES"}},"Title":{"DisplayValue":"Elara La Chaqueta de Cuero Genuino de Los Hombres Chunkyrayan P 70015 Red-48 (L)","Label":"Title","Locale":"es_ES"}},"Offers":{"Summaries":[{"Condition":{"Value":"New"},"LowestPrice":{"Amount":111.9,"Currency":"EUR","DisplayAmount":"111,90 €"}}]}},{"ASIN":"B093298H1K","DetailPageURL":"https://www.amazon.es/dp/B093298H1K?tag=topinalambricos-21&linkCode=osi&th=1&psc=1","Images":{"Primary":{"Small":{"Height":75,"URL":"https://m.media-amazon.com/images/I/51IpjNsv9DS._SL75_.jpg","Width":67}}},"ItemInfo":{"ByLineInfo":{"Brand":{"DisplayValue":"Rock Rebel by EMP","Label":"Brand","Locale":"es_ES"},"Manufacturer":{"DisplayValue":"E.M.P.","Label":"Manufacturer","Locale":"es_ES"}},"Title":{"DisplayValue":"Rock Rebel by EMP Chaqueta biker piel negra/roja Hombre Chaqueta de Cuero negro/rojo M 100% cuero","Label":"Title","Locale":"es_ES"}},"Offers":{"Summaries":[{"Condition":{"Value":"New"},"LowestPrice":{"Amount":283.99,"Currency":"EUR","DisplayAmount":"283,99 €"}}]}},{"ASIN":"B0BMZFCV9T","DetailPageURL":"https://www.amazon.es/dp/B0BMZFCV9T?tag=topinalambricos-21&linkCode=osi&th=1&psc=1","Images":{"Primary":{"Small":{"Height":75,"URL":"https://m.media-amazon.com/images/I/41JIr-hwdCL._SL75_.jpg","Width":49}}},"ItemInfo":{"ByLineInfo":{"Brand":{"DisplayValue":"Naxxramas","Label":"Brand","Locale":"es_ES"},"Manufacturer":{"DisplayValue":"Naxxramas","Label":"Manufacturer","Locale":"es_ES"}},"Title":{"DisplayValue":"Naxxramas Chaqueta de Cuero para Hombre, Traje de Motocicleta, Chaqueta de Ocio Al Aire Libre Clásico Chaqueta Moda (Rojo,M)","Label":"Title","Locale":"es_ES"}},"Offers":{"Summaries":[{"Condition":{"Value":"New"},"LowestPrice":{"Amount":57.99,"Currency":"EUR","DisplayAmount":"57,99 €"}}]}}],"SearchURL":"https://www.amazon.es/s?k=cuero+rojo&rh=n%3A3074196031%2Cp_n_availability%3A-1&tag=topinalambricos-21&linkCode=osi","TotalResultCount":647}},"7":{"SearchResult":{"Items":[{"ASIN":"B07G4CNMYC","DetailPageURL":"https://www.amazon.es/dp/B07G4CNMYC?tag=topinalambricos-21&linkCode=osi&th=1&psc=1","Images":{"Primary":{"Small":{"Height":75,"URL":"https://m.media-amazon.com/images/I/414cwoFkFJL._SL75_.jpg","Width":57}}},"ItemInfo":{"ByLineInfo":{"Brand":{"DisplayValue":"Only & Sons","Label":"Brand","Locale":"es_ES"},"Manufacturer":{"DisplayValue":"ONLY & SONS","Label":"Manufacturer","Locale":"es_ES"}},"Title":{"DisplayValue":"Only & Sons Onsal PU Noos Otw Chaqueta, Negro (Black), X-Large para Hombre","Label":"Title","Locale":"es_ES"}},"Offers":{"Summaries":[{"Condition":{"Value":"New"},"LowestPrice":{"Amount":34.97,"Currency":"EUR","DisplayAmount":"34,97 €"}}]}},{"ASIN":"B07DXMCJW7","DetailPageURL":"https://www.amazon.es/dp/B07DXMCJW7?tag=topinalambricos-21&linkCode=osi&th=1&psc=1","Images":{"Primary":{"Small":{"Height":75,"URL":"https://m.media-amazon.com/images/I/51kAu0YM5dL._SL75_.jpg","Width":56}}},"ItemInfo":{"ByLineInfo":{"Brand":{"DisplayValue":"Redbridge","Label":"Brand","Locale":"es_ES"}},"Title":{"DisplayValue":"Redbridge Chaqueta de Hombres Cuero Sintético Moda Casual Negro M","Label":"Title","Locale":"es_ES"}},"Offers":{"Summaries":[{"Condition":{"Value":"New"},"LowestPrice":{"Amount":69.9,"Currency":"EUR","DisplayAmount":"69,90 €"}}]}},{"ASIN":"B09BQSMT86","DetailPageURL":"https://www.amazon.es/dp/B09BQSMT86?tag=topinalambricos-21&linkCode=osi&th=1&psc=1","Images":{"Primary":{"Small":{"Height":75,"URL":"https://m.media-amazon.com/images/I/41OXDViFx6L._SL75_.jpg","Width":57}}},"ItemInfo":{"ByLineInfo":{"Brand":{"DisplayValue":"Freaky Nation","Label":"Brand","Locale":"es_ES"},"Manufacturer":{"DisplayValue":"Freaky Nation","Label":"Manufacturer","Locale":"es_ES"}},"Title":{"DisplayValue":"Freaky Nation Cool Levi-fn Chaqueta de Cuero, Negro, L para Hombre","Label":"Title","Locale":"es_ES"}},"Offers":{"Summaries":[{"Condition":{"Value":"New"},"LowestPrice":{"Amount":125.36,"Currency":"EUR","DisplayAmount":"125,36 €"}}]}},{"ASIN":"B00CGFVPRO","DetailPageURL":"https://www.amazon.es/dp/B00CGFVPRO?tag=topinalambricos-21&linkCode=osi&th=1&psc=1","Images":{"Primary":{"Small":{"Height":75,"URL":"https://m.media-amazon.com/images/I/51KqIAjASiL._SL75_.jpg","Width":75}}},"ItemInfo":{"ByLineInfo":{"Brand":{"DisplayValue":"Schott","Label":"Brand","Locale":"es_ES"},"Manufacturer":{"DisplayValue":"SCHOTT","Label":"Manufacturer","Locale":"es_ES"}},"Title":{"DisplayValue":"Schott Hombre Lc930d Chaqueta Not Applicable, Negro (Black), (Talla del Fabricante: X-Large)","Label":"Title","Locale":"es_ES"}},"Offers":{"Summaries":[{"Condition":{"Value":"New"},"LowestPrice":{"Amount":233.66,"Currency":"EUR","DisplayAmount":"233,66 €"}}]}},{"ASIN":"B016VO0ZA8","DetailPageURL":"https://www.amazon.es/dp/B016VO0ZA8?tag=topinalambricos-21&linkCode=osi&th=1&psc=1","Images":{"Primary":{"Small":{"Height":75,"URL":"https://m.media-amazon.com/images/I/41x9kTbi4cL._SL75_.jpg","Width":51}}},"ItemInfo":{"ByLineInfo":{"Brand":{"DisplayValue":"Redbridge","Label":"Brand","Locale":"es_ES"}},"Title":{"DisplayValue":"Red Bridge Chaqueta de combinación de Cuero y Jeans Biker para Hombre Negro","Label":"Title","Locale":"es_ES"}},"Offers":{"Summaries":[{"Condition":{"Value":"New"},"LowestPrice":{"Amount":59.9,"Currency":"EUR","DisplayAmount":"59,90 €"}}]}},{"ASIN":"B084N45LCR","DetailPageURL":"https://www.amazon.es/dp/B084N45LCR?tag=topinalambricos-21&linkCode=osi&th=1&psc=1","Images":{"Primary":{"Small":{"Height":75,"URL":"https://m.media-amazon.com/images/I/41dDQrUKqUL._SL75_.jpg","Width":57}}},"ItemInfo":{"ByLineInfo":{"Brand":{"DisplayValue":"Schott NYC","Label":"Brand","Locale":"es_ES"},"Manufacturer":{"DisplayValue":"Schott nyc","Label":"Manufacturer","Locale":"es_ES"}},"Title":{"DisplayValue":"Schott NYC Lc1140wx Chaqueta de Cuero, Negro, XX-Large para Hombre","Label":"Title","Locale":"es_ES"}},"Offers":{"Summaries":[{"Condition":{"Value":"New"},"LowestPrice":{"Amount":449.0,"Currency":"EUR","DisplayAmount":"449,00 €"}}]}},{"ASIN":"B0BBSXMNKN","DetailPageURL":"https://www.amazon.es/dp/B0BBSXMNKN?tag=topinalambricos-21&linkCode=osi&th=1&psc=1","Images":{"Primary":{"Small":{"Height":75,"URL":"https://m.media-amazon.com/images/I/41dOkYn58hL._SL75_.jpg","Width":51}}},"ItemInfo":{"ByLineInfo":{"Brand":{"DisplayValue":"KOROSHI MANIAKS GRAPHIC DESIGN TM","Label":"Brand","Locale":"es_ES"},"Manufacturer":{"DisplayValue":"Koroshi","Label":"Manufacturer","Locale":"es_ES"}},"Title":{"DisplayValue":"Koroshi Chaqueta Cazadora Efecto Piel con Cuello Mao con Capucha para Hombre Color Negro Negro, L","Label":"Title","Locale":"es_ES"}},"Offers":{"Summaries":[{"Condition":{"Value":"New"},"LowestPrice":{"Amount":69.99,"Currency":"EUR","DisplayAmount":"69,99 €"}}]}},{"ASIN":"B07JZVFMHD","DetailPageURL":"https://www.amazon.es/dp/B07JZVFMHD?tag=topinalambricos-21&linkCode=osi&th=1&psc=1","Images":{"Primary":{"Small":{"Height":75,"URL":"https://m.media-amazon.com/images/I/51LC87Fsk-S._SL75_.jpg","Width":75}}},"ItemInfo":{"ByLineInfo":{"Brand":{"DisplayValue":"Jack & Jones","Label":"Brand","Locale":"es_ES"},"Manufacturer":{"DisplayValue":"JACK & JONES","Label":"Manufacturer","Locale":"es_ES"}},"Title":{"DisplayValue":"Jack & Jones Jcorocky Jacket Noos Chaqueta, Negro, L para Hombre","Label":"Title","Locale":"es_ES"}},"Offers":{"Summaries":[{"Condition":{"Value":"New"},"LowestPrice":{"Amount":49.81,"Currency":"EUR","DisplayAmount":"49,81 €"}}]}},{"ASIN":"B07MXQ9Y44","DetailPageURL":"https://www.amazon.es/dp/B07MXQ9Y44?tag=topinalambricos-21&linkCode=osi&th=1&psc=1","Images":{"Primary":{"Small":{"Height":75,"URL":"https://m.media-amazon.com/images/I/41qLNGfwOzL._SL75_.jpg","Width":57}}},"ItemInfo":{"ByLineInfo":{"Brand":{"DisplayValue":"Jack & Jones","Label":"Brand","Locale":"es_ES"}},"Title":{"DisplayValue":"Jack & Jones Jcorocky Noos - Chaqueta para hombre Negro XS","Label":"Title","Locale":"es_ES"}},"Offers":{"Summaries":[{"Condition":{"Value":"New"},"LowestPrice":{"Amount":47.49,"Currency":"EUR","DisplayAmount":"47,49 €"}}]}},{"ASIN":"B07KKMBLRP","DetailPageURL":"https://www.amazon.es/dp/B07KKMBLRP?tag=topinalambricos-21&linkCode=osi&th=1&psc=1","Images":{"Primary":{"Small":{"Height":75,"URL":"https://m.media-amazon.com/images/I/41VWGoKa9dL._SL75_.jpg","Width":56}}},"ItemInfo":{"ByLineInfo":{"Brand":{"DisplayValue":"Redbridge","Label":"Brand","Locale":"es_ES"},"Manufacturer":{"DisplayValue":"Redbridge","Label":"Manufacturer","Locale":"es_ES"}},"Title":{"DisplayValue":"Redbridge Chaqueta de imitación de cuero para hombre con capucha Negro L","Label":"Title","Locale":"es_ES"}},"Offers":{"Summaries":[{"Condition":{"Value":"New"},"LowestPrice":{"Amount":139.7,"Currency":"EUR","DisplayAmount":"139,70 €"}}]}}],"SearchURL":"https://www.amazon.es/s?k=cuero+negro&rh=n%3A3074196031%2Cp_n_availability%3A-1&tag=topinalambricos-21&linkCode=osi","TotalResultCount":57863}},"8":{"SearchResult":{"Items":[{"ASIN":"B01BRHTI3E","DetailPageURL":"https://www.amazon.es/dp/B01BRHTI3E?tag=topinalambricos-21&linkCode=osi&th=1&psc=1","Images":{"Primary":{"Small":{"Height":66,"URL":"https://m.media-amazon.com/images/I/41Y+bwqxywL._SL75_.jpg","Width":75}}},"ItemInfo":{"ByLineInfo":{"Brand":{"DisplayValue":"Bohmberg","Label":"Brand","Locale":"es_ES"},"Manufacturer":{"DisplayValue":"Bohmberg","Label":"Manufacturer","Locale":"es_ES"}},"Title":{"DisplayValue":"Bohmberg Premium- Chaqueta pesada de motociclista 100% cuero duradero para hombre - M","Label":"Title","Locale":"es_ES"}},"Offers":{"Summaries":[{"Condition":{"Value":"New"},"LowestPrice":{"Amount":179.9,"Currency":"EUR","DisplayAmount":"179,90 €"}}]}},{"ASIN":"B07KF4TFMZ","DetailPageURL":"https://www.amazon.es/dp/B07KF4TFMZ?tag=topinalambricos-21&linkCode=osi&th=1&psc=1","Images":{"Primary":{"Small":{"Height":75,"URL":"https://m.media-amazon.com/images/I/31ihQ6owYZL._SL75_.jpg","Width":57}}},"ItemInfo":{"ByLineInfo":{"Brand":{"DisplayValue":"Levi's","Label":"Brand","Locale":"es_ES"},"Manufacturer":{"DisplayValue":"Levi's","Label":"Manufacturer","Locale":"es_ES"}},"Title":{"DisplayValue":"Levi's Type 3 Sherpa Trucker Chaqueta Hombre Berk (Negro) L","Label":"Title","Locale":"es_ES"}},"Offers":{"Summaries":[{"Condition":{"Value":"Used"},"LowestPrice":{"Amount":74.81,"Currency":"EUR","DisplayAmount":"74,81 €"}},{"Condition":{"Value":"New"},"LowestPrice":{"Amount":90.22,"Currency":"EUR","DisplayAmount":"90,22 €"}}]}},{"ASIN":"B07KLYYKVV","DetailPageURL":"https://www.amazon.es/dp/B07KLYYKVV?tag=topinalambricos-21&linkCode=osi&th=1&psc=1","Images":{"Primary":{"Small":{"Height":75,"URL":"https://m.media-amazon.com/images/I/51NdyvgC0WL._SL75_.jpg","Width":56}}},"ItemInfo":{"ByLineInfo":{"Brand":{"DisplayValue":"Redbridge","Label":"Brand","Locale":"es_ES"}},"Title":{"DisplayValue":"Red Bridge Hombres Chaqueta Cuero Sintético Transición Acanalada Moda Casuales Algodón Jacket","Label":"Title","Locale":"es_ES"}},"Offers":{"Summaries":[{"Condition":{"Value":"New"},"LowestPrice":{"Amount":79.9,"Currency":"EUR","DisplayAmount":"79,90 €"}}]}},{"ASIN":"B07VPPQ6DS","DetailPageURL":"https://www.amazon.es/dp/B07VPPQ6DS?tag=topinalambricos-21&linkCode=osi&th=1&psc=1","Images":{"Primary":{"Small":{"Height":75,"URL":"https://m.media-amazon.com/images/I/51ty6AT+gCL._SL75_.jpg","Width":56}}},"ItemInfo":{"ByLineInfo":{"Brand":{"DisplayValue":"Redbridge","Label":"Brand","Locale":"es_ES"},"Manufacturer":{"DisplayValue":"Red Bridge","Label":"Manufacturer","Locale":"es_ES"}},"Title":{"DisplayValue":"Redbridge Chaqueta de cuero sintético para hombre Cazadora de transición acanalada Marrón M","Label":"Title","Locale":"es_ES"}},"Offers":{"Summaries":[{"Condition":{"Value":"New"},"LowestPrice":{"Amount":91.89,"Currency":"EUR","DisplayAmount":"91,89 €"}}]}},{"ASIN":"B073DFNFF1","DetailPageURL":"https://www.amazon.es/dp/B073DFNFF1?tag=topinalambricos-21&linkCode=osi&th=1&psc=1","Images":{"Primary":{"Small":{"Height":75,"URL":"https://m.media-amazon.com/images/I/41S87Nd9oML._SL75_.jpg","Width":56}}},"ItemInfo":{"ByLineInfo":{"Brand":{"DisplayValue":"Aviatrix","Label":"Brand","Locale":"es_ES"}},"Title":{"DisplayValue":"Aviatrix Chaqueta Biker para Hombre con Cinturon En Piel De Vacuno Real O Piel De Oveja Autentica (N2KG)","Label":"Title","Locale":"es_ES"}},"Offers":{"Summaries":[{"Condition":{"Value":"New"},"LowestPrice":{"Amount":119.99,"Currency":"EUR","DisplayAmount":"119,99 €"}}]}},{"ASIN":"B013RQWQDC","DetailPageURL":"https://www.amazon.es/dp/B013RQWQDC?tag=topinalambricos-21&linkCode=osi&th=1&psc=1","Images":{"Primary":{"Small":{"Height":75,"URL":"https://m.media-amazon.com/images/I/41r-fVmI7FL._SL75_.jpg","Width":57}}},"ItemInfo":{"ByLineInfo":{"Brand":{"DisplayValue":"Oakwood","Label":"Brand","Locale":"es_ES"},"Manufacturer":{"DisplayValue":"Oakwood","Label":"Manufacturer","Locale":"es_ES"}},"Title":{"DisplayValue":"Oakwood 60901 - Chaqueta impermeable de manga larga para hombre, Color Negro, Talla X-Large","Label":"Title","Locale":"es_ES"}},"Offers":{"Summaries":[{"Condition":{"Value":"New"},"LowestPrice":{"Amount":164.0,"Currency":"EUR","DisplayAmount":"164,00 €"}}]}},{"ASIN":"B08FXT5114","DetailPageURL":"https://www.amazon.es/dp/B08FXT5114?tag=topinalambricos-21&linkCode=osi&th=1&psc=1","Images":{"Primary":{"Small":{"Height":75,"URL":"https://m.media-amazon.com/images/I/41TQa8EhvfL._SL75_.jpg","Width":56}}},"ItemInfo":{"ByLineInfo":{"Brand":{"DisplayValue":"Aviatrix","Label":"Brand","Locale":"es_ES"}},"Title":{"DisplayValue":"Aviatrix Chaqueta De Cuero Clasico De Moda De Los Hombres (AGQ5)","Label":"Title","Locale":"es_ES"}},"Offers":{"Summaries":[{"Condition":{"Value":"New"},"LowestPrice":{"Amount":129.99,"Currency":"EUR","DisplayAmount":"129,99 €"}}]}},{"ASIN":"B01HZPXZCM","DetailPageURL":"https://www.amazon.es/dp/B01HZPXZCM?tag=topinalambricos-21&linkCode=osi&th=1&psc=1","Images":{"Primary":{"Small":{"Height":75,"URL":"https://m.media-amazon.com/images/I/415nWK2WAoL._SL75_.jpg","Width":57}}},"ItemInfo":{"ByLineInfo":{"Brand":{"DisplayValue":"Urban Leather","Label":"Brand","Locale":"es_ES"},"Manufacturer":{"DisplayValue":"Ur Leather","Label":"Manufacturer","Locale":"es_ES"}},"Title":{"DisplayValue":"Chaqueta Moto Hombre en Cuero 58 Gents | Cazadora de Moto de Piel de Cordero | Armadura Removible para Espalda, Hombros y Codos Aprobada por la CE | Negro | M","Label":"Title","Locale":"es_ES"}},"Offers":{"Summaries":[{"Condition":{"Value":"New"},"LowestPrice":{"Amount":129.51,"Currency":"EUR","DisplayAmount":"129,51 €"}}]}},{"ASIN":"B01M31O7AT","DetailPageURL":"https://www.amazon.es/dp/B01M31O7AT?tag=topinalambricos-21&linkCode=osi&th=1&psc=1","Images":{"Primary":{"Small":{"Height":75,"URL":"https://m.media-amazon.com/images/I/518hTOBnQiL._SL75_.jpg","Width":56}}},"ItemInfo":{"ByLineInfo":{"Brand":{"DisplayValue":"Aviatrix","Label":"Brand","Locale":"es_ES"}},"Title":{"DisplayValue":"Aviatrix Chaqueta De Cuero Super Suave con Distintivos De Aviacion para Hombres (9079)","Label":"Title","Locale":"es_ES"}},"Offers":{"Summaries":[{"Condition":{"Value":"New"},"LowestPrice":{"Amount":129.99,"Currency":"EUR","DisplayAmount":"129,99 €"}}]}},{"ASIN":"B07V86TMTF","DetailPageURL":"https://www.amazon.es/dp/B07V86TMTF?tag=topinalambricos-21&linkCode=osi&th=1&psc=1","Images":{"Primary":{"Small":{"Height":75,"URL":"https://m.media-amazon.com/images/I/31zA1M3H3UL._SL75_.jpg","Width":75}}},"ItemInfo":{"ByLineInfo":{"Brand":{"DisplayValue":"Fjallraven","Label":"Brand","Locale":"es_ES"},"Manufacturer":{"DisplayValue":"Fjallraven","Label":"Manufacturer","Locale":"es_ES"}},"Title":{"DisplayValue":"Fjallraven Sörmland Padded Jacket M Sport, Hombre, Deep Forest","Label":"Title","Locale":"es_ES"}},"Offers":{"Summaries":[{"Condition":{"Value":"New"},"LowestPrice":{"Amount":389.99,"Currency":"EUR","DisplayAmount":"389,99 €"}}]}}],"SearchURL":"https://www.amazon.es/s?k=cuero+buena&rh=n%3A3074196031%2Cp_n_availability%3A-1&tag=topinalambricos-21&linkCode=osi","TotalResultCount":21}},"9":{"SearchResult":{"Items":[{"ASIN":"B0769NKZ7L","DetailPageURL":"https://www.amazon.es/dp/B0769NKZ7L?tag=topinalambricos-21&linkCode=osi&th=1&psc=1","Images":{"Primary":{"Small":{"Height":75,"URL":"https://m.media-amazon.com/images/I/31vQO+faWRL._SL75_.jpg","Width":56}}},"ItemInfo":{"ByLineInfo":{"Brand":{"DisplayValue":"Only","Label":"Brand","Locale":"es_ES"},"Manufacturer":{"DisplayValue":"ONLY","Label":"Manufacturer","Locale":"es_ES"}},"Title":{"DisplayValue":"Only ONLGEMMA Faux Leather Biker OTW Noos Chaqueta, Negro (Black Black), 40 para Mujer","Label":"Title","Locale":"es_ES"}},"Offers":{"Summaries":[{"Condition":{"Value":"Used"},"LowestPrice":{"Amount":24.18,"Currency":"EUR","DisplayAmount":"24,18 €"}},{"Condition":{"Value":"New"},"LowestPrice":{"Amount":32.98,"Currency":"EUR","DisplayAmount":"32,98 €"}}]}},{"ASIN":"B00DVI6UZW","DetailPageURL":"https://www.amazon.es/dp/B00DVI6UZW?tag=topinalambricos-21&linkCode=osi&th=1&psc=1","Images":{"Primary":{"Small":{"Height":75,"URL":"https://m.media-amazon.com/images/I/51g9CIj6jsL._SL75_.jpg","Width":56}}},"ItemInfo":{"ByLineInfo":{"Brand":{"DisplayValue":"Only","Label":"Brand","Locale":"es_ES"},"Contributors":[{"Locale":"es_ES","Name":"Only","Role":"Diseñador","RoleType":"designer"}],"Manufacturer":{"DisplayValue":"ONLY","Label":"Manufacturer","Locale":"es_ES"}},"Title":{"DisplayValue":"Only Bandit PU Biker Chaqueta, Negro (Black C N 010), 36 (S) para Mujer","Label":"Title","Locale":"es_ES"}},"Offers":{"Summaries":[{"Condition":{"Value":"New"},"LowestPrice":{"Amount":32.0,"Currency":"EUR","DisplayAmount":"32,00 €"}}]}},{"ASIN":"B085MTD5HX","DetailPageURL":"https://www.amazon.es/dp/B085MTD5HX?tag=topinalambricos-21&linkCode=osi&th=1&psc=1","Images":{"Primary":{"Small":{"Height":75,"URL":"https://m.media-amazon.com/images/I/413OPcuPr2L._SL75_.jpg","Width":57}}},"ItemInfo":{"ByLineInfo":{"Brand":{"DisplayValue":"ONLY Carmakoma","Label":"Brand","Locale":"es_ES"},"Manufacturer":{"DisplayValue":"ONLY Carmakoma","Label":"Manufacturer","Locale":"es_ES"}},"Title":{"DisplayValue":"ONLY Carmakoma Carrobber Faux Leather Jacket Noos Chaqueta de Cuero, Negro, 52 para Mujer","Label":"Title","Locale":"es_ES"}},"Offers":{"Summaries":[{"Condition":{"Value":"New"},"LowestPrice":{"Amount":42.51,"Currency":"EUR","DisplayAmount":"42,51 €"}}]}},{"ASIN":"B09B71LQNN","DetailPageURL":"https://www.amazon.es/dp/B09B71LQNN?tag=topinalambricos-21&linkCode=osi&th=1&psc=1","Images":{"Primary":{"Small":{"Height":75,"URL":"https://m.media-amazon.com/images/I/41+3SbnGIvL._SL75_.jpg","Width":57}}},"ItemInfo":{"ByLineInfo":{"Brand":{"DisplayValue":"JDY","Label":"Brand","Locale":"es_ES"},"Manufacturer":{"DisplayValue":"Bestseller A/S","Label":"Manufacturer","Locale":"es_ES"}},"Title":{"DisplayValue":"JDY JDYemily Faux Leather Jacket Otw Noos Chaqueta de Cuero sinttico, Negro, 40 para Mujer","Label":"Title","Locale":"es_ES"}},"Offers":{"Summaries":[{"Condition":{"Value":"New"},"LowestPrice":{"Amount":20.95,"Currency":"EUR","DisplayAmount":"20,95 €"}}]}},{"ASIN":"B0BN65FRPZ","DetailPageURL":"https://www.amazon.es/dp/B0BN65FRPZ?tag=topinalambricos-21&linkCode=osi&th=1&psc=1","Images":{"Primary":{"Small":{"Height":75,"URL":"https://m.media-amazon.com/images/I/41oYbM9cCEL._SL75_.jpg","Width":75}}},"ItemInfo":{"ByLineInfo":{"Brand":{"DisplayValue":"Zerimar","Label":"Brand","Locale":"es_ES"},"Manufacturer":{"DisplayValue":"Zerimar","Label":"Manufacturer","Locale":"es_ES"}},"Title":{"DisplayValue":"Zerimar Chaqueta Mujer Invierno Cuero | Cazadora de Piel Casual | Chaqueta Mujer | Cazadora para Mujer Piel | Chaqueta Cuero (Rojo, M)","Label":"Title","Locale":"es_ES"}},"Offers":{"Summaries":[{"Condition":{"Value":"New"},"LowestPrice":{"Amount":279.0,"Currency":"EUR","DisplayAmount":"279,00 €"}}]}},{"ASIN":"B09HHKH5VW","DetailPageURL":"https://www.amazon.es/dp/B09HHKH5VW?tag=topinalambricos-21&linkCode=osi&th=1&psc=1","Images":{"Primary":{"Small":{"Height":75,"URL":"https://m.media-amazon.com/images/I/411Q4YitSQL._SL75_.jpg","Width":56}}},"ItemInfo":{"ByLineInfo":{"Brand":{"DisplayValue":"NOISY MAY","Label":"Brand","Locale":"es_ES"},"Manufacturer":{"DisplayValue":"Bestseller Textilhandels GmbH","Label":"Manufacturer","Locale":"es_ES"}},"Title":{"DisplayValue":"NOISY MAY Rebel PU Jacket Mujer Chaqueta imitación cuero Negro XXL 100% poliéster","Label":"Title","Locale":"es_ES"}},"Offers":{"Summaries":[{"Condition":{"Value":"New"},"LowestPrice":{"Amount":29.4,"Currency":"EUR","DisplayAmount":"29,40 €"}}]}},{"ASIN":"B0B8SQ7LND","DetailPageURL":"https://www.amazon.es/dp/B0B8SQ7LND?tag=topinalambricos-21&linkCode=osi&th=1&psc=1","Images":{"Primary":{"Small":{"Height":75,"URL":"https://m.media-amazon.com/images/I/31ssuN5gCWL._SL75_.jpg","Width":56}}},"ItemInfo":{"ByLineInfo":{"Brand":{"DisplayValue":"ONLY Carmakoma","Label":"Brand","Locale":"es_ES"},"Manufacturer":{"DisplayValue":"Bestseller A/S","Label":"Manufacturer","Locale":"es_ES"}},"Title":{"DisplayValue":"ONLY Carmakoma CARMELISA Faux Leather Jacket OTW Chaqueta de Cuero sintético, Black, 46 De Las Mujeres","Label":"Title","Locale":"es_ES"}},"Offers":{"Summaries":[{"Condition":{"Value":"New"},"LowestPrice":{"Amount":49.99,"Currency":"EUR","DisplayAmount":"49,99 €"}}]}},{"ASIN":"B07RFRHKZX","DetailPageURL":"https://www.amazon.es/dp/B07RFRHKZX?tag=topinalambricos-21&linkCode=osi&th=1&psc=1","Images":{"Primary":{"Small":{"Height":75,"URL":"https://m.media-amazon.com/images/I/413xXxAVWoL._SL75_.jpg","Width":57}}},"ItemInfo":{"ByLineInfo":{"Brand":{"DisplayValue":"ONLY CARMAKOMA","Label":"Brand","Locale":"es_ES"},"Manufacturer":{"DisplayValue":"ONLY Carmakoma NOS","Label":"Manufacturer","Locale":"es_ES"}},"Title":{"DisplayValue":"ONLY CARMAKOMA Caremmy Faux Leather Biker Noos Chaqueta, Negro (Black), 54 para Mujer","Label":"Title","Locale":"es_ES"}},"Offers":{"Summaries":[{"Condition":{"Value":"New"},"LowestPrice":{"Amount":44.18,"Currency":"EUR","DisplayAmount":"44,18 €"}}]}},{"ASIN":"B09DT1L185","DetailPageURL":"https://www.amazon.es/dp/B09DT1L185?tag=topinalambricos-21&linkCode=osi&th=1&psc=1","Images":{"Primary":{"Small":{"Height":75,"URL":"https://m.media-amazon.com/images/I/31QbVdg9MwL._SL75_.jpg","Width":56}}},"ItemInfo":{"ByLineInfo":{"Brand":{"DisplayValue":"JJXX","Label":"Brand","Locale":"es_ES"},"Manufacturer":{"DisplayValue":"Bestseller A/S","Label":"Manufacturer","Locale":"es_ES"}},"Title":{"DisplayValue":"JJXX Jxgail Faux Leather Biker Jacket Noos Chaqueta de Cuero sinttico, Negro, M para Mujer","Label":"Title","Locale":"es_ES"}},"Offers":{"Summaries":[{"Condition":{"Value":"New"},"LowestPrice":{"Amount":48.99,"Currency":"EUR","DisplayAmount":"48,99 €"}}]}},{"ASIN":"B07585XPN2","DetailPageURL":"https://www.amazon.es/dp/B07585XPN2?tag=topinalambricos-21&linkCode=osi&th=1&psc=1","Images":{"Primary":{"Small":{"Height":75,"URL":"https://m.media-amazon.com/images/I/41pZ+yXH54L._SL75_.jpg","Width":56}}},"ItemInfo":{"ByLineInfo":{"Brand":{"DisplayValue":"NAME IT","Label":"Brand","Locale":"es_ES"},"Manufacturer":{"DisplayValue":"NOISY MAY","Label":"Manufacturer","Locale":"es_ES"}},"Title":{"DisplayValue":"NAME IT Nmrebel L/s PU Jacket-Noos Chaqueta, Negro (Black), 42 (Talla del Fabricante: X-Large) para Mujer","Label":"Title","Locale":"es_ES"}},"Offers":{"Summaries":[{"Condition":{"Value":"New"},"LowestPrice":{"Amount":30.1,"Currency":"EUR","DisplayAmount":"30,10 €"}}]}}],"SearchURL":"https://www.amazon.es/s?k=cuero&rh=n%3A3074066031%2Cp_n_availability%3A-1&tag=topinalambricos-21&linkCode=osi","TotalResultCount":19838}},"10":{"SearchResult":{"Items":[{"ASIN":"B09B71LQNN","DetailPageURL":"https://www.amazon.es/dp/B09B71LQNN?tag=topinalambricos-21&linkCode=osi&th=1&psc=1","Images":{"Primary":{"Small":{"Height":75,"URL":"https://m.media-amazon.com/images/I/41+3SbnGIvL._SL75_.jpg","Width":57}}},"ItemInfo":{"ByLineInfo":{"Brand":{"DisplayValue":"JDY","Label":"Brand","Locale":"es_ES"},"Manufacturer":{"DisplayValue":"Bestseller A/S","Label":"Manufacturer","Locale":"es_ES"}},"Title":{"DisplayValue":"JDY JDYemily Faux Leather Jacket Otw Noos Chaqueta de Cuero sinttico, Negro, 40 para Mujer","Label":"Title","Locale":"es_ES"}},"Offers":{"Summaries":[{"Condition":{"Value":"New"},"LowestPrice":{"Amount":20.95,"Currency":"EUR","DisplayAmount":"20,95 €"}}]}},{"ASIN":"B085MTD5HX","DetailPageURL":"https://www.amazon.es/dp/B085MTD5HX?tag=topinalambricos-21&linkCode=osi&th=1&psc=1","Images":{"Primary":{"Small":{"Height":75,"URL":"https://m.media-amazon.com/images/I/413OPcuPr2L._SL75_.jpg","Width":57}}},"ItemInfo":{"ByLineInfo":{"Brand":{"DisplayValue":"ONLY Carmakoma","Label":"Brand","Locale":"es_ES"},"Manufacturer":{"DisplayValue":"ONLY Carmakoma","Label":"Manufacturer","Locale":"es_ES"}},"Title":{"DisplayValue":"ONLY Carmakoma Carrobber Faux Leather Jacket Noos Chaqueta de Cuero, Negro, 52 para Mujer","Label":"Title","Locale":"es_ES"}},"Offers":{"Summaries":[{"Condition":{"Value":"New"},"LowestPrice":{"Amount":42.51,"Currency":"EUR","DisplayAmount":"42,51 €"}}]}},{"ASIN":"B09PXWQRXQ","DetailPageURL":"https://www.amazon.es/dp/B09PXWQRXQ?tag=topinalambricos-21&linkCode=osi&th=1&psc=1","Images":{"Primary":{"Small":{"Height":75,"URL":"https://m.media-amazon.com/images/I/41fS3vTHQ-L._SL75_.jpg","Width":57}}},"ItemInfo":{"ByLineInfo":{"Brand":{"DisplayValue":"Naf Naf","Label":"Brand","Locale":"es_ES"},"Manufacturer":{"DisplayValue":"Naf Naf","Label":"Manufacturer","Locale":"es_ES"}},"Title":{"DisplayValue":"Naf Naf Chaqueta de Piel, Negro, 40 para Mujer","Label":"Title","Locale":"es_ES"}},"Offers":{"Summaries":[{"Condition":{"Value":"New"},"LowestPrice":{"Amount":62.6,"Currency":"EUR","DisplayAmount":"62,60 €"}}]}},{"ASIN":"B09DT1L185","DetailPageURL":"https://www.amazon.es/dp/B09DT1L185?tag=topinalambricos-21&linkCode=osi&th=1&psc=1","Images":{"Primary":{"Small":{"Height":75,"URL":"https://m.media-amazon.com/images/I/31QbVdg9MwL._SL75_.jpg","Width":56}}},"ItemInfo":{"ByLineInfo":{"Brand":{"DisplayValue":"JJXX","Label":"Brand","Locale":"es_ES"},"Manufacturer":{"DisplayValue":"Bestseller A/S","Label":"Manufacturer","Locale":"es_ES"}},"Title":{"DisplayValue":"JJXX Jxgail Faux Leather Biker Jacket Noos Chaqueta de Cuero sinttico, Negro, M para Mujer","Label":"Title","Locale":"es_ES"}},"Offers":{"Summaries":[{"Condition":{"Value":"New"},"LowestPrice":{"Amount":48.99,"Currency":"EUR","DisplayAmount":"48,99 €"}}]}},{"ASIN":"B09PXJS8XR","DetailPageURL":"https://www.amazon.es/dp/B09PXJS8XR?tag=topinalambricos-21&linkCode=osi&th=1&psc=1","Images":{"Primary":{"Small":{"Height":75,"URL":"https://m.media-amazon.com/images/I/41f5WJ3AwWL._SL75_.jpg","Width":57}}},"ItemInfo":{"ByLineInfo":{"Brand":{"DisplayValue":"Naf Naf","Label":"Brand","Locale":"es_ES"},"Manufacturer":{"DisplayValue":"Naf Naf","Label":"Manufacturer","Locale":"es_ES"}},"Title":{"DisplayValue":"Naf Naf Chaqueta de Piel, Negro, 42 para Mujer","Label":"Title","Locale":"es_ES"}},"Offers":{"Summaries":[{"Condition":{"Value":"New"},"LowestPrice":{"Amount":131.13,"Currency":"EUR","DisplayAmount":"131,13 €"}}]}},{"ASIN":"B09PXRRYSZ","DetailPageURL":"https://www.amazon.es/dp/B09PXRRYSZ?tag=topinalambricos-21&linkCode=osi&th=1&psc=1","Images":{"Primary":{"Small":{"Height":75,"URL":"https://m.media-amazon.com/images/I/41xAE4bK2dL._SL75_.jpg","Width":57}}},"ItemInfo":{"ByLineInfo":{"Brand":{"DisplayValue":"Naf Naf","Label":"Brand","Locale":"es_ES"},"Manufacturer":{"DisplayValue":"Naf Naf","Label":"Manufacturer","Locale":"es_ES"}},"Title":{"DisplayValue":"Naf Naf Chaqueta de Piel, Negro, 40 para Mujer","Label":"Title","Locale":"es_ES"}},"Offers":{"Summaries":[{"Condition":{"Value":"New"},"LowestPrice":{"Amount":113.22,"Currency":"EUR","DisplayAmount":"113,22 €"}}]}},{"ASIN":"B09DT1RPGR","DetailPageURL":"https://www.amazon.es/dp/B09DT1RPGR?tag=topinalambricos-21&linkCode=osi&th=1&psc=1","Images":{"Primary":{"Small":{"Height":75,"URL":"https://m.media-amazon.com/images/I/31QbVdg9MwL._SL75_.jpg","Width":56}}},"ItemInfo":{"ByLineInfo":{"Brand":{"DisplayValue":"JJXX","Label":"Brand","Locale":"es_ES"},"Manufacturer":{"DisplayValue":"Bestseller A/S","Label":"Manufacturer","Locale":"es_ES"}},"Title":{"DisplayValue":"JJXX Jxgail Faux Leather Biker Jacket Noos Chaqueta de Cuero sinttico, Negro, L para Mujer","Label":"Title","Locale":"es_ES"}},"Offers":{"Summaries":[{"Condition":{"Value":"New"},"LowestPrice":{"Amount":48.99,"Currency":"EUR","DisplayAmount":"48,99 €"}}]}},{"ASIN":"B09PY5B497","DetailPageURL":"https://www.amazon.es/dp/B09PY5B497?tag=topinalambricos-21&linkCode=osi&th=1&psc=1","Images":{"Primary":{"Small":{"Height":75,"URL":"https://m.media-amazon.com/images/I/417w4jxjSmL._SL75_.jpg","Width":57}}},"ItemInfo":{"ByLineInfo":{"Brand":{"DisplayValue":"Naf Naf","Label":"Brand","Locale":"es_ES"},"Manufacturer":{"DisplayValue":"Naf Naf","Label":"Manufacturer","Locale":"es_ES"}},"Title":{"DisplayValue":"Naf Naf Chaqueta de Piel, Negro, 38 para Mujer","Label":"Title","Locale":"es_ES"}},"Offers":{"Summaries":[{"Condition":{"Value":"New"},"LowestPrice":{"Amount":75.22,"Currency":"EUR","DisplayAmount":"75,22 €"}}]}},{"ASIN":"B085MSZFFM","DetailPageURL":"https://www.amazon.es/dp/B085MSZFFM?tag=topinalambricos-21&linkCode=osi&th=1&psc=1","Images":{"Primary":{"Small":{"Height":75,"URL":"https://m.media-amazon.com/images/I/413OPcuPr2L._SL75_.jpg","Width":57}}},"ItemInfo":{"ByLineInfo":{"Brand":{"DisplayValue":"ONLY Carmakoma","Label":"Brand","Locale":"es_ES"},"Manufacturer":{"DisplayValue":"ONLY Carmakoma","Label":"Manufacturer","Locale":"es_ES"}},"Title":{"DisplayValue":"ONLY Carmakoma Carrobber Faux Leather Jacket Noos Chaqueta de Cuero, Negro, 48 para Mujer","Label":"Title","Locale":"es_ES"}},"Offers":{"Summaries":[{"Condition":{"Value":"New"},"LowestPrice":{"Amount":42.97,"Currency":"EUR","DisplayAmount":"42,97 €"}}]}},{"ASIN":"B09PXLBJJ3","DetailPageURL":"https://www.amazon.es/dp/B09PXLBJJ3?tag=topinalambricos-21&linkCode=osi&th=1&psc=1","Images":{"Primary":{"Small":{"Height":75,"URL":"https://m.media-amazon.com/images/I/41yznrSxdVL._SL75_.jpg","Width":57}}},"ItemInfo":{"ByLineInfo":{"Brand":{"DisplayValue":"Naf Naf","Label":"Brand","Locale":"es_ES"},"Manufacturer":{"DisplayValue":"Naf Naf","Label":"Manufacturer","Locale":"es_ES"}},"Title":{"DisplayValue":"Naf Naf Chaqueta de Piel, Negro, 40 para Mujer","Label":"Title","Locale":"es_ES"}},"Offers":{"Summaries":[{"Condition":{"Value":"New"},"LowestPrice":{"Amount":135.48,"Currency":"EUR","DisplayAmount":"135,48 €"}}]}}],"SearchURL":"https://www.amazon.es/s?k=cuero+negro&rh=n%3A3074298031%2Cp_n_availability%3A-1&tag=topinalambricos-21&linkCode=osi","TotalResultCount":34257}},"11":{"SearchResult":{"Items":[{"ASIN":"B01MEGJ4OS","DetailPageURL":"https://www.amazon.es/dp/B01MEGJ4OS?tag=topinalambricos-21&linkCode=osi&th=1&psc=1","Images":{"Primary":{"Small":{"Height":75,"URL":"https://m.media-amazon.com/images/I/41-0DvSgd6L._SL75_.jpg","Width":57}}},"ItemInfo":{"ByLineInfo":{"Brand":{"DisplayValue":"Freaky Nation","Label":"Brand","Locale":"es_ES"},"Manufacturer":{"DisplayValue":"Freaky Nation","Label":"Manufacturer","Locale":"es_ES"}},"Title":{"DisplayValue":"Freaky Nation Biker Princess Chaqueta, Rojo (Apple 4068), L para Mujer","Label":"Title","Locale":"es_ES"}},"Offers":{"Summaries":[{"Condition":{"Value":"New"},"LowestPrice":{"Amount":119.0,"Currency":"EUR","DisplayAmount":"119,00 €"}},{"Condition":{"Value":"Used"},"LowestPrice":{"Amount":92.11,"Currency":"EUR","DisplayAmount":"92,11 €"}}]}},{"ASIN":"B08H5GNXYS","DetailPageURL":"https://www.amazon.es/dp/B08H5GNXYS?tag=topinalambricos-21&linkCode=osi&th=1&psc=1","Images":{"Primary":{"Small":{"Height":75,"URL":"https://m.media-amazon.com/images/I/41fdx9++jUL._SL75_.jpg","Width":75}}},"ItemInfo":{"ByLineInfo":{"Brand":{"DisplayValue":"Kaiyei","Label":"Brand","Locale":"es_ES"}},"Title":{"DisplayValue":"Kaiyei Chaquetas de PU Cuero Sintetico Mujer Slim Fit Talla Grande Cuello Alto Primavera Otoño Manga Larga Elegante Jacket Cortas Cazadora Biker con Cremalleras Rojo 4XL","Label":"Title","Locale":"es_ES"}},"Offers":{"Summaries":[{"Condition":{"Value":"New"},"LowestPrice":{"Amount":34.86,"Currency":"EUR","DisplayAmount":"34,86 €"}}]}},{"ASIN":"B08V9BDGJM","DetailPageURL":"https://www.amazon.es/dp/B08V9BDGJM?tag=topinalambricos-21&linkCode=osi&th=1&psc=1","Images":{"Primary":{"Small":{"Height":75,"URL":"https://m.media-amazon.com/images/I/41vCasPXORL._SL75_.jpg","Width":75}}},"ItemInfo":{"ByLineInfo":{"Brand":{"DisplayValue":"Zerimar","Label":"Brand","Locale":"es_ES"},"Manufacturer":{"DisplayValue":"Zerimar","Label":"Manufacturer","Locale":"es_ES"}},"Title":{"DisplayValue":"Zerimar Chaqueta Cazadora Piel | Cazadora Mujer | Chaqueta de Piel Mujer | Cazadora Elegante Mujer | Chaqueta Mujer | Chaqueta Casual para Mujer | Color Rojo Talla S","Label":"Title","Locale":"es_ES"}},"Offers":{"Summaries":[{"Condition":{"Value":"New"},"LowestPrice":{"Amount":189.0,"Currency":"EUR","DisplayAmount":"189,00 €"}}]}},{"ASIN":"B08J4CVDDC","DetailPageURL":"https://www.amazon.es/dp/B08J4CVDDC?tag=topinalambricos-21&linkCode=osi&th=1&psc=1","Images":{"Primary":{"Small":{"Height":75,"URL":"https://m.media-amazon.com/images/I/41L931L2s-L._SL75_.jpg","Width":75}}},"ItemInfo":{"ByLineInfo":{"Brand":{"DisplayValue":"YYNUDA","Label":"Brand","Locale":"es_ES"},"Manufacturer":{"DisplayValue":"YYNUDA","Label":"Manufacturer","Locale":"es_ES"}},"Title":{"DisplayValue":"YYNUDA Chaqueta de piel sintética para mujer, hombres, aviador, moto, piel sintética, con cremallera, cálida y casual Rojo M","Label":"Title","Locale":"es_ES"}},"Offers":{"Summaries":[{"Condition":{"Value":"New"},"LowestPrice":{"Amount":45.99,"Currency":"EUR","DisplayAmount":"45,99 €"}}]}},{"ASIN":"B09ZF7GBZP","DetailPageURL":"https://www.amazon.es/dp/B09ZF7GBZP?tag=topinalambricos-21&linkCode=osi&th=1&psc=1","Images":{"Primary":{"Small":{"Height":75,"URL":"https://m.media-amazon.com/images/I/41sIHA8ZU5L._SL75_.jpg","Width":75}}},"ItemInfo":{"ByLineInfo":{"Brand":{"DisplayValue":"Zerimar","Label":"Brand","Locale":"es_ES"},"Manufacturer":{"DisplayValue":"Zerimar","Label":"Manufacturer","Locale":"es_ES"}},"Title":{"DisplayValue":"Zerimar Chaqueta Cazadora Piel Mujer | Chaqueta Elegante Mujer | Cazadora Mujer | Chaqueta Casual para Mujer | Cazadora Cuero | Color Rojo Talla M","Label":"Title","Locale":"es_ES"}},"Offers":{"Summaries":[{"Condition":{"Value":"New"},"LowestPrice":{"Amount":189.0,"Currency":"EUR","DisplayAmount":"189,00 €"}}]}},{"ASIN":"B01M7YZ96O","DetailPageURL":"https://www.amazon.es/dp/B01M7YZ96O?tag=topinalambricos-21&linkCode=osi&th=1&psc=1","Images":{"Primary":{"Small":{"Height":75,"URL":"https://m.media-amazon.com/images/I/51KW5tUm6kL._SL75_.jpg","Width":56}}},"ItemInfo":{"ByLineInfo":{"Brand":{"DisplayValue":"Aviatrix","Label":"Brand","Locale":"es_ES"}},"Title":{"DisplayValue":"Aviatrix Chaqueta Biker Corta De Cuero Autentico para Mujer con Cremallera Asimetrica (K014)","Label":"Title","Locale":"es_ES"}},"Offers":{"Summaries":[{"Condition":{"Value":"New"},"LowestPrice":{"Amount":99.99,"Currency":"EUR","DisplayAmount":"99,99 €"}}]}},{"ASIN":"B08DNT5W3L","DetailPageURL":"https://www.amazon.es/dp/B08DNT5W3L?tag=topinalambricos-21&linkCode=osi&th=1&psc=1","Images":{"Primary":{"Small":{"Height":75,"URL":"https://m.media-amazon.com/images/I/41ErlNa8BKL._SL75_.jpg","Width":75}}},"ItemInfo":{"ByLineInfo":{"Brand":{"DisplayValue":"YYNUDA","Label":"Brand","Locale":"es_ES"},"Manufacturer":{"DisplayValue":"YYNUDA","Label":"Manufacturer","Locale":"es_ES"}},"Title":{"DisplayValue":"YYNUDA Chaqueta de piel para mujer, chaqueta corta de motorista, cuello de solapa, chaqueta de entretiempo para otoño e invierno, rojo, L","Label":"Title","Locale":"es_ES"}},"Offers":{"Summaries":[{"Condition":{"Value":"New"},"LowestPrice":{"Amount":42.99,"Currency":"EUR","DisplayAmount":"42,99 €"}}]}},{"ASIN":"B09XB3K6JY","DetailPageURL":"https://www.amazon.es/dp/B09XB3K6JY?tag=topinalambricos-21&linkCode=osi&th=1&psc=1","Images":{"Primary":{"Small":{"Height":75,"URL":"https://m.media-amazon.com/images/I/410fHVd+JyL._SL75_.jpg","Width":75}}},"ItemInfo":{"ByLineInfo":{"Brand":{"DisplayValue":"YYNUDA","Label":"Brand","Locale":"es_ES"},"Manufacturer":{"DisplayValue":"YYNUDA","Label":"Manufacturer","Locale":"es_ES"}},"Title":{"DisplayValue":"YYNUDA Chaqueta de Cuero Sintética corta para Mujer Estilo Vintage （Rojo XL）","Label":"Title","Locale":"es_ES"}},"Offers":{"Summaries":[{"Condition":{"Value":"New"},"LowestPrice":{"Amount":45.34,"Currency":"EUR","DisplayAmount":"45,34 €"}}]}},{"ASIN":"B08Y8ZGXKH","DetailPageURL":"https://www.amazon.es/dp/B08Y8ZGXKH?tag=topinalambricos-21&linkCode=osi&th=1&psc=1","Images":{"Primary":{"Small":{"Height":75,"URL":"https://m.media-amazon.com/images/I/310zcs2-AUS._SL75_.jpg","Width":49}}},"ItemInfo":{"ByLineInfo":{"Brand":{"DisplayValue":"JOPHY & CO.","Label":"Brand","Locale":"es_ES"}},"Title":{"DisplayValue":"JOPHY & CO. Chaqueta corta de mujer de piel sintética (cód. 8820) o auténtica piel (cód. 8820/A) con bolsillos, cremalleras y cuello Coreana (Rojo (cod. 8820), S)","Label":"Title","Locale":"es_ES"}},"Offers":{"Summaries":[{"Condition":{"Value":"New"},"LowestPrice":{"Amount":49.5,"Currency":"EUR","DisplayAmount":"49,50 €"}}]}},{"ASIN":"B079VVF5SH","DetailPageURL":"https://www.amazon.es/dp/B079VVF5SH?tag=topinalambricos-21&linkCode=osi&th=1&psc=1","Images":{"Primary":{"Small":{"Height":75,"URL":"https://m.media-amazon.com/images/I/41qrS2JGPhL._SL75_.jpg","Width":54}}},"ItemInfo":{"ByLineInfo":{"Brand":{"DisplayValue":"Gipsy","Label":"Brand","Locale":"es_ES"},"Manufacturer":{"DisplayValue":"Mauritius GmbH","Label":"Manufacturer","Locale":"es_ES"}},"Title":{"DisplayValue":"Gipsy Angy S18 LAMAS Mujer Chaqueta de Cuero Rojo M 100% cuero Regular","Label":"Title","Locale":"es_ES"}},"Offers":{"Summaries":[{"Condition":{"Value":"New"},"LowestPrice":{"Amount":117.99,"Currency":"EUR","DisplayAmount":"117,99 €"}}]}}],"SearchURL":"https://www.amazon.es/s?k=cuero+rojo&rh=n%3A3074298031%2Cp_n_availability%3A-1&tag=topinalambricos-21&linkCode=osi","TotalResultCount":955}},"12":{"SearchResult":{"Items":[{"ASIN":"B00DVI6RHS","DetailPageURL":"https://www.amazon.es/dp/B00DVI6RHS?tag=topinalambricos-21&linkCode=osi&th=1&psc=1","Images":{"Primary":{"Small":{"Height":75,"URL":"https://m.media-amazon.com/images/I/510NjIMXSsL._SL75_.jpg","Width":68}}},"ItemInfo":{"ByLineInfo":{"Brand":{"DisplayValue":"Only","Label":"Brand","Locale":"es_ES"},"Contributors":[{"Locale":"es_ES","Name":"Only","Role":"Diseñador","RoleType":"designer"}],"Manufacturer":{"DisplayValue":"Bestseller A/S","Label":"Manufacturer","Locale":"es_ES"}},"Title":{"DisplayValue":"Only Bandit PU Biker Chaqueta, Marrón (Cognac), 38 (M) para Mujer","Label":"Title","Locale":"es_ES"}},"Offers":{"Summaries":[{"Condition":{"Value":"New"},"LowestPrice":{"Amount":30.07,"Currency":"EUR","DisplayAmount":"30,07 €"}}]}},{"ASIN":"B09PXLPNKW","DetailPageURL":"https://www.amazon.es/dp/B09PXLPNKW?tag=topinalambricos-21&linkCode=osi&th=1&psc=1","Images":{"Primary":{"Small":{"Height":75,"URL":"https://m.media-amazon.com/images/I/41vvKJsYo4L._SL75_.jpg","Width":57}}},"ItemInfo":{"ByLineInfo":{"Brand":{"DisplayValue":"Naf Naf","Label":"Brand","Locale":"es_ES"},"Manufacturer":{"DisplayValue":"Naf Naf","Label":"Manufacturer","Locale":"es_ES"}},"Title":{"DisplayValue":"Naf Naf Chaqueta de Piel, coñac, 42 para Mujer","Label":"Title","Locale":"es_ES"}},"Offers":{"Summaries":[{"Condition":{"Value":"New"},"LowestPrice":{"Amount":104.94,"Currency":"EUR","DisplayAmount":"104,94 €"}}]}},{"ASIN":"B09PXS1JWX","DetailPageURL":"https://www.amazon.es/dp/B09PXS1JWX?tag=topinalambricos-21&linkCode=osi&th=1&psc=1","Images":{"Primary":{"Small":{"Height":75,"URL":"https://m.media-amazon.com/images/I/41DhC3kmXDL._SL75_.jpg","Width":57}}},"ItemInfo":{"ByLineInfo":{"Brand":{"DisplayValue":"Naf Naf","Label":"Brand","Locale":"es_ES"},"Manufacturer":{"DisplayValue":"Naf Naf","Label":"Manufacturer","Locale":"es_ES"}},"Title":{"DisplayValue":"Naf Naf Chaqueta de Piel, coñac, 42 para Mujer","Label":"Title","Locale":"es_ES"}},"Offers":{"Summaries":[{"Condition":{"Value":"New"},"LowestPrice":{"Amount":95.58,"Currency":"EUR","DisplayAmount":"95,58 €"}}]}},{"ASIN":"B0BC2PJLQM","DetailPageURL":"https://www.amazon.es/dp/B0BC2PJLQM?tag=topinalambricos-21&linkCode=osi&th=1&psc=1","Images":{"Primary":{"Small":{"Height":75,"URL":"https://m.media-amazon.com/images/I/41tklmdKEmL._SL75_.jpg","Width":51}}},"ItemInfo":{"ByLineInfo":{"Brand":{"DisplayValue":"KOROSHI MANIAKS GRAPHIC DESIGN TM","Label":"Brand","Locale":"es_ES"}},"Title":{"DisplayValue":"Koroshi Chaqueta Cazadora Cuero sintético y Forro de Pelo con Cuello Mao para Mujer Marrón, M","Label":"Title","Locale":"es_ES"}},"Offers":{"Summaries":[{"Condition":{"Value":"New"},"LowestPrice":{"Amount":59.99,"Currency":"EUR","DisplayAmount":"59,99 €"}}]}},{"ASIN":"B07Q4CSM5R","DetailPageURL":"https://www.amazon.es/dp/B07Q4CSM5R?tag=topinalambricos-21&linkCode=osi&th=1&psc=1","Images":{"Primary":{"Small":{"Height":75,"URL":"https://m.media-amazon.com/images/I/41tIVEHNFXL._SL75_.jpg","Width":57}}},"ItemInfo":{"ByLineInfo":{"Brand":{"DisplayValue":"Freaky Nation","Label":"Brand","Locale":"es_ES"},"Manufacturer":{"DisplayValue":"Freaky Nation","Label":"Manufacturer","Locale":"es_ES"}},"Title":{"DisplayValue":"Freaky Nation Biker Princess Chaqueta, Marrón (Dark Cognac 8903), XL para Mujer","Label":"Title","Locale":"es_ES"}},"Offers":{"Summaries":[{"Condition":{"Value":"New"},"LowestPrice":{"Amount":127.2,"Currency":"EUR","DisplayAmount":"127,20 €"}}]}},{"ASIN":"B07GH7HBGD","DetailPageURL":"https://www.amazon.es/dp/B07GH7HBGD?tag=topinalambricos-21&linkCode=osi&th=1&psc=1","Images":{"Primary":{"Small":{"Height":75,"URL":"https://m.media-amazon.com/images/I/41rfgb2WcqS._SL75_.jpg","Width":57}}},"ItemInfo":{"ByLineInfo":{"Brand":{"DisplayValue":"Oakwood","Label":"Brand","Locale":"es_ES"},"Manufacturer":{"DisplayValue":"Oakwood","Label":"Manufacturer","Locale":"es_ES"}},"Title":{"DisplayValue":"Oakwood Lina Chaqueta, Marrón (Cognac 0507), X-Small para Mujer","Label":"Title","Locale":"es_ES"}},"Offers":{"Summaries":[{"Condition":{"Value":"New"},"LowestPrice":{"Amount":119.4,"Currency":"EUR","DisplayAmount":"119,40 €"}}]}},{"ASIN":"B01GA55LK2","DetailPageURL":"https://www.amazon.es/dp/B01GA55LK2?tag=topinalambricos-21&linkCode=osi&th=1&psc=1","Images":{"Primary":{"Small":{"Height":75,"URL":"https://m.media-amazon.com/images/I/41htqmmWmBL._SL75_.jpg","Width":56}}},"ItemInfo":{"ByLineInfo":{"Brand":{"DisplayValue":"Aviatrix","Label":"Brand","Locale":"es_ES"}},"Title":{"DisplayValue":"Aviatrix Chaqueta Biker De Cuero Autentica para Mujer con Multiples Cremalleras (AGSM)","Label":"Title","Locale":"es_ES"}},"Offers":{"Summaries":[{"Condition":{"Value":"New"},"LowestPrice":{"Amount":99.99,"Currency":"EUR","DisplayAmount":"99,99 €"}}]}},{"ASIN":"B01MRFHPC7","DetailPageURL":"https://www.amazon.es/dp/B01MRFHPC7?tag=topinalambricos-21&linkCode=osi&th=1&psc=1","Images":{"Primary":{"Small":{"Height":75,"URL":"https://m.media-amazon.com/images/I/416GeeTIlzL._SL75_.jpg","Width":56}}},"ItemInfo":{"ByLineInfo":{"Brand":{"DisplayValue":"Aviatrix","Label":"Brand","Locale":"es_ES"}},"Title":{"DisplayValue":"Aviatrix Chaqueta Biker Corta De Cuero Autentico para Mujer con Cremallera Asimetrica (K014)","Label":"Title","Locale":"es_ES"}},"Offers":{"Summaries":[{"Condition":{"Value":"New"},"LowestPrice":{"Amount":99.99,"Currency":"EUR","DisplayAmount":"99,99 €"}}]}},{"ASIN":"B09JQ869B4","DetailPageURL":"https://www.amazon.es/dp/B09JQ869B4?tag=topinalambricos-21&linkCode=osi&th=1&psc=1","Images":{"Primary":{"Small":{"Height":75,"URL":"https://m.media-amazon.com/images/I/41isyWsRh8L._SL75_.jpg","Width":57}}},"ItemInfo":{"ByLineInfo":{"Brand":{"DisplayValue":"Cream","Label":"Brand","Locale":"es_ES"},"Manufacturer":{"DisplayValue":"DK Company Online","Label":"Manufacturer","Locale":"es_ES"}},"Title":{"DisplayValue":"Cream Crrabia-Chaqueta de Piel Cazadora de Cuero, marrón, 42 para Mujer","Label":"Title","Locale":"es_ES"}},"Offers":{"Summaries":[{"Condition":{"Value":"New"},"LowestPrice":{"Amount":119.12,"Currency":"EUR","DisplayAmount":"119,12 €"}}]}},{"ASIN":"B07KZMRN5Q","DetailPageURL":"https://www.amazon.es/dp/B07KZMRN5Q?tag=topinalambricos-21&linkCode=osi&th=1&psc=1","Images":{"Primary":{"Small":{"Height":75,"URL":"https://m.media-amazon.com/images/I/312YD5IWZ6L._SL75_.jpg","Width":49}}},"ItemInfo":{"ByLineInfo":{"Brand":{"DisplayValue":"Salsa","Label":"Brand","Locale":"es_ES"},"Manufacturer":{"DisplayValue":"Salsa Jeans","Label":"Manufacturer","Locale":"es_ES"}},"Title":{"DisplayValue":"Salsa Chaqueta de Piel","Label":"Title","Locale":"es_ES"}},"Offers":{"Summaries":[{"Condition":{"Value":"New"},"LowestPrice":{"Amount":143.98,"Currency":"EUR","DisplayAmount":"143,98 €"}}]}}],"SearchURL":"https://www.amazon.es/s?k=cuero+marron&rh=n%3A3074298031%2Cp_n_availability%3A-1&tag=topinalambricos-21&linkCode=osi","TotalResultCount":9309}},"13":{"SearchResult":{"Items":[{"ASIN":"B09JRX18JG","DetailPageURL":"https://www.amazon.es/dp/B09JRX18JG?tag=topinalambricos-21&linkCode=osi&th=1&psc=1","Images":{"Primary":{"Small":{"Height":75,"URL":"https://m.media-amazon.com/images/I/3161XlgzlFL._SL75_.jpg","Width":75}}},"ItemInfo":{"ByLineInfo":{"Brand":{"DisplayValue":"YYNUDA","Label":"Brand","Locale":"es_ES"},"Manufacturer":{"DisplayValue":"YYNUDA","Label":"Manufacturer","Locale":"es_ES"}},"Title":{"DisplayValue":"YYNUDA Chaqueta de Cuero Sintética corta para Mujer Estilo Vintage （Azul M）","Label":"Title","Locale":"es_ES"}},"Offers":{"Summaries":[{"Condition":{"Value":"New"},"LowestPrice":{"Amount":43.99,"Currency":"EUR","DisplayAmount":"43,99 €"}}]}},{"ASIN":"B00GV7QDQG","DetailPageURL":"https://www.amazon.es/dp/B00GV7QDQG?tag=topinalambricos-21&linkCode=osi&th=1&psc=1","Images":{"Primary":{"Small":{"Height":75,"URL":"https://m.media-amazon.com/images/I/41TJ83kIiuS._SL75_.jpg","Width":57}}},"ItemInfo":{"ByLineInfo":{"Brand":{"DisplayValue":"Schott","Label":"Brand","Locale":"es_ES"},"Manufacturer":{"DisplayValue":"Schott NYC","Label":"Manufacturer","Locale":"es_ES"}},"Title":{"DisplayValue":"Schott NYC, Chaqueta de manga larga para mujer, Azul (indigo), M","Label":"Title","Locale":"es_ES"}},"Offers":{"Summaries":[{"Condition":{"Value":"New"},"LowestPrice":{"Amount":355.0,"Currency":"EUR","DisplayAmount":"355,00 €"}}]}},{"ASIN":"B08PPK76QK","DetailPageURL":"https://www.amazon.es/dp/B08PPK76QK?tag=topinalambricos-21&linkCode=osi&th=1&psc=1","Images":{"Primary":{"Small":{"Height":75,"URL":"https://m.media-amazon.com/images/I/41dFivxWNvL._SL75_.jpg","Width":56}}},"ItemInfo":{"ByLineInfo":{"Brand":{"DisplayValue":"Aviatrix","Label":"Brand","Locale":"es_ES"}},"Title":{"DisplayValue":"Aviatrix Chaqueta de motociclista con cuello de banda de cuero real súper suave para mujer (OBFQ), azul marino, 5XL","Label":"Title","Locale":"es_ES"}},"Offers":{"Summaries":[{"Condition":{"Value":"New"},"LowestPrice":{"Amount":102.98,"Currency":"EUR","DisplayAmount":"102,98 €"}}]}},{"ASIN":"B09V2T6M35","DetailPageURL":"https://www.amazon.es/dp/B09V2T6M35?tag=topinalambricos-21&linkCode=osi&th=1&psc=1","Images":{"Primary":{"Small":{"Height":75,"URL":"https://m.media-amazon.com/images/I/41aAIQ+M1BL._SL75_.jpg","Width":55}}},"ItemInfo":{"ByLineInfo":{"Brand":{"DisplayValue":"Seamido","Label":"Brand","Locale":"es_ES"},"Manufacturer":{"DisplayValue":"Seamido","Label":"Manufacturer","Locale":"es_ES"}},"Title":{"DisplayValue":"Seamido Chaqueta de Cuero PU para Mujer Chaqueta con Bolsillos con Cremallera Chaqueta Corta para el Otoño…","Label":"Title","Locale":"es_ES"}},"Offers":{"Summaries":[{"Condition":{"Value":"New"},"LowestPrice":{"Amount":46.49,"Currency":"EUR","DisplayAmount":"46,49 €"}}]}},{"ASIN":"B08CN5TG8P","DetailPageURL":"https://www.amazon.es/dp/B08CN5TG8P?tag=topinalambricos-21&linkCode=osi&th=1&psc=1","Images":{"Primary":{"Small":{"Height":75,"URL":"https://m.media-amazon.com/images/I/51EtyjbqLGL._SL75_.jpg","Width":57}}},"ItemInfo":{"ByLineInfo":{"Brand":{"DisplayValue":"Desigual","Label":"Brand","Locale":"es_ES"},"Manufacturer":{"DisplayValue":"Desigual","Label":"Manufacturer","Locale":"es_ES"}},"Title":{"DisplayValue":"Desigual Chaq_athlas Chaqueta Vaquera, Azul, 44 para Mujer","Label":"Title","Locale":"es_ES"}},"Offers":{"Summaries":[{"Condition":{"Value":"New"},"LowestPrice":{"Amount":76.59,"Currency":"EUR","DisplayAmount":"76,59 €"}}]}},{"ASIN":"B08V9CHBDY","DetailPageURL":"https://www.amazon.es/dp/B08V9CHBDY?tag=topinalambricos-21&linkCode=osi&th=1&psc=1","Images":{"Primary":{"Small":{"Height":75,"URL":"https://m.media-amazon.com/images/I/41a5xoViqCL._SL75_.jpg","Width":75}}},"ItemInfo":{"ByLineInfo":{"Brand":{"DisplayValue":"Zerimar","Label":"Brand","Locale":"es_ES"},"Manufacturer":{"DisplayValue":"Zerimar","Label":"Manufacturer","Locale":"es_ES"}},"Title":{"DisplayValue":"Zerimar Chaqueta Cazadora Piel | Cazadora Mujer | Chaqueta de Piel Mujer | Cazadora Elegante Mujer | Chaqueta Mujer | Chaqueta Casual para Mujer | Color Azul Talla XL","Label":"Title","Locale":"es_ES"}},"Offers":{"Summaries":[{"Condition":{"Value":"New"},"LowestPrice":{"Amount":189.0,"Currency":"EUR","DisplayAmount":"189,00 €"}}]}},{"ASIN":"B0BCHKQ56B","DetailPageURL":"https://www.amazon.es/dp/B0BCHKQ56B?tag=topinalambricos-21&linkCode=osi&th=1&psc=1","Images":{"Primary":{"Small":{"Height":75,"URL":"https://m.media-amazon.com/images/I/318WlAOXwWL._SL75_.jpg","Width":51}}},"ItemInfo":{"ByLineInfo":{"Brand":{"DisplayValue":"KOROSHI MANIAKS GRAPHIC DESIGN TM","Label":"Brand","Locale":"es_ES"}},"Title":{"DisplayValue":"Koroshi Chaqueta Cazadora Cuero sintético Efecto Piel y Forro de Pelo con Cuello Mao para Mujer Azul, S","Label":"Title","Locale":"es_ES"}},"Offers":{"Summaries":[{"Condition":{"Value":"New"},"LowestPrice":{"Amount":46.99,"Currency":"EUR","DisplayAmount":"46,99 €"}}]}},{"ASIN":"B09HY238KG","DetailPageURL":"https://www.amazon.es/dp/B09HY238KG?tag=topinalambricos-21&linkCode=osi&th=1&psc=1","Images":{"Primary":{"Small":{"Height":75,"URL":"https://m.media-amazon.com/images/I/41cW1a368BL._SL75_.jpg","Width":75}}},"ItemInfo":{"ByLineInfo":{"Brand":{"DisplayValue":"Geographical Norway","Label":"Brand","Locale":"es_ES"},"Manufacturer":{"DisplayValue":"GEOGRAPHICAL NORWAY","Label":"Manufacturer","Locale":"es_ES"}},"Title":{"DisplayValue":"Geographical Norway - PARKA DE MUJER BELLACIAO TURQUESA S","Label":"Title","Locale":"es_ES"}},"Offers":{"Summaries":[{"Condition":{"Value":"New"},"LowestPrice":{"Amount":69.8,"Currency":"EUR","DisplayAmount":"69,80 €"}}]}},{"ASIN":"B09KM8NYZ7","DetailPageURL":"https://www.amazon.es/dp/B09KM8NYZ7?tag=topinalambricos-21&linkCode=osi&th=1&psc=1","Images":{"Primary":{"Small":{"Height":75,"URL":"https://m.media-amazon.com/images/I/41z31mFlpLL._SL75_.jpg","Width":57}}},"ItemInfo":{"ByLineInfo":{"Brand":{"DisplayValue":"BOSS","Label":"Brand","Locale":"es_ES"},"Manufacturer":{"DisplayValue":"HUGO BOSS AG","Label":"Manufacturer","Locale":"es_ES"}},"Title":{"DisplayValue":"BOSS C_saflima1 Chaqueta de Piel, Azul Abierto, 48 para Mujer","Label":"Title","Locale":"es_ES"}},"Offers":{"Summaries":[{"Condition":{"Value":"New"},"LowestPrice":{"Amount":399.0,"Currency":"EUR","DisplayAmount":"399,00 €"}}]}},{"ASIN":"B09ZF4KB6Q","DetailPageURL":"https://www.amazon.es/dp/B09ZF4KB6Q?tag=topinalambricos-21&linkCode=osi&th=1&psc=1","Images":{"Primary":{"Small":{"Height":75,"URL":"https://m.media-amazon.com/images/I/41VC4LEA1FL._SL75_.jpg","Width":75}}},"ItemInfo":{"ByLineInfo":{"Brand":{"DisplayValue":"Zerimar","Label":"Brand","Locale":"es_ES"},"Manufacturer":{"DisplayValue":"Zerimar","Label":"Manufacturer","Locale":"es_ES"}},"Title":{"DisplayValue":"Zerimar Chaqueta Cazadora Piel Mujer | Chaqueta Elegante Mujer | Cazadora Mujer | Chaqueta Casual para Mujer | Cazadora Cuero | Color Azul Talla L","Label":"Title","Locale":"es_ES"}},"Offers":{"Summaries":[{"Condition":{"Value":"New"},"LowestPrice":{"Amount":189.0,"Currency":"EUR","DisplayAmount":"189,00 €"}}]}}],"SearchURL":"https://www.amazon.es/s?k=cuero+azul&rh=n%3A3074298031%2Cp_n_availability%3A-1&tag=topinalambricos-21&linkCode=osi","TotalResultCount":2743}},"14":{"SearchResult":{"Items":[{"ASIN":"B09H29NKBK","DetailPageURL":"https://www.amazon.es/dp/B09H29NKBK?tag=topinalambricos-21&linkCode=osi&th=1&psc=1","Images":{"Primary":{"Small":{"Height":75,"URL":"https://m.media-amazon.com/images/I/41kS+kcLjxL._SL75_.jpg","Width":75}}},"ItemInfo":{"ByLineInfo":{"Brand":{"DisplayValue":"riou","Label":"Brand","Locale":"es_ES"}},"Title":{"DisplayValue":"riou Abrigos Largo con Capucha para Mujer Suéter Empalme Otoño Invierno Sudadera de Manga Larga Chaqueta Caliente Felpa Outerwear con Botón","Label":"Title","Locale":"es_ES"}},"Offers":{"Summaries":[{"Condition":{"Value":"New"},"LowestPrice":{"Amount":12.99,"Currency":"EUR","DisplayAmount":"12,99 €"}}]}},{"ASIN":"B01MDNUHNF","DetailPageURL":"https://www.amazon.es/dp/B01MDNUHNF?tag=topinalambricos-21&linkCode=osi&th=1&psc=1","Images":{"Primary":{"Small":{"Height":75,"URL":"https://m.media-amazon.com/images/I/41-0DvSgd6L._SL75_.jpg","Width":57}}},"ItemInfo":{"ByLineInfo":{"Brand":{"DisplayValue":"Freaky Nation","Label":"Brand","Locale":"es_ES"},"Manufacturer":{"DisplayValue":"Freaky Nation","Label":"Manufacturer","Locale":"es_ES"}},"Title":{"DisplayValue":"Freaky Nation Biker Princess Chaqueta, Rojo (Apple 4068), M para Mujer","Label":"Title","Locale":"es_ES"}},"Offers":{"Summaries":[{"Condition":{"Value":"New"},"LowestPrice":{"Amount":179.0,"Currency":"EUR","DisplayAmount":"179,00 €"}}]}},{"ASIN":"B09H1ZGMJ1","DetailPageURL":"https://www.amazon.es/dp/B09H1ZGMJ1?tag=topinalambricos-21&linkCode=osi&th=1&psc=1","Images":{"Primary":{"Small":{"Height":75,"URL":"https://m.media-amazon.com/images/I/41TKpW27M6L._SL75_.jpg","Width":75}}},"ItemInfo":{"ByLineInfo":{"Brand":{"DisplayValue":"riou","Label":"Brand","Locale":"es_ES"}},"Title":{"DisplayValue":"riou Plumas Mujer Plumiferos Ligeros Abrigo con Capucha Chaqueta Corto Señora Cazadoras Parka Slim Fit Acolchada Cremallera Jersey Manga Larga Outwear","Label":"Title","Locale":"es_ES"}},"Offers":{"Summaries":[{"Condition":{"Value":"New"},"LowestPrice":{"Amount":38.99,"Currency":"EUR","DisplayAmount":"38,99 €"}}]}},{"ASIN":"B01HZQ0PBU","DetailPageURL":"https://www.amazon.es/dp/B01HZQ0PBU?tag=topinalambricos-21&linkCode=osi&th=1&psc=1","Images":{"Primary":{"Small":{"Height":75,"URL":"https://m.media-amazon.com/images/I/4133naC31iL._SL75_.jpg","Width":63}}},"ItemInfo":{"ByLineInfo":{"Brand":{"DisplayValue":"URBAN 5884","Label":"Brand","Locale":"es_ES"},"Manufacturer":{"DisplayValue":"Urban Leather","Label":"Manufacturer","Locale":"es_ES"}},"Title":{"DisplayValue":"Chaqueta Moto Mujer de Cuero URBAN 5884 '58 LADIES' | Chaqueta Cuero Mujer | Cazadora Moto de Piel de Cordero | Armadura Removible para Espalda, Hombros y Codos Aprobada por la CE |Marrón | XL","Label":"Title","Locale":"es_ES"}},"Offers":{"Summaries":[{"Condition":{"Value":"New"},"LowestPrice":{"Amount":116.48,"Currency":"EUR","DisplayAmount":"116,48 €"}},{"Condition":{"Value":"Used"},"LowestPrice":{"Amount":105.99,"Currency":"EUR","DisplayAmount":"105,99 €"}}]}},{"ASIN":"B09MSDWL28","DetailPageURL":"https://www.amazon.es/dp/B09MSDWL28?tag=topinalambricos-21&linkCode=osi&th=1&psc=1","Images":{"Primary":{"Small":{"Height":75,"URL":"https://m.media-amazon.com/images/I/41ZX-rkBq2L._SL75_.jpg","Width":75}}},"ItemInfo":{"ByLineInfo":{"Brand":{"DisplayValue":"NUSGEAR","Label":"Brand","Locale":"es_ES"}},"Title":{"DisplayValue":"2022 Moda Chaqueta de Ante Corto Abrigo de la Chaqueta del Motorista señoras Delicado de la PU Chaqueta de imitación Moto Slim Fit cremallera Manga larga Chaqueta de solapa","Label":"Title","Locale":"es_ES"}},"Offers":{"Summaries":[{"Condition":{"Value":"New"},"LowestPrice":{"Amount":14.98,"Currency":"EUR","DisplayAmount":"14,98 €"}}]}},{"ASIN":"B0BGPF9Y22","DetailPageURL":"https://www.amazon.es/dp/B0BGPF9Y22?tag=topinalambricos-21&linkCode=osi&th=1&psc=1","Images":{"Primary":{"Small":{"Height":75,"URL":"https://m.media-amazon.com/images/I/41vM7QIJ3EL._SL75_.jpg","Width":75}}},"ItemInfo":{"ByLineInfo":{"Brand":{"DisplayValue":"riou","Label":"Brand","Locale":"es_ES"},"Manufacturer":{"DisplayValue":"riou","Label":"Manufacturer","Locale":"es_ES"}},"Title":{"DisplayValue":"riou Abrigo con Capucha de Invierno Mujer Abrigos Acolchado Felpa Talla Grande Manga Larga Vintage Chaqueta con Cremallera Chicas Moda Exteriores Abrigo Gruesos De Lana","Label":"Title","Locale":"es_ES"}},"Offers":{"Summaries":[{"Condition":{"Value":"New"},"LowestPrice":{"Amount":40.18,"Currency":"EUR","DisplayAmount":"40,18 €"}}]}},{"ASIN":"B0BG8B143V","DetailPageURL":"https://www.amazon.es/dp/B0BG8B143V?tag=topinalambricos-21&linkCode=osi&th=1&psc=1","Images":{"Primary":{"Small":{"Height":75,"URL":"https://m.media-amazon.com/images/I/41N5RTQjB9L._SL75_.jpg","Width":75}}},"ItemInfo":{"ByLineInfo":{"Brand":{"DisplayValue":"riou","Label":"Brand","Locale":"es_ES"},"Manufacturer":{"DisplayValue":"riou","Label":"Manufacturer","Locale":"es_ES"}},"Title":{"DisplayValue":"riou Abrigo con Capucha de Invierno Mujer Abrigos para Mujer Rebajas Talla Grande Manga Larga Vintage Chaqueta con Cremallera Mujeres Jersey Abrigos con Bolsillos Suave y Confortable","Label":"Title","Locale":"es_ES"}},"Offers":{"Summaries":[{"Condition":{"Value":"New"},"LowestPrice":{"Amount":18.48,"Currency":"EUR","DisplayAmount":"18,48 €"}}]}},{"ASIN":"B09DT1RPGR","DetailPageURL":"https://www.amazon.es/dp/B09DT1RPGR?tag=topinalambricos-21&linkCode=osi&th=1&psc=1","Images":{"Primary":{"Small":{"Height":75,"URL":"https://m.media-amazon.com/images/I/31QbVdg9MwL._SL75_.jpg","Width":56}}},"ItemInfo":{"ByLineInfo":{"Brand":{"DisplayValue":"JJXX","Label":"Brand","Locale":"es_ES"},"Manufacturer":{"DisplayValue":"Bestseller A/S","Label":"Manufacturer","Locale":"es_ES"}},"Title":{"DisplayValue":"JJXX Jxgail Faux Leather Biker Jacket Noos Chaqueta de Cuero sinttico, Negro, L para Mujer","Label":"Title","Locale":"es_ES"}},"Offers":{"Summaries":[{"Condition":{"Value":"New"},"LowestPrice":{"Amount":48.99,"Currency":"EUR","DisplayAmount":"48,99 €"}}]}},{"ASIN":"B07ZXC9NL1","DetailPageURL":"https://www.amazon.es/dp/B07ZXC9NL1?tag=topinalambricos-21&linkCode=osi&th=1&psc=1","Images":{"Primary":{"Small":{"Height":72,"URL":"https://m.media-amazon.com/images/I/41MAF3eNKGL._SL75_.jpg","Width":75}}},"ItemInfo":{"ByLineInfo":{"Brand":{"DisplayValue":"Leatherick","Label":"Brand","Locale":"es_ES"},"Manufacturer":{"DisplayValue":"Leatherick Limited","Label":"Manufacturer","Locale":"es_ES"}},"Title":{"DisplayValue":"Chaleco de cuero para mujer Chaqueta sin mangas de cuero de búfalo de grano superior genuino negro / Chaleco M (10)","Label":"Title","Locale":"es_ES"}},"Offers":{"Summaries":[{"Condition":{"Value":"New"},"LowestPrice":{"Amount":49.99,"Currency":"EUR","DisplayAmount":"49,99 €"}}]}},{"ASIN":"B09R7WYZC2","DetailPageURL":"https://www.amazon.es/dp/B09R7WYZC2?tag=topinalambricos-21&linkCode=osi&th=1&psc=1","Images":{"Primary":{"Small":{"Height":75,"URL":"https://m.media-amazon.com/images/I/41dy36WV6zL._SL75_.jpg","Width":49}}},"ItemInfo":{"ByLineInfo":{"Brand":{"DisplayValue":"Desigual","Label":"Brand","Locale":"es_ES"},"Manufacturer":{"DisplayValue":"Desigual","Label":"Manufacturer","Locale":"es_ES"}},"Title":{"DisplayValue":"Desigual Chaq_Bakersfield, 2004 Silver Chaqueta, Negro, XL para Mujer","Label":"Title","Locale":"es_ES"}},"Offers":{"Summaries":[{"Condition":{"Value":"New"},"LowestPrice":{"Amount":53.65,"Currency":"EUR","DisplayAmount":"53,65 €"}}]}}],"SearchURL":"https://www.amazon.es/s?k=chaqueta+moto+cuero&rh=n%3A3074066031%2Cp_n_availability%3A-1&tag=topinalambricos-21&linkCode=osi","TotalResultCount":29752}},"15":{"SearchResult":{"Items":[{"ASIN":"B0B6C9L3XX","DetailPageURL":"https://www.amazon.es/dp/B0B6C9L3XX?tag=topinalambricos-21&linkCode=osi&th=1&psc=1","Images":{"Primary":{"Small":{"Height":75,"URL":"https://m.media-amazon.com/images/I/419TG8QCc8L._SL75_.jpg","Width":57}}},"ItemInfo":{"ByLineInfo":{"Brand":{"DisplayValue":"The Drop","Label":"Brand","Locale":"es_ES"},"Manufacturer":{"DisplayValue":"The Drop","Label":"Manufacturer","Locale":"es_ES"}},"Title":{"DisplayValue":"The Drop Heather Chaqueta de Cuero Sintético de Estilo Motero para Mujer, Marfil, S","Label":"Title","Locale":"es_ES"}},"Offers":{"Summaries":[{"Condition":{"Value":"New"},"LowestPrice":{"Amount":50.47,"Currency":"EUR","DisplayAmount":"50,47 €"}}]}},{"ASIN":"B092WBNXX6","DetailPageURL":"https://www.amazon.es/dp/B092WBNXX6?tag=topinalambricos-21&linkCode=osi&th=1&psc=1","Images":{"Primary":{"Small":{"Height":75,"URL":"https://m.media-amazon.com/images/I/41W9mUZtIBL._SL75_.jpg","Width":57}}},"ItemInfo":{"ByLineInfo":{"Brand":{"DisplayValue":"The Drop","Label":"Brand","Locale":"es_ES"},"Manufacturer":{"DisplayValue":"The Drop","Label":"Manufacturer","Locale":"es_ES"}},"Title":{"DisplayValue":"The Drop Chaqueta Camisera de Manga Larga de Cuero Sintético, por @lisadnyc para Mujer, Negro, XXL","Label":"Title","Locale":"es_ES"}},"Offers":{"Summaries":[{"Condition":{"Value":"New"},"LowestPrice":{"Amount":42.9,"Currency":"EUR","DisplayAmount":"42,90 €"}}]}},{"ASIN":"B01M7R74AN","DetailPageURL":"https://www.amazon.es/dp/B01M7R74AN?tag=topinalambricos-21&linkCode=osi&th=1&psc=1","Images":{"Primary":{"Small":{"Height":75,"URL":"https://m.media-amazon.com/images/I/41-0DvSgd6L._SL75_.jpg","Width":57}}},"ItemInfo":{"ByLineInfo":{"Brand":{"DisplayValue":"Freaky Nation","Label":"Brand","Locale":"es_ES"},"Manufacturer":{"DisplayValue":"Freaky Nation","Label":"Manufacturer","Locale":"es_ES"}},"Title":{"DisplayValue":"Freaky Nation Biker Princess Chaqueta, Rojo (Apple 4068), S para Mujer","Label":"Title","Locale":"es_ES"}},"Offers":{"Summaries":[{"Condition":{"Value":"New"},"LowestPrice":{"Amount":121.39,"Currency":"EUR","DisplayAmount":"121,39 €"}}]}},{"ASIN":"B09PNKR53W","DetailPageURL":"https://www.amazon.es/dp/B09PNKR53W?tag=topinalambricos-21&linkCode=osi&th=1&psc=1","Images":{"Primary":{"Small":{"Height":75,"URL":"https://m.media-amazon.com/images/I/413TZYI2XSL._SL75_.jpg","Width":57}}},"ItemInfo":{"ByLineInfo":{"Brand":{"DisplayValue":"Blauer","Label":"Brand","Locale":"es_ES"},"Manufacturer":{"DisplayValue":"FGF INDUSTRY SPA","Label":"Manufacturer","Locale":"es_ES"}},"Title":{"DisplayValue":"Blauer Piel Capo Hombro Acolchado Chaqueta de Cuero, 999 Negro, XS para Mujer","Label":"Title","Locale":"es_ES"}},"Offers":{"Summaries":[{"Condition":{"Value":"New"},"LowestPrice":{"Amount":647.19,"Currency":"EUR","DisplayAmount":"647,19 €"}}]}},{"ASIN":"B09KPPJJW6","DetailPageURL":"https://www.amazon.es/dp/B09KPPJJW6?tag=topinalambricos-21&linkCode=osi&th=1&psc=1","Images":{"Primary":{"Small":{"Height":75,"URL":"https://m.media-amazon.com/images/I/31mLqlFz6hL._SL75_.jpg","Width":75}}},"ItemInfo":{"ByLineInfo":{"Brand":{"DisplayValue":"KeYIlowys","Label":"Brand","Locale":"es_ES"}},"Title":{"DisplayValue":"KeYIlowys SuéTer De Lana De Doble Cara con Capucha De Invierno De Talla Grande para Mujer Chaqueta De Talla Grande De Longitud Media De Moda para Mujer","Label":"Title","Locale":"es_ES"}},"Offers":{"Summaries":[{"Condition":{"Value":"New"},"LowestPrice":{"Amount":30.85,"Currency":"EUR","DisplayAmount":"30,85 €"}}]}},{"ASIN":"B09MQD1DPP","DetailPageURL":"https://www.amazon.es/dp/B09MQD1DPP?tag=topinalambricos-21&linkCode=osi&th=1&psc=1","Images":{"Primary":{"Small":{"Height":75,"URL":"https://m.media-amazon.com/images/I/316NVqj00BL._SL75_.jpg","Width":75}}},"ItemInfo":{"ByLineInfo":{"Brand":{"DisplayValue":"WHZXYDN","Label":"Brand","Locale":"es_ES"}},"Title":{"DisplayValue":"Sombrero De Piel para Mujer PuñOs Laterales Manga Larga Hebilla De Cuero De AleacióN Delgado Doble Cara Exterior De Longitud Media De Lana","Label":"Title","Locale":"es_ES"}},"Offers":{"Summaries":[{"Condition":{"Value":"New"},"LowestPrice":{"Amount":49.99,"Currency":"EUR","DisplayAmount":"49,99 €"}}]}},{"ASIN":"B07KMPKRSL","DetailPageURL":"https://www.amazon.es/dp/B07KMPKRSL?tag=topinalambricos-21&linkCode=osi&th=1&psc=1","Images":{"Primary":{"Small":{"Height":75,"URL":"https://m.media-amazon.com/images/I/41jQdstlhuL._SL75_.jpg","Width":57}}},"ItemInfo":{"ByLineInfo":{"Brand":{"DisplayValue":"BELLIVERA","Label":"Brand","Locale":"es_ES"}},"Title":{"DisplayValue":"BELLIVERA Chaqueta de Cuero PU para Mujer(3 colores), Chaqueta con Bolsillos con Cremallera, Chaqueta corta Para el Otoño, Primavera, Rojo, M","Label":"Title","Locale":"es_ES"}},"Offers":{"Summaries":[{"Condition":{"Value":"New"},"LowestPrice":{"Amount":68.99,"Currency":"EUR","DisplayAmount":"68,99 €"}}]}},{"ASIN":"B09J2LWT9T","DetailPageURL":"https://www.amazon.es/dp/B09J2LWT9T?tag=topinalambricos-21&linkCode=osi&th=1&psc=1","Images":{"Primary":{"Small":{"Height":75,"URL":"https://m.media-amazon.com/images/I/41fEPaW5ChL._SL75_.jpg","Width":75}}},"ItemInfo":{"ByLineInfo":{"Brand":{"DisplayValue":"KeYIlowys","Label":"Brand","Locale":"es_ES"}},"Title":{"DisplayValue":"Chaqueta De Abrigo De Lana con Capucha Suelta De Manga Larga con Estilo De ExplosióN De Doble Cara Moda para Mujer OtoñO/Invierno","Label":"Title","Locale":"es_ES"}},"Offers":{"Summaries":[{"Condition":{"Value":"New"},"LowestPrice":{"Amount":27.0,"Currency":"EUR","DisplayAmount":"27,00 €"}}]}},{"ASIN":"B07W7QXXHT","DetailPageURL":"https://www.amazon.es/dp/B07W7QXXHT?tag=topinalambricos-21&linkCode=osi&th=1&psc=1","Images":{"Primary":{"Small":{"Height":75,"URL":"https://m.media-amazon.com/images/I/41vqtwzKqUL._SL75_.jpg","Width":57}}},"ItemInfo":{"ByLineInfo":{"Brand":{"DisplayValue":"BELLIVERA","Label":"Brand","Locale":"es_ES"}},"Title":{"DisplayValue":"BELLIVERA Chaqueta Cuero Sintética para Mujer Abrigo Largo con Cinturón de Motocicleta Cálido de Invierno con Cuello de piel Desmontable 912 Amarillo M","Label":"Title","Locale":"es_ES"}},"Offers":{"Summaries":[{"Condition":{"Value":"New"},"LowestPrice":{"Amount":89.99,"Currency":"EUR","DisplayAmount":"89,99 €"}}]}},{"ASIN":"B09LS1TR23","DetailPageURL":"https://www.amazon.es/dp/B09LS1TR23?tag=topinalambricos-21&linkCode=osi&th=1&psc=1","Images":{"Primary":{"Small":{"Height":75,"URL":"https://m.media-amazon.com/images/I/41cwpKHrGGL._SL75_.jpg","Width":75}}},"ItemInfo":{"ByLineInfo":{"Brand":{"DisplayValue":"WHZXYDN","Label":"Brand","Locale":"es_ES"}},"Title":{"DisplayValue":"OtoñO E Invierno Gruesas Mujeres Ropa De Doble Cara Piel De Cordero Un Abrigo Piel De Venado Terciopelo Moda Chaqueta CáLida","Label":"Title","Locale":"es_ES"}},"Offers":{"Summaries":[{"Condition":{"Value":"New"},"LowestPrice":{"Amount":63.99,"Currency":"EUR","DisplayAmount":"63,99 €"}}]}}],"SearchURL":"https://www.amazon.es/s?k=cuero+cara&rh=n%3A3074066031%2Cp_n_availability%3A-1&tag=topinalambricos-21&linkCode=osi","TotalResultCount":1297}},"16":{"SearchResult":{"Items":[{"ASIN":"B084YT63H4","DetailPageURL":"https://www.amazon.es/dp/B084YT63H4?tag=topinalambricos-21&linkCode=osi&th=1&psc=1","Images":{"Primary":{"Small":{"Height":75,"URL":"https://m.media-amazon.com/images/I/418TFHrMeML._SL75_.jpg","Width":56}}},"ItemInfo":{"ByLineInfo":{"Brand":{"DisplayValue":"Only","Label":"Brand","Locale":"es_ES"},"Manufacturer":{"DisplayValue":"ONLY","Label":"Manufacturer","Locale":"es_ES"}},"Title":{"DisplayValue":"Only Niñas Konfreya Faux Leather Biker Otw Noos Chaqueta de cuero sintético, negro, 152","Label":"Title","Locale":"es_ES"}},"Offers":{"Summaries":[{"Condition":{"Value":"New"},"LowestPrice":{"Amount":29.85,"Currency":"EUR","DisplayAmount":"29,85 €"}}]}},{"ASIN":"B0819JFGRP","DetailPageURL":"https://www.amazon.es/dp/B0819JFGRP?tag=topinalambricos-21&linkCode=osi&th=1&psc=1","Images":{"Primary":{"Small":{"Height":75,"URL":"https://m.media-amazon.com/images/I/41L7a39ZcGL._SL75_.jpg","Width":75}}},"ItemInfo":{"ByLineInfo":{"Brand":{"DisplayValue":"YWLINK","Label":"Brand","Locale":"es_ES"}},"Title":{"DisplayValue":"YWLINK Chaqueta De Cuero NiñA Color SóLido Chaqueta De Moto Abrigo con Cremallera Hebilla De CinturóN Abrigo Corto Casual De Moda Regalo De Fiesta De CumpleañOs Navidad Disfraz De NiñA De 3-13 AñOs","Label":"Title","Locale":"es_ES"}},"Offers":{"Summaries":[{"Condition":{"Value":"New"},"LowestPrice":{"Amount":33.99,"Currency":"EUR","DisplayAmount":"33,99 €"}}]}},{"ASIN":"B09PYVXC5Y","DetailPageURL":"https://www.amazon.es/dp/B09PYVXC5Y?tag=topinalambricos-21&linkCode=osi&th=1&psc=1","Images":{"Primary":{"Small":{"Height":75,"URL":"https://m.media-amazon.com/images/I/314hTBVwHEL._SL75_.jpg","Width":75}}},"ItemInfo":{"ByLineInfo":{"Brand":{"DisplayValue":"TiaoBug","Label":"Brand","Locale":"es_ES"}},"Title":{"DisplayValue":"TiaoBug Chaqueta de Motorista para Niña Cazadora Motera Chaqueta de Cuero PU con Solapa y Cremallera Abrigo de Otoño Invierno Pink 5-6 años","Label":"Title","Locale":"es_ES"}},"Offers":{"Summaries":[{"Condition":{"Value":"New"},"LowestPrice":{"Amount":19.79,"Currency":"EUR","DisplayAmount":"19,79 €"}}]}},{"ASIN":"B09Q2M7ZB8","DetailPageURL":"https://www.amazon.es/dp/B09Q2M7ZB8?tag=topinalambricos-21&linkCode=osi&th=1&psc=1","Images":{"Primary":{"Small":{"Height":75,"URL":"https://m.media-amazon.com/images/I/31jLRBfakyL._SL75_.jpg","Width":75}}},"ItemInfo":{"ByLineInfo":{"Brand":{"DisplayValue":"Agoky","Label":"Brand","Locale":"es_ES"}},"Title":{"DisplayValue":"Agoky Chaqueta Biker para Niñas Chaqueta Cazadora Motera de Cuero PU con Solapa y Cremallera Cazadoras de Moto Jacket Abrigo de Otoño Invierno Pink 5-6 años","Label":"Title","Locale":"es_ES"}},"Offers":{"Summaries":[{"Condition":{"Value":"New"},"LowestPrice":{"Amount":19.79,"Currency":"EUR","DisplayAmount":"19,79 €"}}]}},{"ASIN":"B08Z8JYKVG","DetailPageURL":"https://www.amazon.es/dp/B08Z8JYKVG?tag=topinalambricos-21&linkCode=osi&th=1&psc=1","Images":{"Primary":{"Small":{"Height":75,"URL":"https://m.media-amazon.com/images/I/31YU936lQ4L._SL75_.jpg","Width":75}}},"ItemInfo":{"ByLineInfo":{"Brand":{"DisplayValue":"Popgear","Label":"Brand","Locale":"es_ES"},"Contributors":[{"Locale":"es_ES","Name":"Popgear","Role":"Diseñador","RoleType":"designer"}],"Manufacturer":{"DisplayValue":"Popgear","Label":"Manufacturer","Locale":"es_ES"}},"Title":{"DisplayValue":"Barbie Chaqueta de Cuero Pose niñas Camiseta Blanca de 9-10 años","Label":"Title","Locale":"es_ES"}},"Offers":{"Summaries":[{"Condition":{"Value":"New"},"LowestPrice":{"Amount":13.17,"Currency":"EUR","DisplayAmount":"13,17 €"}}]}},{"ASIN":"B09PYWS91S","DetailPageURL":"https://www.amazon.es/dp/B09PYWS91S?tag=topinalambricos-21&linkCode=osi&th=1&psc=1","Images":{"Primary":{"Small":{"Height":75,"URL":"https://m.media-amazon.com/images/I/41kcgRBdQFL._SL75_.jpg","Width":75}}},"ItemInfo":{"ByLineInfo":{"Brand":{"DisplayValue":"inlzdz","Label":"Brand","Locale":"es_ES"}},"Title":{"DisplayValue":"inlzdz Cazadora Biker para Niñas y Niños Abrigos de Cuero PU Sólido Motera Primavera Otoño Chaqueta Moto con Solapa y Cremallera Jacket 3-14 Años Black 9-10 años","Label":"Title","Locale":"es_ES"}},"Offers":{"Summaries":[{"Condition":{"Value":"New"},"LowestPrice":{"Amount":20.59,"Currency":"EUR","DisplayAmount":"20,59 €"}}]}},{"ASIN":"B08DJ52TXL","DetailPageURL":"https://www.amazon.es/dp/B08DJ52TXL?tag=topinalambricos-21&linkCode=osi&th=1&psc=1","Images":{"Primary":{"Small":{"Height":75,"URL":"https://m.media-amazon.com/images/I/317Fg1OmdiS._SL75_.jpg","Width":57}}},"ItemInfo":{"ByLineInfo":{"Brand":{"DisplayValue":"Garcia Kids","Label":"Brand","Locale":"es_ES"},"Manufacturer":{"DisplayValue":"Garcia GmbH","Label":"Manufacturer","Locale":"es_ES"}},"Title":{"DisplayValue":"Garcia Kids GJ120204 Chaqueta de Cuero sintético, Negro, 140/146 cm para Niñas","Label":"Title","Locale":"es_ES"}},"Offers":{"Summaries":[{"Condition":{"Value":"New"},"LowestPrice":{"Amount":46.77,"Currency":"EUR","DisplayAmount":"46,77 €"}}]}},{"ASIN":"B09QCJR33V","DetailPageURL":"https://www.amazon.es/dp/B09QCJR33V?tag=topinalambricos-21&linkCode=osi&th=1&psc=1","Images":{"Primary":{"Small":{"Height":75,"URL":"https://m.media-amazon.com/images/I/31BMjjI1l3L._SL75_.jpg","Width":75}}},"ItemInfo":{"ByLineInfo":{"Brand":{"DisplayValue":"Aislor","Label":"Brand","Locale":"es_ES"}},"Title":{"DisplayValue":"Aislor Chaqueta Corta de Cuero para Niña Chaqueta Chaqueta de Moto con Cremallera Abrigo PU Cuero Casual de Fiesta Carnaval Chaqueta Otoño Invierno Casual Rosa 11-13 años","Label":"Title","Locale":"es_ES"}},"Offers":{"Summaries":[{"Condition":{"Value":"New"},"LowestPrice":{"Amount":21.49,"Currency":"EUR","DisplayAmount":"21,49 €"}}]}},{"ASIN":"B09XWT6N7P","DetailPageURL":"https://www.amazon.es/dp/B09XWT6N7P?tag=topinalambricos-21&linkCode=osi&th=1&psc=1","Images":{"Primary":{"Small":{"Height":75,"URL":"https://m.media-amazon.com/images/I/41rxrT2V+sL._SL75_.jpg","Width":75}}},"ItemInfo":{"ByLineInfo":{"Brand":{"DisplayValue":"A2Z 4 Kids","Label":"Brand","Locale":"es_ES"},"Manufacturer":{"DisplayValue":"A2Z 4 Kids Limited","Label":"Manufacturer","Locale":"es_ES"}},"Title":{"DisplayValue":"A2Z 4 Kids PU Cuero Chaqueta Grueso Collarín Motorista Cremallera Con Cinturón - PU Jacket 801 Baby Pink 11-12","Label":"Title","Locale":"es_ES"}},"Offers":{"Summaries":[{"Condition":{"Value":"New"},"LowestPrice":{"Amount":34.99,"Currency":"EUR","DisplayAmount":"34,99 €"}}]}},{"ASIN":"B09JWK6PQ9","DetailPageURL":"https://www.amazon.es/dp/B09JWK6PQ9?tag=topinalambricos-21&linkCode=osi&th=1&psc=1","Images":{"Primary":{"Small":{"Height":75,"URL":"https://m.media-amazon.com/images/I/41OHKJsNX1L._SL75_.jpg","Width":75}}},"ItemInfo":{"ByLineInfo":{"Brand":{"DisplayValue":"Lengender","Label":"Brand","Locale":"es_ES"}},"Title":{"DisplayValue":"Lengender Abrigo Niñas Chaqueta de Piel Sintética Chaqueta Perfecto Biker Imitación Cuero Primavera Otoño 2-9 Años (Negro, 110)","Label":"Title","Locale":"es_ES"}},"Offers":{"Summaries":[{"Condition":{"Value":"New"},"LowestPrice":{"Amount":22.99,"Currency":"EUR","DisplayAmount":"22,99 €"}}]}}],"SearchURL":"https://www.amazon.es/s?k=cuero&rh=n%3A3074370031%2Cp_n_availability%3A-1&tag=topinalambricos-21&linkCode=osi","TotalResultCount":259}},"17":{"SearchResult":{"Items":[{"ASIN":"B01MTRBXYM","DetailPageURL":"https://www.amazon.es/dp/B01MTRBXYM?tag=topinalambricos-21&linkCode=osi&th=1&psc=1","Images":{"Primary":{"Small":{"Height":75,"URL":"https://m.media-amazon.com/images/I/41ftrYqFLHL._SL75_.jpg","Width":68}}},"ItemInfo":{"ByLineInfo":{"Brand":{"DisplayValue":"YoungSoul","Label":"Brand","Locale":"es_ES"}},"Title":{"DisplayValue":"YoungSoul Chaqueta Biker Niño - Cazadora Motera Efecto Piel Niña - Abrigos Imitacion Cuero con Cremallera Primavera Otoño Negro 11-12 años/Tamaño 150","Label":"Title","Locale":"es_ES"}},"Offers":{"Summaries":[{"Condition":{"Value":"New"},"LowestPrice":{"Amount":28.99,"Currency":"EUR","DisplayAmount":"28,99 €"}}]}},{"ASIN":"B074XB6QWN","DetailPageURL":"https://www.amazon.es/dp/B074XB6QWN?tag=topinalambricos-21&linkCode=osi&th=1&psc=1","Images":{"Primary":{"Small":{"Height":75,"URL":"https://m.media-amazon.com/images/I/411wI+ecH0L._SL75_.jpg","Width":71}}},"ItemInfo":{"ByLineInfo":{"Brand":{"DisplayValue":"YoungSoul","Label":"Brand","Locale":"es_ES"}},"Title":{"DisplayValue":"YoungSoul Chaqueta Biker de Cuero sintético para Niños - Abrigos de imitación Cuero Primavera e Otoño - Cazadoras Moto ccon Diseño Guateado 10-11 años/Etiqueta 150cm","Label":"Title","Locale":"es_ES"}},"Offers":{"Summaries":[{"Condition":{"Value":"New"},"LowestPrice":{"Amount":33.89,"Currency":"EUR","DisplayAmount":"33,89 €"}}]}},{"ASIN":"B09L8Q72F7","DetailPageURL":"https://www.amazon.es/dp/B09L8Q72F7?tag=topinalambricos-21&linkCode=osi&th=1&psc=1","Images":{"Primary":{"Small":{"Height":75,"URL":"https://m.media-amazon.com/images/I/41CCkOp3waL._SL75_.jpg","Width":57}}},"ItemInfo":{"ByLineInfo":{"Brand":{"DisplayValue":"Champion","Label":"Brand","Locale":"es_ES"},"Manufacturer":{"DisplayValue":"Champion","Label":"Manufacturer","Locale":"es_ES"}},"Title":{"DisplayValue":"Champion Outdoor-Small Script Logo Chaqueta de Traje, Nero, 11-12 Anni Unisex-Niños y Adolescentes","Label":"Title","Locale":"es_ES"}},"Offers":{"Summaries":[{"Condition":{"Value":"New"},"LowestPrice":{"Amount":57.38,"Currency":"EUR","DisplayAmount":"57,38 €"}}]}},{"ASIN":"B07G9GJ91V","DetailPageURL":"https://www.amazon.es/dp/B07G9GJ91V?tag=topinalambricos-21&linkCode=osi&th=1&psc=1","Images":{"Primary":{"Small":{"Height":75,"URL":"https://m.media-amazon.com/images/I/41ShWqZRkDL._SL75_.jpg","Width":75}}},"ItemInfo":{"ByLineInfo":{"Brand":{"DisplayValue":"LAUSONS","Label":"Brand","Locale":"es_ES"}},"Title":{"DisplayValue":"LAUSONS Chaqueta de Imitación Cuero para Niños - Abrigos Cazadora de Piel Sintetica Tipo Bomber Negro 7-8 años","Label":"Title","Locale":"es_ES"}},"Offers":{"Summaries":[{"Condition":{"Value":"New"},"LowestPrice":{"Amount":27.99,"Currency":"EUR","DisplayAmount":"27,99 €"}}]}},{"ASIN":"B0953RG49S","DetailPageURL":"https://www.amazon.es/dp/B0953RG49S?tag=topinalambricos-21&linkCode=osi&th=1&psc=1","Images":{"Primary":{"Small":{"Height":75,"URL":"https://m.media-amazon.com/images/I/41+h2Fsd2qS._SL75_.jpg","Width":49}}},"ItemInfo":{"ByLineInfo":{"Brand":{"DisplayValue":"Charanga","Label":"Brand","Locale":"es_ES"},"Manufacturer":{"DisplayValue":"Charanga","Label":"Manufacturer","Locale":"es_ES"}},"Title":{"DisplayValue":"Charanga AJURBAN Chaqueta de Cuero sintético, Negro, 7-8 Chicos","Label":"Title","Locale":"es_ES"}},"Offers":{"Summaries":[{"Condition":{"Value":"New"},"LowestPrice":{"Amount":49.82,"Currency":"EUR","DisplayAmount":"49,82 €"}}]}},{"ASIN":"B07JNL83H4","DetailPageURL":"https://www.amazon.es/dp/B07JNL83H4?tag=topinalambricos-21&linkCode=osi&th=1&psc=1","Images":{"Primary":{"Small":{"Height":75,"URL":"https://m.media-amazon.com/images/I/416JzMEbdGL._SL75_.jpg","Width":75}}},"ItemInfo":{"ByLineInfo":{"Brand":{"DisplayValue":"LAUSONS","Label":"Brand","Locale":"es_ES"}},"Title":{"DisplayValue":"LAUSONS Chaqueta Pelo Sintetico Nino Motera Primavera Otoño Cazadora Imitacion Cuero con Tachuelas y Cremallera Negro 7-8 años","Label":"Title","Locale":"es_ES"}},"Offers":{"Summaries":[{"Condition":{"Value":"New"},"LowestPrice":{"Amount":31.98,"Currency":"EUR","DisplayAmount":"31,98 €"}}]}},{"ASIN":"B073V8VPXZ","DetailPageURL":"https://www.amazon.es/dp/B073V8VPXZ?tag=topinalambricos-21&linkCode=osi&th=1&psc=1","Images":{"Primary":{"Small":{"Height":75,"URL":"https://m.media-amazon.com/images/I/417pJY-dztL._SL75_.jpg","Width":44}}},"ItemInfo":{"ByLineInfo":{"Brand":{"DisplayValue":"Guirca","Label":"Brand","Locale":"es_ES"},"Manufacturer":{"DisplayValue":"Guirca","Label":"Manufacturer","Locale":"es_ES"}},"Title":{"DisplayValue":"Guirca 87477 - Chaqueta Cuero Infantil Talla 5-6 Años","Label":"Title","Locale":"es_ES"}},"Offers":{"Summaries":[{"Condition":{"Value":"New"},"LowestPrice":{"Amount":17.36,"Currency":"EUR","DisplayAmount":"17,36 €"}}]}},{"ASIN":"B09B5GSW2G","DetailPageURL":"https://www.amazon.es/dp/B09B5GSW2G?tag=topinalambricos-21&linkCode=osi&th=1&psc=1","Images":{"Primary":{"Small":{"Height":75,"URL":"https://m.media-amazon.com/images/I/41j3mACI3LL._SL75_.jpg","Width":56}}},"ItemInfo":{"ByLineInfo":{"Brand":{"DisplayValue":"JACK&JONES JUNIOR","Label":"Brand","Locale":"es_ES"},"Manufacturer":{"DisplayValue":"Bestseller A/S","Label":"Manufacturer","Locale":"es_ES"}},"Title":{"DisplayValue":"JACK&JONES JUNIOR Jjerocky Jacket Jnr Chaqueta de Piel sintética, Negro, 140 cm para Niños","Label":"Title","Locale":"es_ES"}},"Offers":{"Summaries":[{"Condition":{"Value":"New"},"LowestPrice":{"Amount":50.59,"Currency":"EUR","DisplayAmount":"50,59 €"}}]}},{"ASIN":"B0BGY19PX2","DetailPageURL":"https://www.amazon.es/dp/B0BGY19PX2?tag=topinalambricos-21&linkCode=osi&th=1&psc=1","Images":{"Primary":{"Small":{"Height":75,"URL":"https://m.media-amazon.com/images/I/41pMWF6WBeL._SL75_.jpg","Width":75}}},"ItemInfo":{"ByLineInfo":{"Brand":{"DisplayValue":"riou","Label":"Brand","Locale":"es_ES"},"Manufacturer":{"DisplayValue":"riou","Label":"Manufacturer","Locale":"es_ES"}},"Title":{"DisplayValue":"riou Sudadera Navidad Familiares Suéter 2022 Feo Sudaderas Navideñas Ugly Reno Manga Larga Pullover Mujer Hombre Niño Niña Chica Chico Talla Grande Túnica Sueter Moda Hoodie","Label":"Title","Locale":"es_ES"}},"Offers":{"Summaries":[{"Condition":{"Value":"New"},"LowestPrice":{"Amount":8.99,"Currency":"EUR","DisplayAmount":"8,99 €"}}]}},{"ASIN":"B09MQX1WL4","DetailPageURL":"https://www.amazon.es/dp/B09MQX1WL4?tag=topinalambricos-21&linkCode=osi&th=1&psc=1","Images":{"Primary":{"Small":{"Height":75,"URL":"https://m.media-amazon.com/images/I/41WJCcFa-lL._SL75_.jpg","Width":57}}},"ItemInfo":{"ByLineInfo":{"Brand":{"DisplayValue":"United Colors of Benetton","Label":"Brand","Locale":"es_ES"},"Manufacturer":{"DisplayValue":"BENETTON GROUP S.R.L.","Label":"Manufacturer","Locale":"es_ES"}},"Title":{"DisplayValue":"United Colors of Benetton Chaleco 2TWDGN00G, Rojo Oscuro 29L, 110 para Niños","Label":"Title","Locale":"es_ES"}},"Offers":{"Summaries":[{"Condition":{"Value":"New"},"LowestPrice":{"Amount":45.95,"Currency":"EUR","DisplayAmount":"45,95 €"}}]}}],"SearchURL":"https://www.amazon.es/s?k=chaqueta+cuero&rh=n%3A3074030031%2Cp_n_availability%3A-1&tag=topinalambricos-21&linkCode=osi","TotalResultCount":1645}},"18":{"SearchResult":{"Items":[{"ASIN":"B09GBLHBTY","DetailPageURL":"https://www.amazon.es/dp/B09GBLHBTY?tag=topinalambricos-21&linkCode=osi&th=1&psc=1","Images":{"Primary":{"Small":{"Height":75,"URL":"https://m.media-amazon.com/images/I/31JlwL5mD+L._SL75_.jpg","Width":58}}},"ItemInfo":{"ByLineInfo":{"Brand":{"DisplayValue":"Borghese - Pelletteria Artigianale","Label":"Brand","Locale":"es_ES"}},"Title":{"DisplayValue":"Pelletterie Borghese| Chaqueta de cuero Biker Negro | Cuero Biker | Chaqueta de motocicleta | Chaqueta de cuero | Cuero genuino | Made in Italy | Chiodo VN (46)","Label":"Title","Locale":"es_ES"}},"Offers":{"Summaries":[{"Condition":{"Value":"New"},"LowestPrice":{"Amount":229.0,"Currency":"EUR","DisplayAmount":"229,00 €"}}]}},{"ASIN":"B00VBOSEZ2","DetailPageURL":"https://www.amazon.es/dp/B00VBOSEZ2?tag=topinalambricos-21&linkCode=osi&th=1&psc=1","Images":{"Primary":{"Small":{"Height":75,"URL":"https://m.media-amazon.com/images/I/413Gk9r4tpL._SL75_.jpg","Width":51}}},"ItemInfo":{"ByLineInfo":{"Brand":{"DisplayValue":"MDM","Label":"Brand","Locale":"es_ES"},"Manufacturer":{"DisplayValue":"MDM","Label":"Manufacturer","Locale":"es_ES"}},"Title":{"DisplayValue":"MDM Chaleco Cuero Biker Negro Hombres (XL)","Label":"Title","Locale":"es_ES"}},"Offers":{"Summaries":[{"Condition":{"Value":"New"},"LowestPrice":{"Amount":79.9,"Currency":"EUR","DisplayAmount":"79,90 €"}}]}},{"ASIN":"B07KYSC86H","DetailPageURL":"https://www.amazon.es/dp/B07KYSC86H?tag=topinalambricos-21&linkCode=osi&th=1&psc=1","Images":{"Primary":{"Small":{"Height":75,"URL":"https://m.media-amazon.com/images/I/41gYO6QsoTL._SL75_.jpg","Width":56}}},"ItemInfo":{"ByLineInfo":{"Brand":{"DisplayValue":"Aviatrix","Label":"Brand","Locale":"es_ES"}},"Title":{"DisplayValue":"Aviatrix Chaqueta Biker De Cuero Autentico Para Hombre Con Cuello De Banda y Distintivos De Moto (CXUS)","Label":"Title","Locale":"es_ES"}},"Offers":{"Summaries":[{"Condition":{"Value":"New"},"LowestPrice":{"Amount":119.99,"Currency":"EUR","DisplayAmount":"119,99 €"}}]}},{"ASIN":"B09L4TXVWL","DetailPageURL":"https://www.amazon.es/dp/B09L4TXVWL?tag=topinalambricos-21&linkCode=osi&th=1&psc=1","Images":{"Primary":{"Small":{"Height":75,"URL":"https://m.media-amazon.com/images/I/31U8LnnBQjL._SL75_.jpg","Width":75}}},"ItemInfo":{"ByLineInfo":{"Brand":{"DisplayValue":"DDBAKT","Label":"Brand","Locale":"es_ES"},"Manufacturer":{"DisplayValue":"JINYU","Label":"Manufacturer","Locale":"es_ES"}},"Title":{"DisplayValue":"DDBAKT Otoño Suéter Hombres Slim Blanco Chaquetas De Cuero Oblicua Cremallera Motocicleta Chaquetas Nuevos Hombres Outwear Moto Biker Cuero Abrigos Tamaño 4XL, blanco, M","Label":"Title","Locale":"es_ES"}},"Offers":{"Summaries":[{"Condition":{"Value":"New"},"LowestPrice":{"Amount":33.43,"Currency":"EUR","DisplayAmount":"33,43 €"}}]}},{"ASIN":"B01C33LNRU","DetailPageURL":"https://www.amazon.es/dp/B01C33LNRU?tag=topinalambricos-21&linkCode=osi&th=1&psc=1","Images":{"Primary":{"Small":{"Height":75,"URL":"https://m.media-amazon.com/images/I/417qlvCiYML._SL75_.jpg","Width":67}}},"ItemInfo":{"ByLineInfo":{"Brand":{"DisplayValue":"Bikers Gear Australia","Label":"Brand","Locale":"es_ES"},"Manufacturer":{"DisplayValue":"Australian Bikers Gear","Label":"Manufacturer","Locale":"es_ES"}},"Title":{"DisplayValue":"Marrón clásico Encerada y engrasado Cuero Vacuno Motociclismo emperrada blindado por Ciclistas Gear UK Marrón marrón Talla:XXX-Large","Label":"Title","Locale":"es_ES"}},"Offers":{"Summaries":[{"Condition":{"Value":"New"},"LowestPrice":{"Amount":137.82,"Currency":"EUR","DisplayAmount":"137,82 €"}},{"Condition":{"Value":"Used"},"LowestPrice":{"Amount":104.37,"Currency":"EUR","DisplayAmount":"104,37 €"}}]}},{"ASIN":"B00BE4VN2U","DetailPageURL":"https://www.amazon.es/dp/B00BE4VN2U?tag=topinalambricos-21&linkCode=osi&th=1&psc=1","Images":{"Primary":{"Small":{"Height":75,"URL":"https://m.media-amazon.com/images/I/417qlvCiYML._SL75_.jpg","Width":67}}},"ItemInfo":{"ByLineInfo":{"Brand":{"DisplayValue":"Bikers Gear Australia","Label":"Brand","Locale":"es_ES"},"Manufacturer":{"DisplayValue":"Australian Bikers Gear","Label":"Manufacturer","Locale":"es_ES"}},"Title":{"DisplayValue":"Australian Bikers Gear Chaqueta Trailmaster con un tratamiento de cuero encerado marron TALLA 3XL","Label":"Title","Locale":"es_ES"}},"Offers":{"Summaries":[{"Condition":{"Value":"New"},"LowestPrice":{"Amount":171.78,"Currency":"EUR","DisplayAmount":"171,78 €"}}]}},{"ASIN":"B06X3TMQTN","DetailPageURL":"https://www.amazon.es/dp/B06X3TMQTN?tag=topinalambricos-21&linkCode=osi&th=1&psc=1","Images":{"Primary":{"Small":{"Height":62,"URL":"https://m.media-amazon.com/images/I/51vdlJmCWQL._SL75_.jpg","Width":75}}},"ItemInfo":{"ByLineInfo":{"Brand":{"DisplayValue":"Bohmberg","Label":"Brand","Locale":"es_ES"},"Manufacturer":{"DisplayValue":"Bohmberg","Label":"Manufacturer","Locale":"es_ES"}},"Title":{"DisplayValue":"Bohmberg Chaqueta de cuero Valuable para hombre Ropa urbana-Cuero pull-up-Clásico atemporal con un aspecto inconfundiblemente masculino de motorista/Cuero genuino (M)","Label":"Title","Locale":"es_ES"}},"Offers":{"Summaries":[{"Condition":{"Value":"New"},"LowestPrice":{"Amount":179.9,"Currency":"EUR","DisplayAmount":"179,90 €"}}]}},{"ASIN":"B07Z5JQQ41","DetailPageURL":"https://www.amazon.es/dp/B07Z5JQQ41?tag=topinalambricos-21&linkCode=osi&th=1&psc=1","Images":{"Primary":{"Small":{"Height":56,"URL":"https://m.media-amazon.com/images/I/41IuRveAjTL._SL75_.jpg","Width":75}}},"ItemInfo":{"ByLineInfo":{"Brand":{"DisplayValue":"warrior gears","Label":"Brand","Locale":"es_ES"},"Manufacturer":{"DisplayValue":"Modernage London","Label":"Manufacturer","Locale":"es_ES"}},"Title":{"DisplayValue":"Brando - Chaqueta de piel auténtica para hombre | Piel de vacuno en relieve | Cuero genuino | Chaquetas Marlo perfecto - Black - M","Label":"Title","Locale":"es_ES"}},"Offers":{"Summaries":[{"Condition":{"Value":"New"},"LowestPrice":{"Amount":76.21,"Currency":"EUR","DisplayAmount":"76,21 €"}}]}},{"ASIN":"B0B4L753KQ","DetailPageURL":"https://www.amazon.es/dp/B0B4L753KQ?tag=topinalambricos-21&linkCode=osi&th=1&psc=1","Images":{"Primary":{"Small":{"Height":75,"URL":"https://m.media-amazon.com/images/I/51xYl+53piL._SL75_.jpg","Width":66}}},"ItemInfo":{"ByLineInfo":{"Brand":{"DisplayValue":"Mendhro","Label":"Brand","Locale":"es_ES"}},"Title":{"DisplayValue":"Hombres Biker Vintage Retro 2 Motocicleta Antiguo Apagado Cafe Racer Brando Moto Chaqueta De Cuero Para Hombres, gris, M","Label":"Title","Locale":"es_ES"}},"Offers":{"Summaries":[{"Condition":{"Value":"New"},"LowestPrice":{"Amount":105.51,"Currency":"EUR","DisplayAmount":"105,51 €"}}]}},{"ASIN":"B06XJTFYV5","DetailPageURL":"https://www.amazon.es/dp/B06XJTFYV5?tag=topinalambricos-21&linkCode=osi&th=1&psc=1","Images":{"Primary":{"Small":{"Height":75,"URL":"https://m.media-amazon.com/images/I/41yC5nYmEuL._SL75_.jpg","Width":75}}},"ItemInfo":{"ByLineInfo":{"Brand":{"DisplayValue":"Bohmberg","Label":"Brand","Locale":"es_ES"},"Manufacturer":{"DisplayValue":"Bohmberg","Label":"Manufacturer","Locale":"es_ES"}},"Title":{"DisplayValue":"Chaqueta de Moto BOHMBERG de Cuero Genuino - con Protectores extraíbles - Diseñado en Berlín - 100% Cuero - L","Label":"Title","Locale":"es_ES"}},"Offers":{"Summaries":[{"Condition":{"Value":"New"},"LowestPrice":{"Amount":149.0,"Currency":"EUR","DisplayAmount":"149,00 €"}}]}}],"SearchURL":"https://www.amazon.es/s?k=cuero+bike&rh=n%3A2425315031%2Cp_n_availability%3A-1&tag=topinalambricos-21&linkCode=osi","TotalResultCount":988}},"19":{"SearchResult":{"Items":[{"ASIN":"B01N24I5MD","DetailPageURL":"https://www.amazon.es/dp/B01N24I5MD?tag=topinalambricos-21&linkCode=osi&th=1&psc=1","Images":{"Primary":{"Small":{"Height":75,"URL":"https://m.media-amazon.com/images/I/41D-W95pJiL._SL75_.jpg","Width":75}}},"ItemInfo":{"ByLineInfo":{"Brand":{"DisplayValue":"Dainese","Label":"Brand","Locale":"es_ES"},"Manufacturer":{"DisplayValue":"Dainese","Label":"Manufacturer","Locale":"es_ES"}},"Title":{"DisplayValue":"Cazadora Dainese Air-Frame D1 Tex Blanco-Rojo 50","Label":"Title","Locale":"es_ES"}},"Offers":{"Summaries":[{"Condition":{"Value":"New"},"LowestPrice":{"Amount":203.8,"Currency":"EUR","DisplayAmount":"203,80 €"}}]}},{"ASIN":"B00QOXOX0A","DetailPageURL":"https://www.amazon.es/dp/B00QOXOX0A?tag=topinalambricos-21&linkCode=osi&th=1&psc=1","Images":{"Primary":{"Small":{"Height":75,"URL":"https://m.media-amazon.com/images/I/41TC7-FAtmL._SL75_.jpg","Width":75}}},"ItemInfo":{"ByLineInfo":{"Brand":{"DisplayValue":"Dainese","Label":"Brand","Locale":"es_ES"},"Manufacturer":{"DisplayValue":"Dainese","Label":"Manufacturer","Locale":"es_ES"}},"Title":{"DisplayValue":"Dainese Air Flux D1 Tex Jacket Chaqueta Moto Verano, Gris(Antracita/Negro)","Label":"Title","Locale":"es_ES"}},"Offers":{"Summaries":[{"Condition":{"Value":"New"},"LowestPrice":{"Amount":159.92,"Currency":"EUR","DisplayAmount":"159,92 €"}},{"Condition":{"Value":"Used"},"LowestPrice":{"Amount":128.41,"Currency":"EUR","DisplayAmount":"128,41 €"}}]}},{"ASIN":"B015QDZ11S","DetailPageURL":"https://www.amazon.es/dp/B015QDZ11S?tag=topinalambricos-21&linkCode=osi&th=1&psc=1","Images":{"Primary":{"Small":{"Height":50,"URL":"https://m.media-amazon.com/images/I/314rR3LoxKL._SL75_.jpg","Width":75}}},"ItemInfo":{"ByLineInfo":{"Brand":{"DisplayValue":"Dainese","Label":"Brand","Locale":"es_ES"},"Manufacturer":{"DisplayValue":"Dainese","Label":"Manufacturer","Locale":"es_ES"}},"Title":{"DisplayValue":"Dainese 1915932_606_XL/X Ropa Interior para Moto, Negro/Rojo, XL/X","Label":"Title","Locale":"es_ES"}},"Offers":{"Summaries":[{"Condition":{"Value":"New"},"LowestPrice":{"Amount":67.18,"Currency":"EUR","DisplayAmount":"67,18 €"}}]}},{"ASIN":"B00E9N3312","DetailPageURL":"https://www.amazon.es/dp/B00E9N3312?tag=topinalambricos-21&linkCode=osi&th=1&psc=1","Images":{"Primary":{"Small":{"Height":75,"URL":"https://m.media-amazon.com/images/I/41SLap2ov2L._SL75_.jpg","Width":75}}},"ItemInfo":{"ByLineInfo":{"Brand":{"DisplayValue":"Dainese","Label":"Brand","Locale":"es_ES"},"Manufacturer":{"DisplayValue":"Dainese","Label":"Manufacturer","Locale":"es_ES"}},"Title":{"DisplayValue":"Dainese Super Speed Tex Jacket Chaqueta Moto Verano","Label":"Title","Locale":"es_ES"}},"Offers":{"Summaries":[{"Condition":{"Value":"New"},"LowestPrice":{"Amount":293.27,"Currency":"EUR","DisplayAmount":"293,27 €"}}]}},{"ASIN":"B07MP1D6CZ","DetailPageURL":"https://www.amazon.es/dp/B07MP1D6CZ?tag=topinalambricos-21&linkCode=osi&th=1&psc=1","Images":{"Primary":{"Small":{"Height":75,"URL":"https://m.media-amazon.com/images/I/41-Rr-lIhUL._SL75_.jpg","Width":58}}},"ItemInfo":{"ByLineInfo":{"Brand":{"DisplayValue":"Dainese","Label":"Brand","Locale":"es_ES"},"Manufacturer":{"DisplayValue":"Dainese S.p.A.","Label":"Manufacturer","Locale":"es_ES"}},"Title":{"DisplayValue":"Dainese Down-Jacket Afteride, Chaqueta Impermeable Moto, negro, xl","Label":"Title","Locale":"es_ES"}},"Offers":{"Summaries":[{"Condition":{"Value":"New"},"LowestPrice":{"Amount":152.96,"Currency":"EUR","DisplayAmount":"152,96 €"}}]}},{"ASIN":"B00A2VHUUK","DetailPageURL":"https://www.amazon.es/dp/B00A2VHUUK?tag=topinalambricos-21&linkCode=osi&th=1&psc=1","Images":{"Primary":{"Small":{"Height":26,"URL":"https://m.media-amazon.com/images/I/31qGaHb5KYL._SL75_.jpg","Width":75}}},"ItemInfo":{"ByLineInfo":{"Brand":{"DisplayValue":"Dainese","Label":"Brand","Locale":"es_ES"},"Manufacturer":{"DisplayValue":"Dainese","Label":"Manufacturer","Locale":"es_ES"}},"Title":{"DisplayValue":"Dainese-UNION BELT, Negro , Talla N","Label":"Title","Locale":"es_ES"}},"Offers":{"Summaries":[{"Condition":{"Value":"New"},"LowestPrice":{"Amount":46.71,"Currency":"EUR","DisplayAmount":"46,71 €"}}]}},{"ASIN":"B07BRVKF94","DetailPageURL":"https://www.amazon.es/dp/B07BRVKF94?tag=topinalambricos-21&linkCode=osi&th=1&psc=1","Images":{"Primary":{"Small":{"Height":75,"URL":"https://m.media-amazon.com/images/I/41eGjV6rBhL._SL75_.jpg","Width":75}}},"ItemInfo":{"ByLineInfo":{"Brand":{"DisplayValue":"Dainese","Label":"Brand","Locale":"es_ES"},"Manufacturer":{"DisplayValue":"Dainese S.p.A.","Label":"Manufacturer","Locale":"es_ES"}},"Title":{"DisplayValue":"Dainese Rain Suit, Traje Impermeable Antilluvia Moto, Ultraligero, Plegable, con insertos reflectantes, antracita, m","Label":"Title","Locale":"es_ES"}},"Offers":{"Summaries":[{"Condition":{"Value":"Used"},"LowestPrice":{"Amount":119.16,"Currency":"EUR","DisplayAmount":"119,16 €"}},{"Condition":{"Value":"New"},"LowestPrice":{"Amount":135.96,"Currency":"EUR","DisplayAmount":"135,96 €"}}]}},{"ASIN":"B08NW7DF73","DetailPageURL":"https://www.amazon.es/dp/B08NW7DF73?tag=topinalambricos-21&linkCode=osi&th=1&psc=1","Images":{"Primary":{"Small":{"Height":75,"URL":"https://m.media-amazon.com/images/I/31SFGrUS14L._SL75_.jpg","Width":75}}},"ItemInfo":{"ByLineInfo":{"Brand":{"DisplayValue":"Dainese","Label":"Brand","Locale":"es_ES"},"Manufacturer":{"DisplayValue":"Dainese S.p.A.","Label":"Manufacturer","Locale":"es_ES"}},"Title":{"DisplayValue":"Dainese Ignite Tex Jacket, Chaqueta Textil Moto, Hombre, Grape-Leaf/Grape-Leaf, 50","Label":"Title","Locale":"es_ES"}},"Offers":{"Summaries":[{"Condition":{"Value":"New"},"LowestPrice":{"Amount":209.47,"Currency":"EUR","DisplayAmount":"209,47 €"}}]}},{"ASIN":"B08L3DRHXQ","DetailPageURL":"https://www.amazon.es/dp/B08L3DRHXQ?tag=topinalambricos-21&linkCode=osi&th=1&psc=1","Images":{"Primary":{"Small":{"Height":75,"URL":"https://m.media-amazon.com/images/I/41mFQN7d0TL._SL75_.jpg","Width":75}}},"ItemInfo":{"ByLineInfo":{"Brand":{"DisplayValue":"Dainese","Label":"Brand","Locale":"es_ES"},"Manufacturer":{"DisplayValue":"Dainese S.p.A.","Label":"Manufacturer","Locale":"es_ES"}},"Title":{"DisplayValue":"Dainese Storm 2 Unisex Jacket, Chaqueta Moto Impermeable, para Hombres y Mujeres, Black-Iris/Amarillo Fluo, XXL","Label":"Title","Locale":"es_ES"}},"Offers":{"Summaries":[{"Condition":{"Value":"New"},"LowestPrice":{"Amount":119.59,"Currency":"EUR","DisplayAmount":"119,59 €"}}]}},{"ASIN":"B01N37L6WN","DetailPageURL":"https://www.amazon.es/dp/B01N37L6WN?tag=topinalambricos-21&linkCode=osi&th=1&psc=1","Images":{"Primary":{"Small":{"Height":75,"URL":"https://m.media-amazon.com/images/I/41Jyuoz9ehL._SL75_.jpg","Width":75}}},"ItemInfo":{"ByLineInfo":{"Brand":{"DisplayValue":"Dainese","Label":"Brand","Locale":"es_ES"},"Manufacturer":{"DisplayValue":"Dainese","Label":"Manufacturer","Locale":"es_ES"}},"Title":{"DisplayValue":"Dainese Avro D2 Tex Lady Jacket Chaqueta Moto para Mujer","Label":"Title","Locale":"es_ES"}},"Offers":{"Summaries":[{"Condition":{"Value":"New"},"LowestPrice":{"Amount":242.05,"Currency":"EUR","DisplayAmount":"242,05 €"}}]}}],"SearchURL":"https://www.amazon.es/s?k=dainese&rh=n%3A2425315031%2Cp_n_availability%3A-1&tag=topinalambricos-21&linkCode=osi","TotalResultCount":594}},"20":{"SearchResult":{"Items":[{"ASIN":"B08WNB3GS2","DetailPageURL":"https://www.amazon.es/dp/B08WNB3GS2?tag=topinalambricos-21&linkCode=osi&th=1&psc=1","Images":{"Primary":{"Small":{"Height":75,"URL":"https://m.media-amazon.com/images/I/41u+xBnuZzL._SL75_.jpg","Width":75}}},"ItemInfo":{"ByLineInfo":{"Brand":{"DisplayValue":"Alpinestars","Label":"Brand","Locale":"es_ES"},"Manufacturer":{"DisplayValue":"Alpinestars","Label":"Manufacturer","Locale":"es_ES"}},"Title":{"DisplayValue":"Alpinestars Racer Tactical Maillot de Motocross Jacket, Negro/Rojo/Blanco, Talla única Unisex","Label":"Title","Locale":"es_ES"}},"Offers":{"Summaries":[{"Condition":{"Value":"New"},"LowestPrice":{"Amount":35.95,"Currency":"EUR","DisplayAmount":"35,95 €"}}]}},{"ASIN":"B06XPZLTGF","DetailPageURL":"https://www.amazon.es/dp/B06XPZLTGF?tag=topinalambricos-21&linkCode=osi&th=1&psc=1","Images":{"Primary":{"Small":{"Height":70,"URL":"https://m.media-amazon.com/images/I/41Vq92qMRiL._SL75_.jpg","Width":75}}},"ItemInfo":{"ByLineInfo":{"Brand":{"DisplayValue":"Alpinestars","Label":"Brand","Locale":"es_ES"},"Manufacturer":{"DisplayValue":"Alpinestars","Label":"Manufacturer","Locale":"es_ES"}},"Title":{"DisplayValue":"Alpinestars 331061712-M Chaqueta de moto, Negro/Blanco, M","Label":"Title","Locale":"es_ES"}},"Offers":{"Summaries":[{"Condition":{"Value":"New"},"LowestPrice":{"Amount":139.14,"Currency":"EUR","DisplayAmount":"139,14 €"}}]}},{"ASIN":"B07FQDWDH3","DetailPageURL":"https://www.amazon.es/dp/B07FQDWDH3?tag=topinalambricos-21&linkCode=osi&th=1&psc=1","Images":{"Primary":{"Small":{"Height":72,"URL":"https://m.media-amazon.com/images/I/41tQgC0p0qL._SL75_.jpg","Width":75}}},"ItemInfo":{"ByLineInfo":{"Brand":{"DisplayValue":"Alpinestars","Label":"Brand","Locale":"es_ES"},"Manufacturer":{"DisplayValue":"Alpinestars","Label":"Manufacturer","Locale":"es_ES"}},"Title":{"DisplayValue":"Alpinestars Chaqueta moto T-sp-1 Waterproof Jacket Negro Blanco, Negro/Blanco, L","Label":"Title","Locale":"es_ES"}},"Offers":{"Summaries":[{"Condition":{"Value":"New"},"LowestPrice":{"Amount":180.0,"Currency":"EUR","DisplayAmount":"180,00 €"}}]}},{"ASIN":"B074SGR82V","DetailPageURL":"https://www.amazon.es/dp/B074SGR82V?tag=topinalambricos-21&linkCode=osi&th=1&psc=1","Images":{"Primary":{"Small":{"Height":75,"URL":"https://m.media-amazon.com/images/I/41zbm-YJKlL._SL75_.jpg","Width":75}}},"ItemInfo":{"ByLineInfo":{"Brand":{"DisplayValue":"Alpinestars","Label":"Brand","Locale":"es_ES"},"Manufacturer":{"DisplayValue":"Alpinestars","Label":"Manufacturer","Locale":"es_ES"}},"Title":{"DisplayValue":"Alpinestars 6506818-13-L Ligero Chaqueta De Protección, Tamaño L, Negro","Label":"Title","Locale":"es_ES"}},"Offers":{"Summaries":[{"Condition":{"Value":"New"},"LowestPrice":{"Amount":119.9,"Currency":"EUR","DisplayAmount":"119,90 €"}}]}},{"ASIN":"B07ZZPN7YQ","DetailPageURL":"https://www.amazon.es/dp/B07ZZPN7YQ?tag=topinalambricos-21&linkCode=osi&th=1&psc=1","Images":{"Primary":{"Small":{"Height":75,"URL":"https://m.media-amazon.com/images/I/31tGvX8JTJL._SL75_.jpg","Width":75}}},"ItemInfo":{"ByLineInfo":{"Brand":{"DisplayValue":"Alpinestars","Label":"Brand","Locale":"es_ES"},"Manufacturer":{"DisplayValue":"Alpinestars","Label":"Manufacturer","Locale":"es_ES"}},"Title":{"DisplayValue":"Alpinestars Ageless II Polar","Label":"Title","Locale":"es_ES"}},"Offers":{"Summaries":[{"Condition":{"Value":"New"},"LowestPrice":{"Amount":61.5,"Currency":"EUR","DisplayAmount":"61,50 €"}}]}},{"ASIN":"B078TSW3BR","DetailPageURL":"https://www.amazon.es/dp/B078TSW3BR?tag=topinalambricos-21&linkCode=osi&th=1&psc=1","Images":{"Primary":{"Small":{"Height":75,"URL":"https://m.media-amazon.com/images/I/41jbGZ668WL._SL75_.jpg","Width":66}}},"ItemInfo":{"ByLineInfo":{"Brand":{"DisplayValue":"Alpinestars","Label":"Brand","Locale":"es_ES"},"Manufacturer":{"DisplayValue":"Alpinestars","Label":"Manufacturer","Locale":"es_ES"}},"Title":{"DisplayValue":"Alpinestars Chaqueta moto Spartan Jacket Black Black, Negro/Negro, M","Label":"Title","Locale":"es_ES"}},"Offers":{"Summaries":[{"Condition":{"Value":"New"},"LowestPrice":{"Amount":113.97,"Currency":"EUR","DisplayAmount":"113,97 €"}}]}},{"ASIN":"B07WWF66DH","DetailPageURL":"https://www.amazon.es/dp/B07WWF66DH?tag=topinalambricos-21&linkCode=osi&th=1&psc=1","Images":{"Primary":{"Small":{"Height":73,"URL":"https://m.media-amazon.com/images/I/41C6LcUHI7L._SL75_.jpg","Width":75}}},"ItemInfo":{"ByLineInfo":{"Brand":{"DisplayValue":"Alpinestars","Label":"Brand","Locale":"es_ES"},"Manufacturer":{"DisplayValue":"Alpinestars","Label":"Manufacturer","Locale":"es_ES"}},"Title":{"DisplayValue":"Alpinestars Chaqueta moto T-jaws V3 Waterproof Jacket Black, BLACK, L","Label":"Title","Locale":"es_ES"}},"Offers":{"Summaries":[{"Condition":{"Value":"New"},"LowestPrice":{"Amount":250.44,"Currency":"EUR","DisplayAmount":"250,44 €"}}]}},{"ASIN":"B07X5JJQYW","DetailPageURL":"https://www.amazon.es/dp/B07X5JJQYW?tag=topinalambricos-21&linkCode=osi&th=1&psc=1","Images":{"Primary":{"Small":{"Height":75,"URL":"https://m.media-amazon.com/images/I/417KSGCuawL._SL75_.jpg","Width":75}}},"ItemInfo":{"ByLineInfo":{"Brand":{"DisplayValue":"Alpinestars","Label":"Brand","Locale":"es_ES"},"Manufacturer":{"DisplayValue":"Alpinestars","Label":"Manufacturer","Locale":"es_ES"}},"Title":{"DisplayValue":"Alpinestars Chaqueta moto T-jaws V3 Waterproof Jacket Black Red Fluo, BLACK/RED/FLUO, XXL (32010201030)","Label":"Title","Locale":"es_ES"}},"Offers":{"Summaries":[{"Condition":{"Value":"New"},"LowestPrice":{"Amount":248.95,"Currency":"EUR","DisplayAmount":"248,95 €"}}]}},{"ASIN":"B08HPMMNRX","DetailPageURL":"https://www.amazon.es/dp/B08HPMMNRX?tag=topinalambricos-21&linkCode=osi&th=1&psc=1","Images":{"Primary":{"Small":{"Height":75,"URL":"https://m.media-amazon.com/images/I/41W2h+4X7PL._SL75_.jpg","Width":75}}},"ItemInfo":{"ByLineInfo":{"Brand":{"DisplayValue":"Alpinestars","Label":"Brand","Locale":"es_ES"},"Manufacturer":{"DisplayValue":"Alpinestars","Label":"Manufacturer","Locale":"es_ES"}},"Title":{"DisplayValue":"Alpinestars Andes V3 Drystar-Chaqueta, Verde/Azul/Negro, L Unisex","Label":"Title","Locale":"es_ES"}},"Offers":{"Summaries":[{"Condition":{"Value":"New"},"LowestPrice":{"Amount":227.8,"Currency":"EUR","DisplayAmount":"227,80 €"}}]}},{"ASIN":"B078TTJ322","DetailPageURL":"https://www.amazon.es/dp/B078TTJ322?tag=topinalambricos-21&linkCode=osi&th=1&psc=1","Images":{"Primary":{"Small":{"Height":75,"URL":"https://m.media-amazon.com/images/I/41OTB9dUJRL._SL75_.jpg","Width":69}}},"ItemInfo":{"ByLineInfo":{"Brand":{"DisplayValue":"Alpinestars","Label":"Brand","Locale":"es_ES"},"Manufacturer":{"DisplayValue":"Alpinestars","Label":"Manufacturer","Locale":"es_ES"}},"Title":{"DisplayValue":"Alpinestars Chaqueta moto Chrome Sport Hoodie Anthracite Black White, Negro/Gris, M","Label":"Title","Locale":"es_ES"}},"Offers":{"Summaries":[{"Condition":{"Value":"New"},"LowestPrice":{"Amount":158.77,"Currency":"EUR","DisplayAmount":"158,77 €"}}]}}],"SearchURL":"https://www.amazon.es/s?k=alpinestars&rh=n%3A2425315031%2Cp_n_availability%3A-1&tag=topinalambricos-21&linkCode=osi","TotalResultCount":830}},"21":{"SearchResult":{"Items":[{"ASIN":"B09GYCFVSV","DetailPageURL":"https://www.amazon.es/dp/B09GYCFVSV?tag=topinalambricos-21&linkCode=osi&th=1&psc=1","Images":{"Primary":{"Small":{"Height":75,"URL":"https://m.media-amazon.com/images/I/41QXO1RlxJL._SL75_.jpg","Width":65}}},"ItemInfo":{"ByLineInfo":{"Brand":{"DisplayValue":"KissKlear","Label":"Brand","Locale":"es_ES"}},"Title":{"DisplayValue":"KissKlear Goldberg Harley DAVIDSON - Chaqueta de motorista de piel auténtica (XS-5XL), Negro , XXXXL","Label":"Title","Locale":"es_ES"}},"Offers":{"Summaries":[{"Condition":{"Value":"New"},"LowestPrice":{"Amount":118.64,"Currency":"EUR","DisplayAmount":"118,64 €"}}]}},{"ASIN":"B08GKTNS9D","DetailPageURL":"https://www.amazon.es/dp/B08GKTNS9D?tag=topinalambricos-21&linkCode=osi&th=1&psc=1","Images":{"Primary":{"Small":{"Height":75,"URL":"https://m.media-amazon.com/images/I/41wzicZs2YL._SL75_.jpg","Width":66}}},"ItemInfo":{"ByLineInfo":{"Brand":{"DisplayValue":"DeColure","Label":"Brand","Locale":"es_ES"}},"Title":{"DisplayValue":"DeColure Goldberg Harley Davidson - Chaqueta de piel sintética y auténtica para hombre - L","Label":"Title","Locale":"es_ES"}},"Offers":{"Summaries":[{"Condition":{"Value":"New"},"LowestPrice":{"Amount":118.64,"Currency":"EUR","DisplayAmount":"118,64 €"}}]}},{"ASIN":"B01HZPXZLI","DetailPageURL":"https://www.amazon.es/dp/B01HZPXZLI?tag=topinalambricos-21&linkCode=osi&th=1&psc=1","Images":{"Primary":{"Small":{"Height":75,"URL":"https://m.media-amazon.com/images/I/415nWK2WAoL._SL75_.jpg","Width":57}}},"ItemInfo":{"ByLineInfo":{"Brand":{"DisplayValue":"Urban Leather","Label":"Brand","Locale":"es_ES"},"Manufacturer":{"DisplayValue":"Ur Leather","Label":"Manufacturer","Locale":"es_ES"}},"Title":{"DisplayValue":"Chaqueta Moto Hombre en Cuero 58 Gents | Cazadora de Moto de Piel de Cordero | Armadura Removible para Espalda, Hombros y Codos Aprobada por la CE | Negro | XXL","Label":"Title","Locale":"es_ES"}},"Offers":{"Summaries":[{"Condition":{"Value":"New"},"LowestPrice":{"Amount":134.6,"Currency":"EUR","DisplayAmount":"134,60 €"}}]}},{"ASIN":"B0817G18YT","DetailPageURL":"https://www.amazon.es/dp/B0817G18YT?tag=topinalambricos-21&linkCode=osi&th=1&psc=1","Images":{"Primary":{"Small":{"Height":75,"URL":"https://m.media-amazon.com/images/I/413wmkO1GSL._SL75_.jpg","Width":75}}},"ItemInfo":{"ByLineInfo":{"Brand":{"DisplayValue":"BORLENI","Label":"Brand","Locale":"es_ES"},"Manufacturer":{"DisplayValue":"BORLENI","Label":"Manufacturer","Locale":"es_ES"}},"Title":{"DisplayValue":"BORLENI Chaqueta de moto a prueba de viento motocicleta armadura de equipo de protección otoño invierno verano para hombre de toda estaciòn","Label":"Title","Locale":"es_ES"}},"Offers":{"Summaries":[{"Condition":{"Value":"New"},"LowestPrice":{"Amount":99.99,"Currency":"EUR","DisplayAmount":"99,99 €"}}]}},{"ASIN":"B07QDSRM45","DetailPageURL":"https://www.amazon.es/dp/B07QDSRM45?tag=topinalambricos-21&linkCode=osi&th=1&psc=1","Images":{"Primary":{"Small":{"Height":75,"URL":"https://m.media-amazon.com/images/I/41fdaRegEmL._SL75_.jpg","Width":75}}},"ItemInfo":{"ByLineInfo":{"Brand":{"DisplayValue":"Shima","Label":"Brand","Locale":"es_ES"},"Manufacturer":{"DisplayValue":"SHIMA","Label":"Manufacturer","Locale":"es_ES"}},"Title":{"DisplayValue":"Shima WINCHESTER Chaqueta Moto Hombre - Cazadora moto hombre de cuero clásico con CE espalda, hombros, codos protecciones, reforzado costuras dobles (Negro, S)","Label":"Title","Locale":"es_ES"}},"Offers":{"Summaries":[{"Condition":{"Value":"New"},"LowestPrice":{"Amount":137.4,"Currency":"EUR","DisplayAmount":"137,40 €"}}]}},{"ASIN":"B098BSQ3J9","DetailPageURL":"https://www.amazon.es/dp/B098BSQ3J9?tag=topinalambricos-21&linkCode=osi&th=1&psc=1","Images":{"Primary":{"Small":{"Height":74,"URL":"https://m.media-amazon.com/images/I/41lI6Dq2n-S._SL75_.jpg","Width":75}}},"ItemInfo":{"ByLineInfo":{"Brand":{"DisplayValue":"Style Up Ltd.","Label":"Brand","Locale":"es_ES"}},"Title":{"DisplayValue":"HDMM - Chaqueta de piel auténtica para motocicleta, estilo clásico, casual, estilo vintage, estilo vintage, estilo clásico,, Negro, S","Label":"Title","Locale":"es_ES"}},"Offers":{"Summaries":[{"Condition":{"Value":"New"},"LowestPrice":{"Amount":152.44,"Currency":"EUR","DisplayAmount":"152,44 €"}}]}},{"ASIN":"B087RWKW26","DetailPageURL":"https://www.amazon.es/dp/B087RWKW26?tag=topinalambricos-21&linkCode=osi&th=1&psc=1","Images":{"Primary":{"Small":{"Height":71,"URL":"https://m.media-amazon.com/images/I/51W4eZK608L._SL75_.jpg","Width":75}}},"ItemInfo":{"ByLineInfo":{"Brand":{"DisplayValue":"IGUANA CUSTOM CLOTHES","Label":"Brand","Locale":"es_ES"},"Manufacturer":{"DisplayValue":"Iguana Custom Collection","Label":"Manufacturer","Locale":"es_ES"}},"Title":{"DisplayValue":"Chaqueta de moto de cuero envejecido, modelo AGUILA by Iguana Custom Collection cruzada con grabado, protecciones homologadas y forro térmico desmontable. (2XL)","Label":"Title","Locale":"es_ES"}},"Offers":{"Summaries":[{"Condition":{"Value":"New"},"LowestPrice":{"Amount":228.78,"Currency":"EUR","DisplayAmount":"228,78 €"}}]}},{"ASIN":"B092V39788","DetailPageURL":"https://www.amazon.es/dp/B092V39788?tag=topinalambricos-21&linkCode=osi&th=1&psc=1","Images":{"Primary":{"Small":{"Height":75,"URL":"https://m.media-amazon.com/images/I/51Ew9W3EnlL._SL75_.jpg","Width":55}}},"ItemInfo":{"ByLineInfo":{"Brand":{"DisplayValue":"HAFSAH","Label":"Brand","Locale":"es_ES"}},"Title":{"DisplayValue":"Chaqueta de piel auténtica para hombre, estilo motociclista, color negro envejecido, chaqueta de piel auténtica, para hombre, Raya dorada, S","Label":"Title","Locale":"es_ES"}},"Offers":{"Summaries":[{"Condition":{"Value":"New"},"LowestPrice":{"Amount":87.99,"Currency":"EUR","DisplayAmount":"87,99 €"}}]}},{"ASIN":"B08NWCDJ3Z","DetailPageURL":"https://www.amazon.es/dp/B08NWCDJ3Z?tag=topinalambricos-21&linkCode=osi&th=1&psc=1","Images":{"Primary":{"Small":{"Height":75,"URL":"https://m.media-amazon.com/images/I/51por4kLYJL._SL75_.jpg","Width":55}}},"ItemInfo":{"ByLineInfo":{"Brand":{"DisplayValue":"MMHKSTORE","Label":"Brand","Locale":"es_ES"}},"Title":{"DisplayValue":"Chaqueta de cuero para hombre, estilo vintage, para motociclista, color negro","Label":"Title","Locale":"es_ES"}},"Offers":{"Summaries":[{"Condition":{"Value":"New"},"LowestPrice":{"Amount":70.29,"Currency":"EUR","DisplayAmount":"70,29 €"}}]}},{"ASIN":"B08D9P9RC3","DetailPageURL":"https://www.amazon.es/dp/B08D9P9RC3?tag=topinalambricos-21&linkCode=osi&th=1&psc=1","Images":{"Primary":{"Small":{"Height":75,"URL":"https://m.media-amazon.com/images/I/51TS1z4mVzL._SL75_.jpg","Width":71}}},"ItemInfo":{"ByLineInfo":{"Brand":{"DisplayValue":"PriceRight","Label":"Brand","Locale":"es_ES"},"Manufacturer":{"DisplayValue":"Gava","Label":"Manufacturer","Locale":"es_ES"}},"Title":{"DisplayValue":"PriceRight Cafe Racer - Chaqueta de cuero para hombre, chaqueta de cuero desgastado para hombre, chaqueta de motocicleta vintage, chaqueta de café para hombre, Retro_2, XL","Label":"Title","Locale":"es_ES"}},"Offers":{"Summaries":[{"Condition":{"Value":"New"},"LowestPrice":{"Amount":117.63,"Currency":"EUR","DisplayAmount":"117,63 €"}}]}}],"SearchURL":"https://www.amazon.es/s?k=chaqueta+harley+davidson&rh=n%3A2425315031%2Cp_n_availability%3A-1&tag=topinalambricos-21&linkCode=osi","TotalResultCount":257}},"22":{"SearchResult":{"Items":[{"ASIN":"B08Q8SC9N9","DetailPageURL":"https://www.amazon.es/dp/B08Q8SC9N9?tag=topinalambricos-21&linkCode=osi&th=1&psc=1","Images":{"Primary":{"Small":{"Height":56,"URL":"https://m.media-amazon.com/images/I/41EeDuxJ9dL._SL75_.jpg","Width":75}}},"ItemInfo":{"ByLineInfo":{"Brand":{"DisplayValue":"IGUANA CUSTOM CLOTHES","Label":"Brand","Locale":"es_ES"},"Manufacturer":{"DisplayValue":"Iguana Custom Collection","Label":"Manufacturer","Locale":"es_ES"}},"Title":{"DisplayValue":"Iguana Custom Collection Chaqueta de Moto de Cuero Envejecido Estilo Retro con Franjas, Modelo Old Racer, con Protecciones homologadas y Forro térmico Desmontable. (2XL)","Label":"Title","Locale":"es_ES"}},"Offers":{"Summaries":[{"Condition":{"Value":"New"},"LowestPrice":{"Amount":219.0,"Currency":"EUR","DisplayAmount":"219,00 €"}}]}},{"ASIN":"B0817G18YT","DetailPageURL":"https://www.amazon.es/dp/B0817G18YT?tag=topinalambricos-21&linkCode=osi&th=1&psc=1","Images":{"Primary":{"Small":{"Height":75,"URL":"https://m.media-amazon.com/images/I/413wmkO1GSL._SL75_.jpg","Width":75}}},"ItemInfo":{"ByLineInfo":{"Brand":{"DisplayValue":"BORLENI","Label":"Brand","Locale":"es_ES"},"Manufacturer":{"DisplayValue":"BORLENI","Label":"Manufacturer","Locale":"es_ES"}},"Title":{"DisplayValue":"BORLENI Chaqueta de moto a prueba de viento motocicleta armadura de equipo de protección otoño invierno verano para hombre de toda estaciòn","Label":"Title","Locale":"es_ES"}},"Offers":{"Summaries":[{"Condition":{"Value":"New"},"LowestPrice":{"Amount":99.99,"Currency":"EUR","DisplayAmount":"99,99 €"}}]}},{"ASIN":"B081DJJQHW","DetailPageURL":"https://www.amazon.es/dp/B081DJJQHW?tag=topinalambricos-21&linkCode=osi&th=1&psc=1","Images":{"Primary":{"Small":{"Height":75,"URL":"https://m.media-amazon.com/images/I/419KzcO2hzL._SL75_.jpg","Width":75}}},"ItemInfo":{"ByLineInfo":{"Brand":{"DisplayValue":"Zyxformis","Label":"Brand","Locale":"es_ES"},"Manufacturer":{"DisplayValue":"Zyxformis","Label":"Manufacturer","Locale":"es_ES"}},"Title":{"DisplayValue":"Zyxformis Chaqueta de moto impermeables,Motocicleta Chaquetas a prueba de viento Equipo de protección de cuerpo completo Blindado Otoño Verano Invierno para hombres","Label":"Title","Locale":"es_ES"}},"Offers":{"Summaries":[{"Condition":{"Value":"New"},"LowestPrice":{"Amount":105.99,"Currency":"EUR","DisplayAmount":"105,99 €"}}]}},{"ASIN":"B07KYTDLJT","DetailPageURL":"https://www.amazon.es/dp/B07KYTDLJT?tag=topinalambricos-21&linkCode=osi&th=1&psc=1","Images":{"Primary":{"Small":{"Height":75,"URL":"https://m.media-amazon.com/images/I/41seI91mACL._SL75_.jpg","Width":56}}},"ItemInfo":{"ByLineInfo":{"Brand":{"DisplayValue":"Aviatrix","Label":"Brand","Locale":"es_ES"}},"Title":{"DisplayValue":"Aviatrix Chaqueta Biker De Cuero Autentico Para Hombre Con Cuello De Banda y Distintivos De Moto (CXUS)","Label":"Title","Locale":"es_ES"}},"Offers":{"Summaries":[{"Condition":{"Value":"New"},"LowestPrice":{"Amount":119.99,"Currency":"EUR","DisplayAmount":"119,99 €"}}]}},{"ASIN":"B08D9P4L1Z","DetailPageURL":"https://www.amazon.es/dp/B08D9P4L1Z?tag=topinalambricos-21&linkCode=osi&th=1&psc=1","Images":{"Primary":{"Small":{"Height":75,"URL":"https://m.media-amazon.com/images/I/51TS1z4mVzL._SL75_.jpg","Width":71}}},"ItemInfo":{"ByLineInfo":{"Brand":{"DisplayValue":"PriceRight","Label":"Brand","Locale":"es_ES"},"Manufacturer":{"DisplayValue":"Gava","Label":"Manufacturer","Locale":"es_ES"}},"Title":{"DisplayValue":"PriceRight Cafe Racer - Chaqueta de cuero para hombre, chaqueta de cuero desgastado para hombre, chaqueta de motocicleta vintage, chaqueta de café para hombre, Retro_2, L","Label":"Title","Locale":"es_ES"}},"Offers":{"Summaries":[{"Condition":{"Value":"New"},"LowestPrice":{"Amount":117.63,"Currency":"EUR","DisplayAmount":"117,63 €"}}]}},{"ASIN":"B01HZPXZDG","DetailPageURL":"https://www.amazon.es/dp/B01HZPXZDG?tag=topinalambricos-21&linkCode=osi&th=1&psc=1","Images":{"Primary":{"Small":{"Height":75,"URL":"https://m.media-amazon.com/images/I/415nWK2WAoL._SL75_.jpg","Width":57}}},"ItemInfo":{"ByLineInfo":{"Brand":{"DisplayValue":"Urban Leather","Label":"Brand","Locale":"es_ES"},"Manufacturer":{"DisplayValue":"Ur Leather","Label":"Manufacturer","Locale":"es_ES"}},"Title":{"DisplayValue":"Chaqueta Moto Hombre en Cuero 58 Gents | Cazadora de Moto de Piel de Cordero | Armadura Removible para Espalda, Hombros y Codos Aprobada por la CE | Negro | XL","Label":"Title","Locale":"es_ES"}},"Offers":{"Summaries":[{"Condition":{"Value":"New"},"LowestPrice":{"Amount":135.41,"Currency":"EUR","DisplayAmount":"135,41 €"}}]}},{"ASIN":"B08NWCDJ3Z","DetailPageURL":"https://www.amazon.es/dp/B08NWCDJ3Z?tag=topinalambricos-21&linkCode=osi&th=1&psc=1","Images":{"Primary":{"Small":{"Height":75,"URL":"https://m.media-amazon.com/images/I/51por4kLYJL._SL75_.jpg","Width":55}}},"ItemInfo":{"ByLineInfo":{"Brand":{"DisplayValue":"MMHKSTORE","Label":"Brand","Locale":"es_ES"}},"Title":{"DisplayValue":"Chaqueta de cuero para hombre, estilo vintage, para motociclista, color negro","Label":"Title","Locale":"es_ES"}},"Offers":{"Summaries":[{"Condition":{"Value":"New"},"LowestPrice":{"Amount":70.29,"Currency":"EUR","DisplayAmount":"70,29 €"}}]}},{"ASIN":"B0B4L753KQ","DetailPageURL":"https://www.amazon.es/dp/B0B4L753KQ?tag=topinalambricos-21&linkCode=osi&th=1&psc=1","Images":{"Primary":{"Small":{"Height":75,"URL":"https://m.media-amazon.com/images/I/51xYl+53piL._SL75_.jpg","Width":66}}},"ItemInfo":{"ByLineInfo":{"Brand":{"DisplayValue":"Mendhro","Label":"Brand","Locale":"es_ES"}},"Title":{"DisplayValue":"Hombres Biker Vintage Retro 2 Motocicleta Antiguo Apagado Cafe Racer Brando Moto Chaqueta De Cuero Para Hombres, gris, M","Label":"Title","Locale":"es_ES"}},"Offers":{"Summaries":[{"Condition":{"Value":"New"},"LowestPrice":{"Amount":105.51,"Currency":"EUR","DisplayAmount":"105,51 €"}}]}},{"ASIN":"B087RVPR8B","DetailPageURL":"https://www.amazon.es/dp/B087RVPR8B?tag=topinalambricos-21&linkCode=osi&th=1&psc=1","Images":{"Primary":{"Small":{"Height":71,"URL":"https://m.media-amazon.com/images/I/51W4eZK608L._SL75_.jpg","Width":75}}},"ItemInfo":{"ByLineInfo":{"Brand":{"DisplayValue":"IGUANA CUSTOM CLOTHES","Label":"Brand","Locale":"es_ES"},"Manufacturer":{"DisplayValue":"Iguana Custom Collection","Label":"Manufacturer","Locale":"es_ES"}},"Title":{"DisplayValue":"Chaqueta de moto de cuero envejecido,modelo AGUILA by Iguana Custom Collection cruzada con grabado, protecciones homologadas y forro térmico desmontable (L)","Label":"Title","Locale":"es_ES"}},"Offers":{"Summaries":[{"Condition":{"Value":"New"},"LowestPrice":{"Amount":209.0,"Currency":"EUR","DisplayAmount":"209,00 €"}}]}},{"ASIN":"B00BE4VN0W","DetailPageURL":"https://www.amazon.es/dp/B00BE4VN0W?tag=topinalambricos-21&linkCode=osi&th=1&psc=1","Images":{"Primary":{"Small":{"Height":75,"URL":"https://m.media-amazon.com/images/I/417qlvCiYML._SL75_.jpg","Width":67}}},"ItemInfo":{"ByLineInfo":{"Brand":{"DisplayValue":"Bikers Gear Australia","Label":"Brand","Locale":"es_ES"},"Manufacturer":{"DisplayValue":"Australian Bikers Gear","Label":"Manufacturer","Locale":"es_ES"}},"Title":{"DisplayValue":"Australian Bikers Gear Chaqueta Trailmaster con un tratamiento de cuero encerado marron TALLA 2XL","Label":"Title","Locale":"es_ES"}},"Offers":{"Summaries":[{"Condition":{"Value":"New"},"LowestPrice":{"Amount":151.15,"Currency":"EUR","DisplayAmount":"151,15 €"}}]}}],"SearchURL":"https://www.amazon.es/s?k=chaqueta+triumph+cuero&rh=n%3A2425315031%2Cp_n_availability%3A-1&tag=topinalambricos-21&linkCode=osi","TotalResultCount":101}},"23":{"SearchResult":{"Items":[{"ASIN":"B01MYAE4IZ","DetailPageURL":"https://www.amazon.es/dp/B01MYAE4IZ?tag=topinalambricos-21&linkCode=osi&th=1&psc=1","Images":{"Primary":{"Small":{"Height":75,"URL":"https://m.media-amazon.com/images/I/41D-W95pJiL._SL75_.jpg","Width":75}}},"ItemInfo":{"ByLineInfo":{"Brand":{"DisplayValue":"Dainese","Label":"Brand","Locale":"es_ES"},"Manufacturer":{"DisplayValue":"Dainese","Label":"Manufacturer","Locale":"es_ES"}},"Title":{"DisplayValue":"Dainese Air Frame D1 Tex Jacket, Chaqueta Moto Verano Hombre","Label":"Title","Locale":"es_ES"}},"Offers":{"Summaries":[{"Condition":{"Value":"New"},"LowestPrice":{"Amount":199.0,"Currency":"EUR","DisplayAmount":"199,00 €"}}]}},{"ASIN":"B08HP6XQN5","DetailPageURL":"https://www.amazon.es/dp/B08HP6XQN5?tag=topinalambricos-21&linkCode=osi&th=1&psc=1","Images":{"Primary":{"Small":{"Height":75,"URL":"https://m.media-amazon.com/images/I/41te6Ugn4bL._SL75_.jpg","Width":75}}},"ItemInfo":{"ByLineInfo":{"Brand":{"DisplayValue":"Alpinestars","Label":"Brand","Locale":"es_ES"},"Manufacturer":{"DisplayValue":"Alpinestars","Label":"Manufacturer","Locale":"es_ES"}},"Title":{"DisplayValue":"Alpinestars Andes v3 drystar, Negro, M Unisex Adulto","Label":"Title","Locale":"es_ES"}},"Offers":{"Summaries":[{"Condition":{"Value":"New"},"LowestPrice":{"Amount":228.0,"Currency":"EUR","DisplayAmount":"228,00 €"}}]}},{"ASIN":"B09SBH7Y43","DetailPageURL":"https://www.amazon.es/dp/B09SBH7Y43?tag=topinalambricos-21&linkCode=osi&th=1&psc=1","Images":{"Primary":{"Small":{"Height":75,"URL":"https://m.media-amazon.com/images/I/41TrWKZvhZL._SL75_.jpg","Width":75}}},"ItemInfo":{"ByLineInfo":{"Brand":{"DisplayValue":"Shima","Label":"Brand","Locale":"es_ES"},"Manufacturer":{"DisplayValue":"SHIMA","Label":"Manufacturer","Locale":"es_ES"}},"Title":{"DisplayValue":"Shima WINCHESTER 2.0 Chaqueta Moto Hombre/Cazadora moto hombre de cuero clásico con CE espalda, hombros, codos protecciones, reforzado costuras dobles (Negro, S)","Label":"Title","Locale":"es_ES"}},"Offers":{"Summaries":[{"Condition":{"Value":"New"},"LowestPrice":{"Amount":178.92,"Currency":"EUR","DisplayAmount":"178,92 €"}}]}},{"ASIN":"B08BHXPRD9","DetailPageURL":"https://www.amazon.es/dp/B08BHXPRD9?tag=topinalambricos-21&linkCode=osi&th=1&psc=1","Images":{"Primary":{"Small":{"Height":75,"URL":"https://m.media-amazon.com/images/I/41ohUmJCtKL._SL75_.jpg","Width":75}}},"ItemInfo":{"ByLineInfo":{"Brand":{"DisplayValue":"Shima","Label":"Brand","Locale":"es_ES"},"Manufacturer":{"DisplayValue":"SHIMA","Label":"Manufacturer","Locale":"es_ES"}},"Title":{"DisplayValue":"SHIMA BANDIT Chaqueta Moto Hombre - Cazadora deportiva moto hombre de cuero verano ventilado con deslizadores de hombro, CE espalda, hombros, codos protecciones, reforzado costuras dobles (Fluo, 56)","Label":"Title","Locale":"es_ES"}},"Offers":{"Summaries":[{"Condition":{"Value":"New"},"LowestPrice":{"Amount":299.99,"Currency":"EUR","DisplayAmount":"299,99 €"}}]}},{"ASIN":"B0817G18YT","DetailPageURL":"https://www.amazon.es/dp/B0817G18YT?tag=topinalambricos-21&linkCode=osi&th=1&psc=1","Images":{"Primary":{"Small":{"Height":75,"URL":"https://m.media-amazon.com/images/I/413wmkO1GSL._SL75_.jpg","Width":75}}},"ItemInfo":{"ByLineInfo":{"Brand":{"DisplayValue":"BORLENI","Label":"Brand","Locale":"es_ES"},"Manufacturer":{"DisplayValue":"BORLENI","Label":"Manufacturer","Locale":"es_ES"}},"Title":{"DisplayValue":"BORLENI Chaqueta de moto a prueba de viento motocicleta armadura de equipo de protección otoño invierno verano para hombre de toda estaciòn","Label":"Title","Locale":"es_ES"}},"Offers":{"Summaries":[{"Condition":{"Value":"New"},"LowestPrice":{"Amount":99.99,"Currency":"EUR","DisplayAmount":"99,99 €"}}]}},{"ASIN":"B0721T1K9C","DetailPageURL":"https://www.amazon.es/dp/B0721T1K9C?tag=topinalambricos-21&linkCode=osi&th=1&psc=1","Images":{"Primary":{"Small":{"Height":75,"URL":"https://m.media-amazon.com/images/I/51RO0RAp5lL._SL75_.jpg","Width":74}}},"ItemInfo":{"ByLineInfo":{"Brand":{"DisplayValue":"LOVO","Label":"Brand","Locale":"es_ES"},"Manufacturer":{"DisplayValue":"LOVO","Label":"Manufacturer","Locale":"es_ES"}},"Title":{"DisplayValue":"LOVO Chaqueta 3/4 para moto (Hombre) (4XL)","Label":"Title","Locale":"es_ES"}},"Offers":{"Summaries":[{"Condition":{"Value":"New"},"LowestPrice":{"Amount":129.0,"Currency":"EUR","DisplayAmount":"129,00 €"}}]}},{"ASIN":"B01HZPY3GE","DetailPageURL":"https://www.amazon.es/dp/B01HZPY3GE?tag=topinalambricos-21&linkCode=osi&th=1&psc=1","Images":{"Primary":{"Small":{"Height":75,"URL":"https://m.media-amazon.com/images/I/415nWK2WAoL._SL75_.jpg","Width":57}}},"ItemInfo":{"ByLineInfo":{"Brand":{"DisplayValue":"Urban Leather","Label":"Brand","Locale":"es_ES"},"Manufacturer":{"DisplayValue":"Ur Leather","Label":"Manufacturer","Locale":"es_ES"}},"Title":{"DisplayValue":"Chaqueta Moto Hombre en Cuero 58 Gents | Cazadora de Moto de Piel de Cordero | Armadura Removible para Espalda, Hombros y Codos Aprobada por la CE | Negro | 5XL","Label":"Title","Locale":"es_ES"}},"Offers":{"Summaries":[{"Condition":{"Value":"New"},"LowestPrice":{"Amount":137.02,"Currency":"EUR","DisplayAmount":"137,02 €"}}]}},{"ASIN":"B08NWCDJ3Z","DetailPageURL":"https://www.amazon.es/dp/B08NWCDJ3Z?tag=topinalambricos-21&linkCode=osi&th=1&psc=1","Images":{"Primary":{"Small":{"Height":75,"URL":"https://m.media-amazon.com/images/I/51por4kLYJL._SL75_.jpg","Width":55}}},"ItemInfo":{"ByLineInfo":{"Brand":{"DisplayValue":"MMHKSTORE","Label":"Brand","Locale":"es_ES"}},"Title":{"DisplayValue":"Chaqueta de cuero para hombre, estilo vintage, para motociclista, color negro","Label":"Title","Locale":"es_ES"}},"Offers":{"Summaries":[{"Condition":{"Value":"New"},"LowestPrice":{"Amount":70.29,"Currency":"EUR","DisplayAmount":"70,29 €"}}]}},{"ASIN":"B081DJJQHW","DetailPageURL":"https://www.amazon.es/dp/B081DJJQHW?tag=topinalambricos-21&linkCode=osi&th=1&psc=1","Images":{"Primary":{"Small":{"Height":75,"URL":"https://m.media-amazon.com/images/I/419KzcO2hzL._SL75_.jpg","Width":75}}},"ItemInfo":{"ByLineInfo":{"Brand":{"DisplayValue":"Zyxformis","Label":"Brand","Locale":"es_ES"},"Manufacturer":{"DisplayValue":"Zyxformis","Label":"Manufacturer","Locale":"es_ES"}},"Title":{"DisplayValue":"Zyxformis Chaqueta de moto impermeables,Motocicleta Chaquetas a prueba de viento Equipo de protección de cuerpo completo Blindado Otoño Verano Invierno para hombres","Label":"Title","Locale":"es_ES"}},"Offers":{"Summaries":[{"Condition":{"Value":"New"},"LowestPrice":{"Amount":105.99,"Currency":"EUR","DisplayAmount":"105,99 €"}}]}},{"ASIN":"B07VZSVR2Z","DetailPageURL":"https://www.amazon.es/dp/B07VZSVR2Z?tag=topinalambricos-21&linkCode=osi&th=1&psc=1","Images":{"Primary":{"Small":{"Height":75,"URL":"https://m.media-amazon.com/images/I/41PSzCZTtaL._SL75_.jpg","Width":60}}},"ItemInfo":{"ByLineInfo":{"Brand":{"DisplayValue":"JET","Label":"Brand","Locale":"es_ES"},"Manufacturer":{"DisplayValue":"Jet Motorcycle Wear","Label":"Manufacturer","Locale":"es_ES"}},"Title":{"DisplayValue":"JET Chaqueta Moto Cuero Hombre con Protecciones Vintage Clasico Iconico Retro BRANDO (Negro liso, 2XL)","Label":"Title","Locale":"es_ES"}},"Offers":{"Summaries":[{"Condition":{"Value":"New"},"LowestPrice":{"Amount":94.99,"Currency":"EUR","DisplayAmount":"94,99 €"}}]}}],"SearchURL":"https://www.amazon.es/s?k=chaqueta+honda+cuero&rh=n%3A2425315031%2Cp_n_availability%3A-1&tag=topinalambricos-21&linkCode=osi","TotalResultCount":462}},"24":{"SearchResult":{"Items":[{"ASIN":"B09G3FXRS7","DetailPageURL":"https://www.amazon.es/dp/B09G3FXRS7?tag=topinalambricos-21&linkCode=osi&th=1&psc=1","Images":{"Primary":{"Small":{"Height":75,"URL":"https://m.media-amazon.com/images/I/51fV85Stv2S._SL75_.jpg","Width":55}}},"ItemInfo":{"ByLineInfo":{"Brand":{"DisplayValue":"Jorde Calf","Label":"Brand","Locale":"es_ES"},"Manufacturer":{"DisplayValue":"Jorde Calf","Label":"Manufacturer","Locale":"es_ES"}},"Title":{"DisplayValue":"Cafe Racer Retro 2 Cazadora motera de cuero envejecido de estilo vintage para hombre, negro, Raya dorada, XL","Label":"Title","Locale":"es_ES"}},"Offers":{"Summaries":[{"Condition":{"Value":"New"},"LowestPrice":{"Amount":104.78,"Currency":"EUR","DisplayAmount":"104,78 €"}}]}},{"ASIN":"B092R53JZS","DetailPageURL":"https://www.amazon.es/dp/B092R53JZS?tag=topinalambricos-21&linkCode=osi&th=1&psc=1","Images":{"Primary":{"Small":{"Height":75,"URL":"https://m.media-amazon.com/images/I/41iJqsxD5YL._SL75_.jpg","Width":65}}},"ItemInfo":{"ByLineInfo":{"Brand":{"DisplayValue":"LOVO","Label":"Brand","Locale":"es_ES"}},"Title":{"DisplayValue":"LOVO Chaqueta vintage de cuero para moto (3x_l)","Label":"Title","Locale":"es_ES"}},"Offers":{"Summaries":[{"Condition":{"Value":"New"},"LowestPrice":{"Amount":159.0,"Currency":"EUR","DisplayAmount":"159,00 €"}}]}},{"ASIN":"B07TZ7T7CF","DetailPageURL":"https://www.amazon.es/dp/B07TZ7T7CF?tag=topinalambricos-21&linkCode=osi&th=1&psc=1","Images":{"Primary":{"Small":{"Height":75,"URL":"https://m.media-amazon.com/images/I/413ycbXZxtL._SL75_.jpg","Width":58}}},"ItemInfo":{"ByLineInfo":{"Brand":{"DisplayValue":"e-genius","Label":"Brand","Locale":"es_ES"}},"Title":{"DisplayValue":"e-genius Chaqueta de cuero para motociclista, estilo vintage, color negro y marrón","Label":"Title","Locale":"es_ES"}},"Offers":{"Summaries":[{"Condition":{"Value":"New"},"LowestPrice":{"Amount":113.91,"Currency":"EUR","DisplayAmount":"113,91 €"}}]}},{"ASIN":"B07PW2F8R5","DetailPageURL":"https://www.amazon.es/dp/B07PW2F8R5?tag=topinalambricos-21&linkCode=osi&th=1&psc=1","Images":{"Primary":{"Small":{"Height":75,"URL":"https://m.media-amazon.com/images/I/41XqvQ-8LoL._SL75_.jpg","Width":75}}},"ItemInfo":{"ByLineInfo":{"Brand":{"DisplayValue":"REBELHORN","Label":"Brand","Locale":"es_ES"},"Manufacturer":{"DisplayValue":"POWERBIKE S.A.","Label":"Manufacturer","Locale":"es_ES"}},"Title":{"DisplayValue":"REBELHORN Hunter Pro Chaqueta de moto de cuero vintage para uso informal Protectores de codos y hombros de nivel CE 2 2 canales de ventilación 4 bolsillos, Vintage Negro, L","Label":"Title","Locale":"es_ES"}},"Offers":{"Summaries":[{"Condition":{"Value":"Used"},"LowestPrice":{"Amount":188.14,"Currency":"EUR","DisplayAmount":"188,14 €"}},{"Condition":{"Value":"New"},"LowestPrice":{"Amount":210.28,"Currency":"EUR","DisplayAmount":"210,28 €"}}]}},{"ASIN":"B079QCTMSM","DetailPageURL":"https://www.amazon.es/dp/B079QCTMSM?tag=topinalambricos-21&linkCode=osi&th=1&psc=1","Images":{"Primary":{"Small":{"Height":75,"URL":"https://m.media-amazon.com/images/I/513veBv8cAL._SL75_.jpg","Width":63}}},"ItemInfo":{"ByLineInfo":{"Brand":{"DisplayValue":"Red Smoke","Label":"Brand","Locale":"es_ES"}},"Title":{"DisplayValue":"Red Smoke Cafe Racer Vintage Motorcyle - Chaqueta de cuero marrón envejecido, I. Chaqueta Vintage Cafe Racer, M","Label":"Title","Locale":"es_ES"}},"Offers":{"Summaries":[{"Condition":{"Value":"New"},"LowestPrice":{"Amount":113.91,"Currency":"EUR","DisplayAmount":"113,91 €"}}]}},{"ASIN":"B0BCQN4MX4","DetailPageURL":"https://www.amazon.es/dp/B0BCQN4MX4?tag=topinalambricos-21&linkCode=osi&th=1&psc=1","Images":{"Primary":{"Small":{"Height":75,"URL":"https://m.media-amazon.com/images/I/41sCYY7SlbL._SL75_.jpg","Width":75}}},"ItemInfo":{"ByLineInfo":{"Brand":{"DisplayValue":"PRO FUTURE","Label":"Brand","Locale":"es_ES"}},"Title":{"DisplayValue":"PRO FUTURE Cazadora Moto de Cuero para Hombre ASPIDEX Vintage Custom & Café Race Estilo Harley, marrón, S","Label":"Title","Locale":"es_ES"}},"Offers":{"Summaries":[{"Condition":{"Value":"New"},"LowestPrice":{"Amount":139.0,"Currency":"EUR","DisplayAmount":"139,00 €"}}]}},{"ASIN":"B09XV3NQS3","DetailPageURL":"https://www.amazon.es/dp/B09XV3NQS3?tag=topinalambricos-21&linkCode=osi&th=1&psc=1","Images":{"Primary":{"Small":{"Height":75,"URL":"https://m.media-amazon.com/images/I/41Pmld8oX7L._SL75_.jpg","Width":75}}},"ItemInfo":{"ByLineInfo":{"Brand":{"DisplayValue":"Shima","Label":"Brand","Locale":"es_ES"},"Manufacturer":{"DisplayValue":"SHIMA","Label":"Manufacturer","Locale":"es_ES"}},"Title":{"DisplayValue":"SHIMA HUNTER Chaqueta Moto Hombre | Cazadora moto hombre de cuero A+ vintage ventilado con CE espalda, hombros, codos protecciones, reforzado costuras dobles (Model 2022, Marrón claro, L)","Label":"Title","Locale":"es_ES"}},"Offers":{"Summaries":[{"Condition":{"Value":"New"},"LowestPrice":{"Amount":206.47,"Currency":"EUR","DisplayAmount":"206,47 €"}}]}},{"ASIN":"B07VZSVR2Z","DetailPageURL":"https://www.amazon.es/dp/B07VZSVR2Z?tag=topinalambricos-21&linkCode=osi&th=1&psc=1","Images":{"Primary":{"Small":{"Height":75,"URL":"https://m.media-amazon.com/images/I/41PSzCZTtaL._SL75_.jpg","Width":60}}},"ItemInfo":{"ByLineInfo":{"Brand":{"DisplayValue":"JET","Label":"Brand","Locale":"es_ES"},"Manufacturer":{"DisplayValue":"Jet Motorcycle Wear","Label":"Manufacturer","Locale":"es_ES"}},"Title":{"DisplayValue":"JET Chaqueta Moto Cuero Hombre con Protecciones Vintage Clasico Iconico Retro BRANDO (Negro liso, 2XL)","Label":"Title","Locale":"es_ES"}},"Offers":{"Summaries":[{"Condition":{"Value":"New"},"LowestPrice":{"Amount":94.99,"Currency":"EUR","DisplayAmount":"94,99 €"}}]}},{"ASIN":"B08L3P5636","DetailPageURL":"https://www.amazon.es/dp/B08L3P5636?tag=topinalambricos-21&linkCode=osi&th=1&psc=1","Images":{"Primary":{"Small":{"Height":75,"URL":"https://m.media-amazon.com/images/I/41YuHB5eG7S._SL75_.jpg","Width":63}}},"ItemInfo":{"ByLineInfo":{"Brand":{"DisplayValue":"BI ESSE","Label":"Brand","Locale":"es_ES"},"Manufacturer":{"DisplayValue":"BI ESSE","Label":"Manufacturer","Locale":"es_ES"}},"Title":{"DisplayValue":"BI ESSE - Chaqueta de piel para moto, estilo vintage, con protección y chaqueta certificada (negro/blanco, 4XL)","Label":"Title","Locale":"es_ES"}},"Offers":{"Summaries":[{"Condition":{"Value":"New"},"LowestPrice":{"Amount":109.99,"Currency":"EUR","DisplayAmount":"109,99 €"}}]}},{"ASIN":"B08LD5JSRX","DetailPageURL":"https://www.amazon.es/dp/B08LD5JSRX?tag=topinalambricos-21&linkCode=osi&th=1&psc=1","Images":{"Primary":{"Small":{"Height":75,"URL":"https://m.media-amazon.com/images/I/31dV+DWmBrL._SL75_.jpg","Width":75}}},"ItemInfo":{"ByLineInfo":{"Brand":{"DisplayValue":"YYNUDA","Label":"Brand","Locale":"es_ES"},"Manufacturer":{"DisplayValue":"YYNUDA","Label":"Manufacturer","Locale":"es_ES"}},"Title":{"DisplayValue":"YYNUDA Chaqueta Mujer de Motard Vintage Chaqueta de Cuero PU Chaqueta Moto, Negro , XXL","Label":"Title","Locale":"es_ES"}},"Offers":{"Summaries":[{"Condition":{"Value":"New"},"LowestPrice":{"Amount":42.99,"Currency":"EUR","DisplayAmount":"42,99 €"}}]}}],"SearchURL":"https://www.amazon.es/s?k=vintage+cuero&rh=n%3A2425315031%2Cp_n_availability%3A-1&tag=topinalambricos-21&linkCode=osi","TotalResultCount":1115}},"26":{"SearchResult":{"Items":[{"ASIN":"B0768LHN2G","DetailPageURL":"https://www.amazon.es/dp/B0768LHN2G?tag=topinalambricos-21&linkCode=osi&th=1&psc=1","Images":{"Primary":{"Small":{"Height":75,"URL":"https://m.media-amazon.com/images/I/51hO4EnzogL._SL75_.jpg","Width":62}}},"ItemInfo":{"ByLineInfo":{"Brand":{"DisplayValue":"Infinity","Label":"Brand","Locale":"es_ES"}},"Title":{"DisplayValue":"B3 de piel Oveja B3 Marrón de Hombre Bomber de Aviador de Cuero WW2 L","Label":"Title","Locale":"es_ES"}},"Offers":{"Summaries":[{"Condition":{"Value":"New"},"LowestPrice":{"Amount":349.99,"Currency":"EUR","DisplayAmount":"349,99 €"}}]}},{"ASIN":"B077K6RKK4","DetailPageURL":"https://www.amazon.es/dp/B077K6RKK4?tag=topinalambricos-21&linkCode=osi&th=1&psc=1","Images":{"Primary":{"Small":{"Height":75,"URL":"https://m.media-amazon.com/images/I/51f0EJ8FwDL._SL75_.jpg","Width":56}}},"ItemInfo":{"ByLineInfo":{"Brand":{"DisplayValue":"Aviatrix","Label":"Brand","Locale":"es_ES"}},"Title":{"DisplayValue":"Aviatrix Hombres Cuero Autentico Clasico Aviador Piloto Chaqueta con Insignias Especiales (JWR3)","Label":"Title","Locale":"es_ES"}},"Offers":{"Summaries":[{"Condition":{"Value":"New"},"LowestPrice":{"Amount":129.99,"Currency":"EUR","DisplayAmount":"129,99 €"}}]}},{"ASIN":"B00Z7W6OLU","DetailPageURL":"https://www.amazon.es/dp/B00Z7W6OLU?tag=topinalambricos-21&linkCode=osi&th=1&psc=1","Images":{"Primary":{"Small":{"Height":75,"URL":"https://m.media-amazon.com/images/I/41oCURgTvFL._SL75_.jpg","Width":59}}},"ItemInfo":{"ByLineInfo":{"Brand":{"DisplayValue":"Redbridge","Label":"Brand","Locale":"es_ES"},"Manufacturer":{"DisplayValue":"Red Bridge","Label":"Manufacturer","Locale":"es_ES"}},"Title":{"DisplayValue":"Redbridge Chaqueta de cuero sintético para hombre Cazadora de transición acanalada Negro L","Label":"Title","Locale":"es_ES"}},"Offers":{"Summaries":[{"Condition":{"Value":"New"},"LowestPrice":{"Amount":79.9,"Currency":"EUR","DisplayAmount":"79,90 €"}}]}},{"ASIN":"B08VNC9GFD","DetailPageURL":"https://www.amazon.es/dp/B08VNC9GFD?tag=topinalambricos-21&linkCode=osi&th=1&psc=1","Images":{"Primary":{"Small":{"Height":75,"URL":"https://m.media-amazon.com/images/I/41UNe93hWGL._SL75_.jpg","Width":75}}},"ItemInfo":{"ByLineInfo":{"Brand":{"DisplayValue":"Zerimar","Label":"Brand","Locale":"es_ES"},"Manufacturer":{"DisplayValue":"Zerimar","Label":"Manufacturer","Locale":"es_ES"}},"Title":{"DisplayValue":"Zerimar Chaqueta Cazadora Hombre Cuero | Cazadora Aviador | Chaqueta Casual para Hombre | Cazadora Elegante Hombre Piel | Chaqueta Vestir Hombre | Color: Marron Talla XL","Label":"Title","Locale":"es_ES"}},"Offers":{"Summaries":[{"Condition":{"Value":"New"},"LowestPrice":{"Amount":239.99,"Currency":"EUR","DisplayAmount":"239,99 €"}}]}},{"ASIN":"B09M9MF284","DetailPageURL":"https://www.amazon.es/dp/B09M9MF284?tag=topinalambricos-21&linkCode=osi&th=1&psc=1","Images":{"Primary":{"Small":{"Height":75,"URL":"https://m.media-amazon.com/images/I/51fhiQCqwEL._SL75_.jpg","Width":75}}},"ItemInfo":{"ByLineInfo":{"Brand":{"DisplayValue":"NUSGEAR","Label":"Brand","Locale":"es_ES"}},"Title":{"DisplayValue":"NUSGEAR 2022 Hombres Chaqueta de Cuero,Invierno Espesar Cuero de la Piel Chaqueta de béisbol Forro de lana Abrigo de solapa Impermeable a Prueba de Viento Ropa de moto Talla grande PU cremallera","Label":"Title","Locale":"es_ES"}},"Offers":{"Summaries":[{"Condition":{"Value":"New"},"LowestPrice":{"Amount":30.99,"Currency":"EUR","DisplayAmount":"30,99 €"}}]}},{"ASIN":"B00F0F7KU8","DetailPageURL":"https://www.amazon.es/dp/B00F0F7KU8?tag=topinalambricos-21&linkCode=osi&th=1&psc=1","Images":{"Primary":{"Small":{"Height":75,"URL":"https://m.media-amazon.com/images/I/41tSTthLIiL._SL75_.jpg","Width":57}}},"ItemInfo":{"ByLineInfo":{"Brand":{"DisplayValue":"Schott","Label":"Brand","Locale":"es_ES"},"Manufacturer":{"DisplayValue":"SCHOTT","Label":"Manufacturer","Locale":"es_ES"}},"Title":{"DisplayValue":"Schott Hombre Lc930d Chaqueta Not Applicable, Marrón (Brown), (Talla del Fabricante: Large)","Label":"Title","Locale":"es_ES"}},"Offers":{"Summaries":[{"Condition":{"Value":"New"},"LowestPrice":{"Amount":196.64,"Currency":"EUR","DisplayAmount":"196,64 €"}},{"Condition":{"Value":"Used"},"LowestPrice":{"Amount":180.42,"Currency":"EUR","DisplayAmount":"180,42 €"}}]}},{"ASIN":"B01FOFHPPS","DetailPageURL":"https://www.amazon.es/dp/B01FOFHPPS?tag=topinalambricos-21&linkCode=osi&th=1&psc=1","Images":{"Primary":{"Small":{"Height":75,"URL":"https://m.media-amazon.com/images/I/511G-z5P-oL._SL75_.jpg","Width":56}}},"ItemInfo":{"ByLineInfo":{"Brand":{"DisplayValue":"Aviatrix","Label":"Brand","Locale":"es_ES"}},"Title":{"DisplayValue":"Aviatrix Chaqueta Biker De Cuero Autentica para Hombre con Diseno De Hombros De Diamante (44T9)","Label":"Title","Locale":"es_ES"}},"Offers":{"Summaries":[{"Condition":{"Value":"New"},"LowestPrice":{"Amount":119.99,"Currency":"EUR","DisplayAmount":"119,99 €"}}]}},{"ASIN":"B09CT1ZB4K","DetailPageURL":"https://www.amazon.es/dp/B09CT1ZB4K?tag=topinalambricos-21&linkCode=osi&th=1&psc=1","Images":{"Primary":{"Small":{"Height":75,"URL":"https://m.media-amazon.com/images/I/41pbTrpoIKL._SL75_.jpg","Width":75}}},"ItemInfo":{"ByLineInfo":{"Brand":{"DisplayValue":"LSSM","Label":"Brand","Locale":"es_ES"}},"Title":{"DisplayValue":"LSSM Chaqueta De Cuero De Longitud Media Para Hombre Chaqueta De Hombre Con Gabardina De Cuero Pu AlgodóN Militar Aviador Para Chalecos Corte Camisa Manga Larga Chaqueta Reflectante Negro L","Label":"Title","Locale":"es_ES"}},"Offers":{"Summaries":[{"Condition":{"Value":"New"},"LowestPrice":{"Amount":45.7,"Currency":"EUR","DisplayAmount":"45,70 €"}}]}},{"ASIN":"B07PKLQ7ML","DetailPageURL":"https://www.amazon.es/dp/B07PKLQ7ML?tag=topinalambricos-21&linkCode=osi&th=1&psc=1","Images":{"Primary":{"Small":{"Height":75,"URL":"https://m.media-amazon.com/images/I/41Mhkh+DXwL._SL75_.jpg","Width":57}}},"ItemInfo":{"ByLineInfo":{"Brand":{"DisplayValue":"Wantdo","Label":"Brand","Locale":"es_ES"}},"Title":{"DisplayValue":"Wantdo Chaquetas Cazadora Militar Chamarra Invierno Chaqueta Cuero Café(Fina) Xxl","Label":"Title","Locale":"es_ES"}},"Offers":{"Summaries":[{"Condition":{"Value":"New"},"LowestPrice":{"Amount":59.99,"Currency":"EUR","DisplayAmount":"59,99 €"}}]}},{"ASIN":"B07X91TT3X","DetailPageURL":"https://www.amazon.es/dp/B07X91TT3X?tag=topinalambricos-21&linkCode=osi&th=1&psc=1","Images":{"Primary":{"Small":{"Height":75,"URL":"https://m.media-amazon.com/images/I/51pkLMKBDWL._SL75_.jpg","Width":66}}},"ItemInfo":{"ByLineInfo":{"Brand":{"DisplayValue":"FLAVOR","Label":"Brand","Locale":"es_ES"},"Manufacturer":{"DisplayValue":"FLAVOR","Label":"Manufacturer","Locale":"es_ES"}},"Title":{"DisplayValue":"FLAVOR Chaqueta bomber de piel auténtica para hombre con cuello de piel extraíble (L, Marrón)","Label":"Title","Locale":"es_ES"}},"Offers":{"Summaries":[{"Condition":{"Value":"New"},"LowestPrice":{"Amount":189.99,"Currency":"EUR","DisplayAmount":"189,99 €"}}]}}],"SearchURL":"https://www.amazon.es/s?k=chaqueta+cuero+aviador&rh=p_n_availability%3A-1&tag=topinalambricos-21&linkCode=osi","TotalResultCount":306}},"27":{"SearchResult":{"Items":[{"ASIN":"B06XFXR9M6","DetailPageURL":"https://www.amazon.es/dp/B06XFXR9M6?tag=topinalambricos-21&linkCode=osi&th=1&psc=1","Images":{"Primary":{"Small":{"Height":75,"URL":"https://m.media-amazon.com/images/I/41S87Nd9oML._SL75_.jpg","Width":56}}},"ItemInfo":{"ByLineInfo":{"Brand":{"DisplayValue":"Aviatrix","Label":"Brand","Locale":"es_ES"}},"Title":{"DisplayValue":"Aviatrix Chaqueta Biker para Hombre con Cinturon En Piel De Vacuno Real O Piel De Oveja Autentica (N2KG)","Label":"Title","Locale":"es_ES"}},"Offers":{"Summaries":[{"Condition":{"Value":"New"},"LowestPrice":{"Amount":119.99,"Currency":"EUR","DisplayAmount":"119,99 €"}}]}},{"ASIN":"B09M42QBSD","DetailPageURL":"https://www.amazon.es/dp/B09M42QBSD?tag=topinalambricos-21&linkCode=osi&th=1&psc=1","Images":{"Primary":{"Small":{"Height":75,"URL":"https://m.media-amazon.com/images/I/41wdXDeEMcL._SL75_.jpg","Width":75}}},"ItemInfo":{"ByLineInfo":{"Brand":{"DisplayValue":"NUSGEAR","Label":"Brand","Locale":"es_ES"}},"Title":{"DisplayValue":"2022 Hombres Chaqueta de Cuero,Invierno Otoño Moda Chaqueta de béisbol Abrigo de Pieles Talla grande Coincidencia solapa Casual Cuello alto Chaqueta Impermeable a Prueba de Viento PU Ropa de moto","Label":"Title","Locale":"es_ES"}},"Offers":{"Summaries":[{"Condition":{"Value":"New"},"LowestPrice":{"Amount":55.99,"Currency":"EUR","DisplayAmount":"55,99 €"}}]}},{"ASIN":"B09W65GXPM","DetailPageURL":"https://www.amazon.es/dp/B09W65GXPM?tag=topinalambricos-21&linkCode=osi&th=1&psc=1","Images":{"Primary":{"Small":{"Height":75,"URL":"https://m.media-amazon.com/images/I/41927QpeCqL._SL75_.jpg","Width":75}}},"ItemInfo":{"ByLineInfo":{"Brand":{"DisplayValue":"Zerimar","Label":"Brand","Locale":"es_ES"},"Manufacturer":{"DisplayValue":"Zerimar","Label":"Manufacturer","Locale":"es_ES"}},"Title":{"DisplayValue":"Zerimar Chaqueta Heavy Piel | Chaqueta Hombre Cuero | Cazadora Heavy Hombre | Chaqueta Hombre Invierno | Cazadoras Hombre | Color Negro Talla XL","Label":"Title","Locale":"es_ES"}},"Offers":{"Summaries":[{"Condition":{"Value":"New"},"LowestPrice":{"Amount":159.99,"Currency":"EUR","DisplayAmount":"159,99 €"}}]}},{"ASIN":"B01BRHTJAQ","DetailPageURL":"https://www.amazon.es/dp/B01BRHTJAQ?tag=topinalambricos-21&linkCode=osi&th=1&psc=1","Images":{"Primary":{"Small":{"Height":66,"URL":"https://m.media-amazon.com/images/I/41Y+bwqxywL._SL75_.jpg","Width":75}}},"ItemInfo":{"ByLineInfo":{"Brand":{"DisplayValue":"Bohmberg","Label":"Brand","Locale":"es_ES"},"Manufacturer":{"DisplayValue":"Bohmberg","Label":"Manufacturer","Locale":"es_ES"}},"Title":{"DisplayValue":"Bohmberg Premium- Chaqueta pesada de motociclista 100% cuero duradero para hombre - L","Label":"Title","Locale":"es_ES"}},"Offers":{"Summaries":[{"Condition":{"Value":"New"},"LowestPrice":{"Amount":179.9,"Currency":"EUR","DisplayAmount":"179,90 €"}}]}},{"ASIN":"B09LYXQHMN","DetailPageURL":"https://www.amazon.es/dp/B09LYXQHMN?tag=topinalambricos-21&linkCode=osi&th=1&psc=1","Images":{"Primary":{"Small":{"Height":75,"URL":"https://m.media-amazon.com/images/I/419+UmJ2+-L._SL75_.jpg","Width":75}}},"ItemInfo":{"ByLineInfo":{"Brand":{"DisplayValue":"Zerimar","Label":"Brand","Locale":"es_ES"}},"Title":{"DisplayValue":"Zerimar Chaqueta Homnbre Heavy | Chaqueta Hombre Piel | Cazadora Heavy Hombre | Chaqueta Hombre Cuero | Cazadoras Hombre","Label":"Title","Locale":"es_ES"}},"Offers":{"Summaries":[{"Condition":{"Value":"New"},"LowestPrice":{"Amount":199.99,"Currency":"EUR","DisplayAmount":"199,99 €"}}]}},{"ASIN":"B09F6VXGMT","DetailPageURL":"https://www.amazon.es/dp/B09F6VXGMT?tag=topinalambricos-21&linkCode=osi&th=1&psc=1","Images":{"Primary":{"Small":{"Height":75,"URL":"https://m.media-amazon.com/images/I/51OgCi-4PJL._SL75_.jpg","Width":75}}},"ItemInfo":{"ByLineInfo":{"Brand":{"DisplayValue":"riou","Label":"Brand","Locale":"es_ES"}},"Title":{"DisplayValue":"riou Hombre Chaquetas Moto Talla Grande Sudaderas con Capucha Deportes Caliente Outwear Casual Manga Larga Abrigo Cuero Cremallera Vintage Otoño Invierno Blusa Top Chándales","Label":"Title","Locale":"es_ES"}},"Offers":{"Summaries":[{"Condition":{"Value":"New"},"LowestPrice":{"Amount":49.59,"Currency":"EUR","DisplayAmount":"49,59 €"}}]}},{"ASIN":"B07KKMJ2GS","DetailPageURL":"https://www.amazon.es/dp/B07KKMJ2GS?tag=topinalambricos-21&linkCode=osi&th=1&psc=1","Images":{"Primary":{"Small":{"Height":75,"URL":"https://m.media-amazon.com/images/I/41VWGoKa9dL._SL75_.jpg","Width":56}}},"ItemInfo":{"ByLineInfo":{"Brand":{"DisplayValue":"Redbridge","Label":"Brand","Locale":"es_ES"},"Manufacturer":{"DisplayValue":"Redbridge","Label":"Manufacturer","Locale":"es_ES"}},"Title":{"DisplayValue":"Redbridge Chaqueta de imitación de cuero para hombre con capucha Negro M","Label":"Title","Locale":"es_ES"}},"Offers":{"Summaries":[{"Condition":{"Value":"New"},"LowestPrice":{"Amount":139.7,"Currency":"EUR","DisplayAmount":"139,70 €"}}]}},{"ASIN":"B073ZYLJHT","DetailPageURL":"https://www.amazon.es/dp/B073ZYLJHT?tag=topinalambricos-21&linkCode=osi&th=1&psc=1","Images":{"Primary":{"Small":{"Height":75,"URL":"https://m.media-amazon.com/images/I/515XNI4-T3L._SL75_.jpg","Width":74}}},"ItemInfo":{"ByLineInfo":{"Brand":{"DisplayValue":"Motörhead","Label":"Brand","Locale":"es_ES"},"Manufacturer":{"DisplayValue":"Global Merchandising Services Ltd","Label":"Manufacturer","Locale":"es_ES"}},"Title":{"DisplayValue":"Motörhead England Hombre Chaqueta de Cuero Negro XL 100% piel (búfalo) Regular","Label":"Title","Locale":"es_ES"}},"Offers":{"Summaries":[{"Condition":{"Value":"New"},"LowestPrice":{"Amount":269.99,"Currency":"EUR","DisplayAmount":"269,99 €"}}]}},{"ASIN":"B09LVLZW4H","DetailPageURL":"https://www.amazon.es/dp/B09LVLZW4H?tag=topinalambricos-21&linkCode=osi&th=1&psc=1","Images":{"Primary":{"Small":{"Height":75,"URL":"https://m.media-amazon.com/images/I/41gbxIMv3EL._SL75_.jpg","Width":75}}},"ItemInfo":{"ByLineInfo":{"Brand":{"DisplayValue":"NUSGEAR","Label":"Brand","Locale":"es_ES"}},"Title":{"DisplayValue":"Hombres Chaqueta de Cuero,Otoño Invierno Espesar Cuero de la Chaqueta de béisbol Largo Cuello alto Abrigo de Pieles Coincidencia de colores Chaqueta Impermeable a Prueba de Viento Ropa de moto PU","Label":"Title","Locale":"es_ES"}},"Offers":{"Summaries":[{"Condition":{"Value":"New"},"LowestPrice":{"Amount":77.99,"Currency":"EUR","DisplayAmount":"77,99 €"}}]}},{"ASIN":"B06Y2DPJNF","DetailPageURL":"https://www.amazon.es/dp/B06Y2DPJNF?tag=topinalambricos-21&linkCode=osi&th=1&psc=1","Images":{"Primary":{"Small":{"Height":75,"URL":"https://m.media-amazon.com/images/I/41WVIeGBllL._SL75_.jpg","Width":75}}},"ItemInfo":{"ByLineInfo":{"Brand":{"DisplayValue":"Freaky Nation","Label":"Brand","Locale":"es_ES"},"Manufacturer":{"DisplayValue":"Freaky Nation","Label":"Manufacturer","Locale":"es_ES"}},"Title":{"DisplayValue":"Freaky Nation Crossover Chaqueta, Negro (Black 9000), XL para Hombre","Label":"Title","Locale":"es_ES"}},"Offers":{"Summaries":[{"Condition":{"Value":"New"},"LowestPrice":{"Amount":199.95,"Currency":"EUR","DisplayAmount":"199,95 €"}}]}}],"SearchURL":"https://www.amazon.es/s?k=chaqueta+cuero+heavy&rh=p_n_availability%3A-1&tag=topinalambricos-21&linkCode=osi","TotalResultCount":306}},"28":{"SearchResult":{"Items":[{"ASIN":"B07Y3G3RYJ","DetailPageURL":"https://www.amazon.es/dp/B07Y3G3RYJ?tag=topinalambricos-21&linkCode=osi&th=1&psc=1","Images":{"Primary":{"Small":{"Height":75,"URL":"https://m.media-amazon.com/images/I/41wfH0FW5bL._SL75_.jpg","Width":75}}},"ItemInfo":{"ByLineInfo":{"Brand":{"DisplayValue":"riou","Label":"Brand","Locale":"es_ES"}},"Title":{"DisplayValue":"riou Mujeres Chaqueta de Motor Abrigo Cremallera Biker Short Punk Tops Cortos Chaqueta Cuero Capa Jacket Parka Pullover Adolescentes Chicas Outwear Cortas","Label":"Title","Locale":"es_ES"}},"Offers":{"Summaries":[{"Condition":{"Value":"New"},"LowestPrice":{"Amount":17.14,"Currency":"EUR","DisplayAmount":"17,14 €"}}]}},{"ASIN":"B06XFXR9M6","DetailPageURL":"https://www.amazon.es/dp/B06XFXR9M6?tag=topinalambricos-21&linkCode=osi&th=1&psc=1","Images":{"Primary":{"Small":{"Height":75,"URL":"https://m.media-amazon.com/images/I/41S87Nd9oML._SL75_.jpg","Width":56}}},"ItemInfo":{"ByLineInfo":{"Brand":{"DisplayValue":"Aviatrix","Label":"Brand","Locale":"es_ES"}},"Title":{"DisplayValue":"Aviatrix Chaqueta Biker para Hombre con Cinturon En Piel De Vacuno Real O Piel De Oveja Autentica (N2KG)","Label":"Title","Locale":"es_ES"}},"Offers":{"Summaries":[{"Condition":{"Value":"New"},"LowestPrice":{"Amount":119.99,"Currency":"EUR","DisplayAmount":"119,99 €"}}]}},{"ASIN":"B096FGTY6N","DetailPageURL":"https://www.amazon.es/dp/B096FGTY6N?tag=topinalambricos-21&linkCode=osi&th=1&psc=1","Images":{"Primary":{"Small":{"Height":75,"URL":"https://m.media-amazon.com/images/I/51RTrIlOmBS._SL75_.jpg","Width":75}}},"ItemInfo":{"ByLineInfo":{"Brand":{"DisplayValue":"dtsc","Label":"Brand","Locale":"es_ES"},"Manufacturer":{"DisplayValue":"dcast","Label":"Manufacturer","Locale":"es_ES"}},"Title":{"DisplayValue":"140 Piezas Tachuelas para Ropa Remaches, Remaches Punk Metal, Remaches de Cuero, Pinchos Cono Picos, Accesorios de Moda, Adecuado para Ropa, Bolsos de Chaquetas de Jeans","Label":"Title","Locale":"es_ES"}},"Offers":{"Summaries":[{"Condition":{"Value":"New"},"LowestPrice":{"Amount":14.99,"Currency":"EUR","DisplayAmount":"14,99 €"}}]}},{"ASIN":"B08736SQLP","DetailPageURL":"https://www.amazon.es/dp/B08736SQLP?tag=topinalambricos-21&linkCode=osi&th=1&psc=1","Images":{"Primary":{"Small":{"Height":75,"URL":"https://m.media-amazon.com/images/I/51nX7EhUJ1L._SL75_.jpg","Width":65}}},"ItemInfo":{"ByLineInfo":{"Brand":{"DisplayValue":"MDM","Label":"Brand","Locale":"es_ES"}},"Title":{"DisplayValue":"Chaqueta de piel estilo rockero, estilo punk Negro XXXXXL","Label":"Title","Locale":"es_ES"}},"Offers":{"Summaries":[{"Condition":{"Value":"New"},"LowestPrice":{"Amount":149.99,"Currency":"EUR","DisplayAmount":"149,99 €"}}]}},{"ASIN":"B0BKL9S6BX","DetailPageURL":"https://www.amazon.es/dp/B0BKL9S6BX?tag=topinalambricos-21&linkCode=osi&th=1&psc=1","Images":{"Primary":{"Small":{"Height":75,"URL":"https://m.media-amazon.com/images/I/410LGVAqbtL._SL75_.jpg","Width":75}}},"ItemInfo":{"ByLineInfo":{"Brand":{"DisplayValue":"Cyrank","Label":"Brand","Locale":"es_ES"},"Manufacturer":{"DisplayValue":"Cyrank","Label":"Manufacturer","Locale":"es_ES"}},"Title":{"DisplayValue":"270 piezas de tachuelas para ropa, parches punk, kit de tachuelas y pinchos, tachuelas punk, tachuelas para chaqueta, remaches de tela para cuero, artesanía, ropa, zapatos, cinturones, bolsas, collare","Label":"Title","Locale":"es_ES"}},"Offers":{"Summaries":[{"Condition":{"Value":"New"},"LowestPrice":{"Amount":34.52,"Currency":"EUR","DisplayAmount":"34,52 €"}}]}},{"ASIN":"B0BC68TXQD","DetailPageURL":"https://www.amazon.es/dp/B0BC68TXQD?tag=topinalambricos-21&linkCode=osi&th=1&psc=1","Images":{"Primary":{"Small":{"Height":75,"URL":"https://m.media-amazon.com/images/I/417vO1-XfLL._SL75_.jpg","Width":75}}},"ItemInfo":{"ByLineInfo":{"Brand":{"DisplayValue":"SARGE","Label":"Brand","Locale":"es_ES"},"Manufacturer":{"DisplayValue":"SARGE","Label":"Manufacturer","Locale":"es_ES"}},"Title":{"DisplayValue":"SARGE Chaqueta de Cuero Steampunk para Hombre, Gabardina gótica Punk Rave Militar, Prendas de Vestir largas, Cosplay Negro de Talla Grande, Novedad de 2022","Label":"Title","Locale":"es_ES"}},"Offers":{"Summaries":[{"Condition":{"Value":"New"},"LowestPrice":{"Amount":71.56,"Currency":"EUR","DisplayAmount":"71,56 €"}}]}},{"ASIN":"B09LVLZW4H","DetailPageURL":"https://www.amazon.es/dp/B09LVLZW4H?tag=topinalambricos-21&linkCode=osi&th=1&psc=1","Images":{"Primary":{"Small":{"Height":75,"URL":"https://m.media-amazon.com/images/I/41gbxIMv3EL._SL75_.jpg","Width":75}}},"ItemInfo":{"ByLineInfo":{"Brand":{"DisplayValue":"NUSGEAR","Label":"Brand","Locale":"es_ES"}},"Title":{"DisplayValue":"Hombres Chaqueta de Cuero,Otoño Invierno Espesar Cuero de la Chaqueta de béisbol Largo Cuello alto Abrigo de Pieles Coincidencia de colores Chaqueta Impermeable a Prueba de Viento Ropa de moto PU","Label":"Title","Locale":"es_ES"}},"Offers":{"Summaries":[{"Condition":{"Value":"New"},"LowestPrice":{"Amount":77.99,"Currency":"EUR","DisplayAmount":"77,99 €"}}]}},{"ASIN":"B01BRHTJAQ","DetailPageURL":"https://www.amazon.es/dp/B01BRHTJAQ?tag=topinalambricos-21&linkCode=osi&th=1&psc=1","Images":{"Primary":{"Small":{"Height":66,"URL":"https://m.media-amazon.com/images/I/41Y+bwqxywL._SL75_.jpg","Width":75}}},"ItemInfo":{"ByLineInfo":{"Brand":{"DisplayValue":"Bohmberg","Label":"Brand","Locale":"es_ES"},"Manufacturer":{"DisplayValue":"Bohmberg","Label":"Manufacturer","Locale":"es_ES"}},"Title":{"DisplayValue":"Bohmberg Premium- Chaqueta pesada de motociclista 100% cuero duradero para hombre - L","Label":"Title","Locale":"es_ES"}},"Offers":{"Summaries":[{"Condition":{"Value":"New"},"LowestPrice":{"Amount":179.9,"Currency":"EUR","DisplayAmount":"179,90 €"}}]}},{"ASIN":"B016VO0ZA8","DetailPageURL":"https://www.amazon.es/dp/B016VO0ZA8?tag=topinalambricos-21&linkCode=osi&th=1&psc=1","Images":{"Primary":{"Small":{"Height":75,"URL":"https://m.media-amazon.com/images/I/41x9kTbi4cL._SL75_.jpg","Width":51}}},"ItemInfo":{"ByLineInfo":{"Brand":{"DisplayValue":"Redbridge","Label":"Brand","Locale":"es_ES"}},"Title":{"DisplayValue":"Red Bridge Chaqueta de combinación de Cuero y Jeans Biker para Hombre Negro","Label":"Title","Locale":"es_ES"}},"Offers":{"Summaries":[{"Condition":{"Value":"New"},"LowestPrice":{"Amount":59.9,"Currency":"EUR","DisplayAmount":"59,90 €"}}]}},{"ASIN":"B01FM7OFRO","DetailPageURL":"https://www.amazon.es/dp/B01FM7OFRO?tag=topinalambricos-21&linkCode=osi&th=1&psc=1","Images":{"Primary":{"Small":{"Height":75,"URL":"https://m.media-amazon.com/images/I/51wA12Lfc+L._SL75_.jpg","Width":53}}},"ItemInfo":{"ByLineInfo":{"Brand":{"DisplayValue":"Reichstadt","Label":"Brand","Locale":"es_ES"},"Manufacturer":{"DisplayValue":"Reichstadt","Label":"Manufacturer","Locale":"es_ES"}},"Title":{"DisplayValue":"Reichstadt Chaqueta de Hombre - RS001 Negro Polipiel - Cremallera Plateada S","Label":"Title","Locale":"es_ES"}},"Offers":{"Summaries":[{"Condition":{"Value":"New"},"LowestPrice":{"Amount":88.9,"Currency":"EUR","DisplayAmount":"88,90 €"}}]}}],"SearchURL":"https://www.amazon.es/s?k=chaqueta+cuero+punk&rh=p_n_availability%3A-1&tag=topinalambricos-21&linkCode=osi","TotalResultCount":306}},"29":{"SearchResult":{"Items":[{"ASIN":"B09369KGS8","DetailPageURL":"https://www.amazon.es/dp/B09369KGS8?tag=topinalambricos-21&linkCode=osi&th=1&psc=1","Images":{"Primary":{"Small":{"Height":75,"URL":"https://m.media-amazon.com/images/I/51mVygcA1gL._SL75_.jpg","Width":75}}},"ItemInfo":{"ByLineInfo":{"Brand":{"DisplayValue":"Zenhhrpt","Label":"Brand","Locale":"es_ES"},"Manufacturer":{"DisplayValue":"Zenhhrpt","Label":"Manufacturer","Locale":"es_ES"}},"Title":{"DisplayValue":"Sons Of Anarchy/Chaleco Punk Rock de cuero bordado disfraz de Cosplay Color negro chaleco sin mangas de motocicleta chaqueta para hombre","Label":"Title","Locale":"es_ES"}},"Offers":{"Summaries":[{"Condition":{"Value":"New"},"LowestPrice":{"Amount":55.56,"Currency":"EUR","DisplayAmount":"55,56 €"}}]}},{"ASIN":"B07CZN175Z","DetailPageURL":"https://www.amazon.es/dp/B07CZN175Z?tag=topinalambricos-21&linkCode=osi&th=1&psc=1","Images":{"Primary":{"Small":{"Height":75,"URL":"https://m.media-amazon.com/images/I/51PA1Bip3qL._SL75_.jpg","Width":75}}},"ItemInfo":{"ByLineInfo":{"Brand":{"DisplayValue":"Cuir FR","Label":"Brand","Locale":"es_ES"}},"Title":{"DisplayValue":"Chaqueta de Cuero sin Mangas - Style Sons of Anarchy - Chaqueta de Cuero (XL)","Label":"Title","Locale":"es_ES"}},"Offers":{"Summaries":[{"Condition":{"Value":"New"},"LowestPrice":{"Amount":99.95,"Currency":"EUR","DisplayAmount":"99,95 €"}}]}},{"ASIN":"B00BE6J82A","DetailPageURL":"https://www.amazon.es/dp/B00BE6J82A?tag=topinalambricos-21&linkCode=osi&th=1&psc=1","Images":{"Primary":{"Small":{"Height":75,"URL":"https://m.media-amazon.com/images/I/41kTHgFRgoL._SL75_.jpg","Width":75}}},"ItemInfo":{"ByLineInfo":{"Brand":{"DisplayValue":"Bikers Gear Australia","Label":"Brand","Locale":"es_ES"},"Manufacturer":{"DisplayValue":"Australian Bikers Gear","Label":"Manufacturer","Locale":"es_ES"}},"Title":{"DisplayValue":"Bikers Gear Australia - Chaleco de Piel para Moto, Color Negro Revolver, Estilo Sons of Anarchy","Label":"Title","Locale":"es_ES"}},"Offers":{"Summaries":[{"Condition":{"Value":"New"},"LowestPrice":{"Amount":79.2,"Currency":"EUR","DisplayAmount":"79,20 €"}}]}},{"ASIN":"B09M76Y563","DetailPageURL":"https://www.amazon.es/dp/B09M76Y563?tag=topinalambricos-21&linkCode=osi&th=1&psc=1","Images":{"Primary":{"Small":{"Height":75,"URL":"https://m.media-amazon.com/images/I/41ewZ4kbKTL._SL75_.jpg","Width":55}}},"ItemInfo":{"ByLineInfo":{"Brand":{"DisplayValue":"Sons of Anarchy","Label":"Brand","Locale":"es_ES"},"Manufacturer":{"DisplayValue":"JC Worldwide Ltd","Label":"Manufacturer","Locale":"es_ES"}},"Title":{"DisplayValue":"Sons of Anarchy Redwood Original Hombre Chaqueta de Invierno Antracita S","Label":"Title","Locale":"es_ES"}},"Offers":{"Summaries":[{"Condition":{"Value":"New"},"LowestPrice":{"Amount":101.99,"Currency":"EUR","DisplayAmount":"101,99 €"}}]}},{"ASIN":"B00HNP5K8C","DetailPageURL":"https://www.amazon.es/dp/B00HNP5K8C?tag=topinalambricos-21&linkCode=osi&th=1&psc=1","Images":{"Primary":{"Small":{"Height":75,"URL":"https://m.media-amazon.com/images/I/41wDW44wd-L._SL75_.jpg","Width":75}}},"ItemInfo":{"ByLineInfo":{"Brand":{"DisplayValue":"Digital Pharaoh","Label":"Brand","Locale":"es_ES"}},"Title":{"DisplayValue":"Digital Pharaoh SOA Cremallera Estilo Sudadera con Capucha (S-3XL) (L)","Label":"Title","Locale":"es_ES"}},"Offers":{"Summaries":[{"Condition":{"Value":"New"},"LowestPrice":{"Amount":42.99,"Currency":"EUR","DisplayAmount":"42,99 €"}}]}},{"ASIN":"B075RBP6HB","DetailPageURL":"https://www.amazon.es/dp/B075RBP6HB?tag=topinalambricos-21&linkCode=osi&th=1&psc=1","Images":{"Primary":{"Small":{"Height":75,"URL":"https://m.media-amazon.com/images/I/41wDW44wd-L._SL75_.jpg","Width":75}}},"ItemInfo":{"ByLineInfo":{"Brand":{"DisplayValue":"DPX-1","Label":"Brand","Locale":"es_ES"}},"Title":{"DisplayValue":"Sons Of Anarchy Custom Charter Deluxe ZIP STYLE Sudadera con capucha (S-3XL) NOMAD JAX TELLER OPIE REDWOOD ORIGINAL","Label":"Title","Locale":"es_ES"}},"Offers":{"Summaries":[{"Condition":{"Value":"New"},"LowestPrice":{"Amount":45.94,"Currency":"EUR","DisplayAmount":"45,94 €"}}]}},{"ASIN":"B09YV4SZP9","DetailPageURL":"https://www.amazon.es/dp/B09YV4SZP9?tag=topinalambricos-21&linkCode=osi&th=1&psc=1","Images":{"Primary":{"Small":{"Height":75,"URL":"https://m.media-amazon.com/images/I/51sgUcpCTqL._SL75_.jpg","Width":75}}},"ItemInfo":{"ByLineInfo":{"Brand":{"DisplayValue":"BABQ-TYUJ","Label":"Brand","Locale":"es_ES"},"Manufacturer":{"DisplayValue":"BABQ-TYUJ","Label":"Manufacturer","Locale":"es_ES"}},"Title":{"DisplayValue":"BABQ-TYUJ Chaquetas de bombardero para hombre Anarchy Sons Chaqueta cortavientos ligera informal Chaqueta deportiva de verano Ropa de abrigo con capucha desmontable(Color: Blue,Size:XXL)","Label":"Title","Locale":"es_ES"}},"Offers":{"Summaries":[{"Condition":{"Value":"New"},"LowestPrice":{"Amount":62.42,"Currency":"EUR","DisplayAmount":"62,42 €"}}]}},{"ASIN":"B09RQYKP9M","DetailPageURL":"https://www.amazon.es/dp/B09RQYKP9M?tag=topinalambricos-21&linkCode=osi&th=1&psc=1","Images":{"Primary":{"Small":{"Height":75,"URL":"https://m.media-amazon.com/images/I/41zdak4QBjL._SL75_.jpg","Width":75}}},"ItemInfo":{"ByLineInfo":{"Brand":{"DisplayValue":"Tarix Apparel","Label":"Brand","Locale":"es_ES"}},"Title":{"DisplayValue":"Tarix Fashions Sons of Anarchy - Chaqueta de piel sintética negra con capucha para hombre, Negro, M","Label":"Title","Locale":"es_ES"}},"Offers":{"Summaries":[{"Condition":{"Value":"New"},"LowestPrice":{"Amount":83.86,"Currency":"EUR","DisplayAmount":"83,86 €"}}]}},{"ASIN":"B09H7CXKKH","DetailPageURL":"https://www.amazon.es/dp/B09H7CXKKH?tag=topinalambricos-21&linkCode=osi&th=1&psc=1","Images":{"Primary":{"Small":{"Height":75,"URL":"https://m.media-amazon.com/images/I/417w9d60xmL._SL75_.jpg","Width":75}}},"ItemInfo":{"ByLineInfo":{"Brand":{"DisplayValue":"JJLLAZAD","Label":"Brand","Locale":"es_ES"},"Manufacturer":{"DisplayValue":"JJLLAZAD","Label":"Manufacturer","Locale":"es_ES"}},"Title":{"DisplayValue":"Sudadera Lana Gruesa para Hombre Sons of Anarchy Sudadera con Capucha Y Cremallera Completa con Estampado Grim Reaper Chaqueta Calle Lana Informal Invierno,Negro,5XL","Label":"Title","Locale":"es_ES"}},"Offers":{"Summaries":[{"Condition":{"Value":"New"},"LowestPrice":{"Amount":63.99,"Currency":"EUR","DisplayAmount":"63,99 €"}}]}},{"ASIN":"B0BG1NWWKN","DetailPageURL":"https://www.amazon.es/dp/B0BG1NWWKN?tag=topinalambricos-21&linkCode=osi&th=1&psc=1","Images":{"Primary":{"Small":{"Height":74,"URL":"https://m.media-amazon.com/images/I/51Fxi-CPTML._SL75_.jpg","Width":75}}},"ItemInfo":{"ByLineInfo":{"Brand":{"DisplayValue":"HAOZAILIN","Label":"Brand","Locale":"es_ES"},"Manufacturer":{"DisplayValue":"HAOZAILIN","Label":"Manufacturer","Locale":"es_ES"}},"Title":{"DisplayValue":"HAOZAILIN Sudadera con Cremallera Vertical para Hombre, Chaqueta con Capucha Y Estampado De Sons of Anarchy, Cárdigan De Manga Larga, Tops con Capucha, Suéter, Abrigos, Primavera Y Otoño-Black||3XL","Label":"Title","Locale":"es_ES"}},"Offers":{"Summaries":[{"Condition":{"Value":"New"},"LowestPrice":{"Amount":46.99,"Currency":"EUR","DisplayAmount":"46,99 €"}}]}}],"SearchURL":"https://www.amazon.es/s?k=chaqueta+sons+of+anarchy&rh=p_n_availability%3A-1&tag=topinalambricos-21&linkCode=osi","TotalResultCount":178}},"30":{"SearchResult":{"Items":[{"ASIN":"B00JFYFOTO","DetailPageURL":"https://www.amazon.es/dp/B00JFYFOTO?tag=topinalambricos-21&linkCode=osi&th=1&psc=1","Images":{"Primary":{"Small":{"Height":75,"URL":"https://m.media-amazon.com/images/I/51v-j7sZnfL._SL75_.jpg","Width":60}}},"ItemInfo":{"ByLineInfo":{"Brand":{"DisplayValue":"Redbridge","Label":"Brand","Locale":"es_ES"}},"Title":{"DisplayValue":"Red Bridge Hombres Chaqueta Cuero Sintético Transición Acanalada Moda Casuales Algodón Jacket","Label":"Title","Locale":"es_ES"}},"Offers":{"Summaries":[{"Condition":{"Value":"New"},"LowestPrice":{"Amount":69.9,"Currency":"EUR","DisplayAmount":"69,90 €"}}]}},{"ASIN":"B07DXMCJW7","DetailPageURL":"https://www.amazon.es/dp/B07DXMCJW7?tag=topinalambricos-21&linkCode=osi&th=1&psc=1","Images":{"Primary":{"Small":{"Height":75,"URL":"https://m.media-amazon.com/images/I/51kAu0YM5dL._SL75_.jpg","Width":56}}},"ItemInfo":{"ByLineInfo":{"Brand":{"DisplayValue":"Redbridge","Label":"Brand","Locale":"es_ES"}},"Title":{"DisplayValue":"Redbridge Chaqueta de Hombres Cuero Sintético Moda Casual Negro M","Label":"Title","Locale":"es_ES"}},"Offers":{"Summaries":[{"Condition":{"Value":"New"},"LowestPrice":{"Amount":69.9,"Currency":"EUR","DisplayAmount":"69,90 €"}}]}},{"ASIN":"B0788RNPS1","DetailPageURL":"https://www.amazon.es/dp/B0788RNPS1?tag=topinalambricos-21&linkCode=osi&th=1&psc=1","Images":{"Primary":{"Small":{"Height":75,"URL":"https://m.media-amazon.com/images/I/514-xNO13+L._SL75_.jpg","Width":56}}},"ItemInfo":{"ByLineInfo":{"Brand":{"DisplayValue":"Aviatrix","Label":"Brand","Locale":"es_ES"}},"Title":{"DisplayValue":"Aviatrix Hombres Cuero Autentico Especial Retro Moda Chaqueta (4W9C)","Label":"Title","Locale":"es_ES"}},"Offers":{"Summaries":[{"Condition":{"Value":"New"},"LowestPrice":{"Amount":129.99,"Currency":"EUR","DisplayAmount":"129,99 €"}}]}},{"ASIN":"B09G3G1TXS","DetailPageURL":"https://www.amazon.es/dp/B09G3G1TXS?tag=topinalambricos-21&linkCode=osi&th=1&psc=1","Images":{"Primary":{"Small":{"Height":75,"URL":"https://m.media-amazon.com/images/I/51fV85Stv2S._SL75_.jpg","Width":55}}},"ItemInfo":{"ByLineInfo":{"Brand":{"DisplayValue":"Jorde Calf","Label":"Brand","Locale":"es_ES"},"Manufacturer":{"DisplayValue":"Jorde Calf","Label":"Manufacturer","Locale":"es_ES"}},"Title":{"DisplayValue":"Cafe Racer Retro 2 Cazadora motera de cuero envejecido de estilo vintage para hombre, negro, Raya dorada, XXL","Label":"Title","Locale":"es_ES"}},"Offers":{"Summaries":[{"Condition":{"Value":"New"},"LowestPrice":{"Amount":104.78,"Currency":"EUR","DisplayAmount":"104,78 €"}}]}},{"ASIN":"B09LVLZW4H","DetailPageURL":"https://www.amazon.es/dp/B09LVLZW4H?tag=topinalambricos-21&linkCode=osi&th=1&psc=1","Images":{"Primary":{"Small":{"Height":75,"URL":"https://m.media-amazon.com/images/I/41gbxIMv3EL._SL75_.jpg","Width":75}}},"ItemInfo":{"ByLineInfo":{"Brand":{"DisplayValue":"NUSGEAR","Label":"Brand","Locale":"es_ES"}},"Title":{"DisplayValue":"Hombres Chaqueta de Cuero,Otoño Invierno Espesar Cuero de la Chaqueta de béisbol Largo Cuello alto Abrigo de Pieles Coincidencia de colores Chaqueta Impermeable a Prueba de Viento Ropa de moto PU","Label":"Title","Locale":"es_ES"}},"Offers":{"Summaries":[{"Condition":{"Value":"New"},"LowestPrice":{"Amount":77.99,"Currency":"EUR","DisplayAmount":"77,99 €"}}]}},{"ASIN":"B07JZXLYZB","DetailPageURL":"https://www.amazon.es/dp/B07JZXLYZB?tag=topinalambricos-21&linkCode=osi&th=1&psc=1","Images":{"Primary":{"Small":{"Height":75,"URL":"https://m.media-amazon.com/images/I/51LC87Fsk-S._SL75_.jpg","Width":75}}},"ItemInfo":{"ByLineInfo":{"Brand":{"DisplayValue":"Jack & Jones","Label":"Brand","Locale":"es_ES"},"Manufacturer":{"DisplayValue":"JACK & JONES","Label":"Manufacturer","Locale":"es_ES"}},"Title":{"DisplayValue":"Jack & Jones Jjerocky Jacket Noos Chaqueta, Negro, M para Hombre","Label":"Title","Locale":"es_ES"}},"Offers":{"Summaries":[{"Condition":{"Value":"Used"},"LowestPrice":{"Amount":40.73,"Currency":"EUR","DisplayAmount":"40,73 €"}},{"Condition":{"Value":"New"},"LowestPrice":{"Amount":51.11,"Currency":"EUR","DisplayAmount":"51,11 €"}}]}},{"ASIN":"B07KKKFK2M","DetailPageURL":"https://www.amazon.es/dp/B07KKKFK2M?tag=topinalambricos-21&linkCode=osi&th=1&psc=1","Images":{"Primary":{"Small":{"Height":75,"URL":"https://m.media-amazon.com/images/I/41VWGoKa9dL._SL75_.jpg","Width":56}}},"ItemInfo":{"ByLineInfo":{"Brand":{"DisplayValue":"Redbridge","Label":"Brand","Locale":"es_ES"},"Manufacturer":{"DisplayValue":"Redbridge","Label":"Manufacturer","Locale":"es_ES"}},"Title":{"DisplayValue":"Redbridge Chaqueta de imitación de cuero para hombre con capucha Negro XL","Label":"Title","Locale":"es_ES"}},"Offers":{"Summaries":[{"Condition":{"Value":"New"},"LowestPrice":{"Amount":139.7,"Currency":"EUR","DisplayAmount":"139,70 €"}}]}},{"ASIN":"B06XFXR9M6","DetailPageURL":"https://www.amazon.es/dp/B06XFXR9M6?tag=topinalambricos-21&linkCode=osi&th=1&psc=1","Images":{"Primary":{"Small":{"Height":75,"URL":"https://m.media-amazon.com/images/I/41S87Nd9oML._SL75_.jpg","Width":56}}},"ItemInfo":{"ByLineInfo":{"Brand":{"DisplayValue":"Aviatrix","Label":"Brand","Locale":"es_ES"}},"Title":{"DisplayValue":"Aviatrix Chaqueta Biker para Hombre con Cinturon En Piel De Vacuno Real O Piel De Oveja Autentica (N2KG)","Label":"Title","Locale":"es_ES"}},"Offers":{"Summaries":[{"Condition":{"Value":"New"},"LowestPrice":{"Amount":119.99,"Currency":"EUR","DisplayAmount":"119,99 €"}}]}},{"ASIN":"B00Z7W6O3I","DetailPageURL":"https://www.amazon.es/dp/B00Z7W6O3I?tag=topinalambricos-21&linkCode=osi&th=1&psc=1","Images":{"Primary":{"Small":{"Height":75,"URL":"https://m.media-amazon.com/images/I/41oCURgTvFL._SL75_.jpg","Width":59}}},"ItemInfo":{"ByLineInfo":{"Brand":{"DisplayValue":"Redbridge","Label":"Brand","Locale":"es_ES"},"Manufacturer":{"DisplayValue":"Red Bridge","Label":"Manufacturer","Locale":"es_ES"}},"Title":{"DisplayValue":"Redbridge Chaqueta de cuero sintético para hombre Cazadora de transición acanalada Negro M","Label":"Title","Locale":"es_ES"}},"Offers":{"Summaries":[{"Condition":{"Value":"New"},"LowestPrice":{"Amount":79.9,"Currency":"EUR","DisplayAmount":"79,90 €"}}]}},{"ASIN":"B07BDLXY3N","DetailPageURL":"https://www.amazon.es/dp/B07BDLXY3N?tag=topinalambricos-21&linkCode=osi&th=1&psc=1","Images":{"Primary":{"Small":{"Height":75,"URL":"https://m.media-amazon.com/images/I/51H8AfXjqoL._SL75_.jpg","Width":56}}},"ItemInfo":{"ByLineInfo":{"Brand":{"DisplayValue":"Redbridge","Label":"Brand","Locale":"es_ES"},"Manufacturer":{"DisplayValue":"Redbridge","Label":"Manufacturer","Locale":"es_ES"}},"Title":{"DisplayValue":"Red Bridge Chaqueta Moderna de Transición en Cuero Sintético para Hombre Negro","Label":"Title","Locale":"es_ES"}},"Offers":{"Summaries":[{"Condition":{"Value":"New"},"LowestPrice":{"Amount":79.9,"Currency":"EUR","DisplayAmount":"79,90 €"}}]}}],"SearchURL":"https://www.amazon.es/s?k=chaqueta+cuero+lobezno&rh=p_n_availability%3A-1&tag=topinalambricos-21&linkCode=osi","TotalResultCount":34}},"32":{"SearchResult":{"Items":[{"ASIN":"B01MEGJ4OS","DetailPageURL":"https://www.amazon.es/dp/B01MEGJ4OS?tag=topinalambricos-21&linkCode=osi&th=1&psc=1","Images":{"Primary":{"Small":{"Height":75,"URL":"https://m.media-amazon.com/images/I/41-0DvSgd6L._SL75_.jpg","Width":57}}},"ItemInfo":{"ByLineInfo":{"Brand":{"DisplayValue":"Freaky Nation","Label":"Brand","Locale":"es_ES"},"Manufacturer":{"DisplayValue":"Freaky Nation","Label":"Manufacturer","Locale":"es_ES"}},"Title":{"DisplayValue":"Freaky Nation Biker Princess Chaqueta, Rojo (Apple 4068), L para Mujer","Label":"Title","Locale":"es_ES"}},"Offers":{"Summaries":[{"Condition":{"Value":"Used"},"LowestPrice":{"Amount":92.11,"Currency":"EUR","DisplayAmount":"92,11 €"}},{"Condition":{"Value":"New"},"LowestPrice":{"Amount":119.0,"Currency":"EUR","DisplayAmount":"119,00 €"}}]}},{"ASIN":"B08H5GNXYS","DetailPageURL":"https://www.amazon.es/dp/B08H5GNXYS?tag=topinalambricos-21&linkCode=osi&th=1&psc=1","Images":{"Primary":{"Small":{"Height":75,"URL":"https://m.media-amazon.com/images/I/41fdx9++jUL._SL75_.jpg","Width":75}}},"ItemInfo":{"ByLineInfo":{"Brand":{"DisplayValue":"Kaiyei","Label":"Brand","Locale":"es_ES"}},"Title":{"DisplayValue":"Kaiyei Chaquetas de PU Cuero Sintetico Mujer Slim Fit Talla Grande Cuello Alto Primavera Otoño Manga Larga Elegante Jacket Cortas Cazadora Biker con Cremalleras Rojo 4XL","Label":"Title","Locale":"es_ES"}},"Offers":{"Summaries":[{"Condition":{"Value":"New"},"LowestPrice":{"Amount":34.86,"Currency":"EUR","DisplayAmount":"34,86 €"}}]}},{"ASIN":"B08V9BDGJM","DetailPageURL":"https://www.amazon.es/dp/B08V9BDGJM?tag=topinalambricos-21&linkCode=osi&th=1&psc=1","Images":{"Primary":{"Small":{"Height":75,"URL":"https://m.media-amazon.com/images/I/41vCasPXORL._SL75_.jpg","Width":75}}},"ItemInfo":{"ByLineInfo":{"Brand":{"DisplayValue":"Zerimar","Label":"Brand","Locale":"es_ES"},"Manufacturer":{"DisplayValue":"Zerimar","Label":"Manufacturer","Locale":"es_ES"}},"Title":{"DisplayValue":"Zerimar Chaqueta Cazadora Piel | Cazadora Mujer | Chaqueta de Piel Mujer | Cazadora Elegante Mujer | Chaqueta Mujer | Chaqueta Casual para Mujer | Color Rojo Talla S","Label":"Title","Locale":"es_ES"}},"Offers":{"Summaries":[{"Condition":{"Value":"New"},"LowestPrice":{"Amount":189.0,"Currency":"EUR","DisplayAmount":"189,00 €"}}]}},{"ASIN":"B08J4CVDDC","DetailPageURL":"https://www.amazon.es/dp/B08J4CVDDC?tag=topinalambricos-21&linkCode=osi&th=1&psc=1","Images":{"Primary":{"Small":{"Height":75,"URL":"https://m.media-amazon.com/images/I/41L931L2s-L._SL75_.jpg","Width":75}}},"ItemInfo":{"ByLineInfo":{"Brand":{"DisplayValue":"YYNUDA","Label":"Brand","Locale":"es_ES"},"Manufacturer":{"DisplayValue":"YYNUDA","Label":"Manufacturer","Locale":"es_ES"}},"Title":{"DisplayValue":"YYNUDA Chaqueta de piel sintética para mujer, hombres, aviador, moto, piel sintética, con cremallera, cálida y casual Rojo M","Label":"Title","Locale":"es_ES"}},"Offers":{"Summaries":[{"Condition":{"Value":"New"},"LowestPrice":{"Amount":45.99,"Currency":"EUR","DisplayAmount":"45,99 €"}}]}},{"ASIN":"B09ZF7GBZP","DetailPageURL":"https://www.amazon.es/dp/B09ZF7GBZP?tag=topinalambricos-21&linkCode=osi&th=1&psc=1","Images":{"Primary":{"Small":{"Height":75,"URL":"https://m.media-amazon.com/images/I/41sIHA8ZU5L._SL75_.jpg","Width":75}}},"ItemInfo":{"ByLineInfo":{"Brand":{"DisplayValue":"Zerimar","Label":"Brand","Locale":"es_ES"},"Manufacturer":{"DisplayValue":"Zerimar","Label":"Manufacturer","Locale":"es_ES"}},"Title":{"DisplayValue":"Zerimar Chaqueta Cazadora Piel Mujer | Chaqueta Elegante Mujer | Cazadora Mujer | Chaqueta Casual para Mujer | Cazadora Cuero | Color Rojo Talla M","Label":"Title","Locale":"es_ES"}},"Offers":{"Summaries":[{"Condition":{"Value":"New"},"LowestPrice":{"Amount":189.0,"Currency":"EUR","DisplayAmount":"189,00 €"}}]}},{"ASIN":"B01M7YZ96O","DetailPageURL":"https://www.amazon.es/dp/B01M7YZ96O?tag=topinalambricos-21&linkCode=osi&th=1&psc=1","Images":{"Primary":{"Small":{"Height":75,"URL":"https://m.media-amazon.com/images/I/51KW5tUm6kL._SL75_.jpg","Width":56}}},"ItemInfo":{"ByLineInfo":{"Brand":{"DisplayValue":"Aviatrix","Label":"Brand","Locale":"es_ES"}},"Title":{"DisplayValue":"Aviatrix Chaqueta Biker Corta De Cuero Autentico para Mujer con Cremallera Asimetrica (K014)","Label":"Title","Locale":"es_ES"}},"Offers":{"Summaries":[{"Condition":{"Value":"New"},"LowestPrice":{"Amount":99.99,"Currency":"EUR","DisplayAmount":"99,99 €"}}]}},{"ASIN":"B08DNT5W3L","DetailPageURL":"https://www.amazon.es/dp/B08DNT5W3L?tag=topinalambricos-21&linkCode=osi&th=1&psc=1","Images":{"Primary":{"Small":{"Height":75,"URL":"https://m.media-amazon.com/images/I/41ErlNa8BKL._SL75_.jpg","Width":75}}},"ItemInfo":{"ByLineInfo":{"Brand":{"DisplayValue":"YYNUDA","Label":"Brand","Locale":"es_ES"},"Manufacturer":{"DisplayValue":"YYNUDA","Label":"Manufacturer","Locale":"es_ES"}},"Title":{"DisplayValue":"YYNUDA Chaqueta de piel para mujer, chaqueta corta de motorista, cuello de solapa, chaqueta de entretiempo para otoño e invierno, rojo, L","Label":"Title","Locale":"es_ES"}},"Offers":{"Summaries":[{"Condition":{"Value":"New"},"LowestPrice":{"Amount":42.99,"Currency":"EUR","DisplayAmount":"42,99 €"}}]}},{"ASIN":"B09XB3K6JY","DetailPageURL":"https://www.amazon.es/dp/B09XB3K6JY?tag=topinalambricos-21&linkCode=osi&th=1&psc=1","Images":{"Primary":{"Small":{"Height":75,"URL":"https://m.media-amazon.com/images/I/410fHVd+JyL._SL75_.jpg","Width":75}}},"ItemInfo":{"ByLineInfo":{"Brand":{"DisplayValue":"YYNUDA","Label":"Brand","Locale":"es_ES"},"Manufacturer":{"DisplayValue":"YYNUDA","Label":"Manufacturer","Locale":"es_ES"}},"Title":{"DisplayValue":"YYNUDA Chaqueta de Cuero Sintética corta para Mujer Estilo Vintage （Rojo XL）","Label":"Title","Locale":"es_ES"}},"Offers":{"Summaries":[{"Condition":{"Value":"New"},"LowestPrice":{"Amount":45.34,"Currency":"EUR","DisplayAmount":"45,34 €"}}]}},{"ASIN":"B08Y8ZGXKH","DetailPageURL":"https://www.amazon.es/dp/B08Y8ZGXKH?tag=topinalambricos-21&linkCode=osi&th=1&psc=1","Images":{"Primary":{"Small":{"Height":75,"URL":"https://m.media-amazon.com/images/I/310zcs2-AUS._SL75_.jpg","Width":49}}},"ItemInfo":{"ByLineInfo":{"Brand":{"DisplayValue":"JOPHY & CO.","Label":"Brand","Locale":"es_ES"}},"Title":{"DisplayValue":"JOPHY & CO. Chaqueta corta de mujer de piel sintética (cód. 8820) o auténtica piel (cód. 8820/A) con bolsillos, cremalleras y cuello Coreana (Rojo (cod. 8820), S)","Label":"Title","Locale":"es_ES"}},"Offers":{"Summaries":[{"Condition":{"Value":"New"},"LowestPrice":{"Amount":49.5,"Currency":"EUR","DisplayAmount":"49,50 €"}}]}},{"ASIN":"B079VVF5SH","DetailPageURL":"https://www.amazon.es/dp/B079VVF5SH?tag=topinalambricos-21&linkCode=osi&th=1&psc=1","Images":{"Primary":{"Small":{"Height":75,"URL":"https://m.media-amazon.com/images/I/41qrS2JGPhL._SL75_.jpg","Width":54}}},"ItemInfo":{"ByLineInfo":{"Brand":{"DisplayValue":"Gipsy","Label":"Brand","Locale":"es_ES"},"Manufacturer":{"DisplayValue":"Mauritius GmbH","Label":"Manufacturer","Locale":"es_ES"}},"Title":{"DisplayValue":"Gipsy Angy S18 LAMAS Mujer Chaqueta de Cuero Rojo M 100% cuero Regular","Label":"Title","Locale":"es_ES"}},"Offers":{"Summaries":[{"Condition":{"Value":"New"},"LowestPrice":{"Amount":117.99,"Currency":"EUR","DisplayAmount":"117,99 €"}}]}}],"SearchURL":"https://www.amazon.es/s?k=cuero+rojo&rh=n%3A3074298031%2Cp_n_availability%3A-1&tag=topinalambricos-21&linkCode=osi","TotalResultCount":955}},"33":{"SearchResult":{"Items":[{"ASIN":"B09B71LQNN","DetailPageURL":"https://www.amazon.es/dp/B09B71LQNN?tag=topinalambricos-21&linkCode=osi&th=1&psc=1","Images":{"Primary":{"Small":{"Height":75,"URL":"https://m.media-amazon.com/images/I/41+3SbnGIvL._SL75_.jpg","Width":57}}},"ItemInfo":{"ByLineInfo":{"Brand":{"DisplayValue":"JDY","Label":"Brand","Locale":"es_ES"},"Manufacturer":{"DisplayValue":"Bestseller A/S","Label":"Manufacturer","Locale":"es_ES"}},"Title":{"DisplayValue":"JDY JDYemily Faux Leather Jacket Otw Noos Chaqueta de Cuero sinttico, Negro, 40 para Mujer","Label":"Title","Locale":"es_ES"}},"Offers":{"Summaries":[{"Condition":{"Value":"New"},"LowestPrice":{"Amount":20.95,"Currency":"EUR","DisplayAmount":"20,95 €"}}]}},{"ASIN":"B085MTD5HX","DetailPageURL":"https://www.amazon.es/dp/B085MTD5HX?tag=topinalambricos-21&linkCode=osi&th=1&psc=1","Images":{"Primary":{"Small":{"Height":75,"URL":"https://m.media-amazon.com/images/I/413OPcuPr2L._SL75_.jpg","Width":57}}},"ItemInfo":{"ByLineInfo":{"Brand":{"DisplayValue":"ONLY Carmakoma","Label":"Brand","Locale":"es_ES"},"Manufacturer":{"DisplayValue":"ONLY Carmakoma","Label":"Manufacturer","Locale":"es_ES"}},"Title":{"DisplayValue":"ONLY Carmakoma Carrobber Faux Leather Jacket Noos Chaqueta de Cuero, Negro, 52 para Mujer","Label":"Title","Locale":"es_ES"}},"Offers":{"Summaries":[{"Condition":{"Value":"New"},"LowestPrice":{"Amount":42.51,"Currency":"EUR","DisplayAmount":"42,51 €"}}]}},{"ASIN":"B09PXWQRXQ","DetailPageURL":"https://www.amazon.es/dp/B09PXWQRXQ?tag=topinalambricos-21&linkCode=osi&th=1&psc=1","Images":{"Primary":{"Small":{"Height":75,"URL":"https://m.media-amazon.com/images/I/41fS3vTHQ-L._SL75_.jpg","Width":57}}},"ItemInfo":{"ByLineInfo":{"Brand":{"DisplayValue":"Naf Naf","Label":"Brand","Locale":"es_ES"},"Manufacturer":{"DisplayValue":"Naf Naf","Label":"Manufacturer","Locale":"es_ES"}},"Title":{"DisplayValue":"Naf Naf Chaqueta de Piel, Negro, 40 para Mujer","Label":"Title","Locale":"es_ES"}},"Offers":{"Summaries":[{"Condition":{"Value":"New"},"LowestPrice":{"Amount":62.6,"Currency":"EUR","DisplayAmount":"62,60 €"}}]}},{"ASIN":"B09DT1L185","DetailPageURL":"https://www.amazon.es/dp/B09DT1L185?tag=topinalambricos-21&linkCode=osi&th=1&psc=1","Images":{"Primary":{"Small":{"Height":75,"URL":"https://m.media-amazon.com/images/I/31QbVdg9MwL._SL75_.jpg","Width":56}}},"ItemInfo":{"ByLineInfo":{"Brand":{"DisplayValue":"JJXX","Label":"Brand","Locale":"es_ES"},"Manufacturer":{"DisplayValue":"Bestseller A/S","Label":"Manufacturer","Locale":"es_ES"}},"Title":{"DisplayValue":"JJXX Jxgail Faux Leather Biker Jacket Noos Chaqueta de Cuero sinttico, Negro, M para Mujer","Label":"Title","Locale":"es_ES"}},"Offers":{"Summaries":[{"Condition":{"Value":"New"},"LowestPrice":{"Amount":48.99,"Currency":"EUR","DisplayAmount":"48,99 €"}}]}},{"ASIN":"B09PXJS8XR","DetailPageURL":"https://www.amazon.es/dp/B09PXJS8XR?tag=topinalambricos-21&linkCode=osi&th=1&psc=1","Images":{"Primary":{"Small":{"Height":75,"URL":"https://m.media-amazon.com/images/I/41f5WJ3AwWL._SL75_.jpg","Width":57}}},"ItemInfo":{"ByLineInfo":{"Brand":{"DisplayValue":"Naf Naf","Label":"Brand","Locale":"es_ES"},"Manufacturer":{"DisplayValue":"Naf Naf","Label":"Manufacturer","Locale":"es_ES"}},"Title":{"DisplayValue":"Naf Naf Chaqueta de Piel, Negro, 42 para Mujer","Label":"Title","Locale":"es_ES"}},"Offers":{"Summaries":[{"Condition":{"Value":"New"},"LowestPrice":{"Amount":131.13,"Currency":"EUR","DisplayAmount":"131,13 €"}}]}},{"ASIN":"B09PXRRYSZ","DetailPageURL":"https://www.amazon.es/dp/B09PXRRYSZ?tag=topinalambricos-21&linkCode=osi&th=1&psc=1","Images":{"Primary":{"Small":{"Height":75,"URL":"https://m.media-amazon.com/images/I/41xAE4bK2dL._SL75_.jpg","Width":57}}},"ItemInfo":{"ByLineInfo":{"Brand":{"DisplayValue":"Naf Naf","Label":"Brand","Locale":"es_ES"},"Manufacturer":{"DisplayValue":"Naf Naf","Label":"Manufacturer","Locale":"es_ES"}},"Title":{"DisplayValue":"Naf Naf Chaqueta de Piel, Negro, 40 para Mujer","Label":"Title","Locale":"es_ES"}},"Offers":{"Summaries":[{"Condition":{"Value":"New"},"LowestPrice":{"Amount":113.22,"Currency":"EUR","DisplayAmount":"113,22 €"}}]}},{"ASIN":"B09DT1RPGR","DetailPageURL":"https://www.amazon.es/dp/B09DT1RPGR?tag=topinalambricos-21&linkCode=osi&th=1&psc=1","Images":{"Primary":{"Small":{"Height":75,"URL":"https://m.media-amazon.com/images/I/31QbVdg9MwL._SL75_.jpg","Width":56}}},"ItemInfo":{"ByLineInfo":{"Brand":{"DisplayValue":"JJXX","Label":"Brand","Locale":"es_ES"},"Manufacturer":{"DisplayValue":"Bestseller A/S","Label":"Manufacturer","Locale":"es_ES"}},"Title":{"DisplayValue":"JJXX Jxgail Faux Leather Biker Jacket Noos Chaqueta de Cuero sinttico, Negro, L para Mujer","Label":"Title","Locale":"es_ES"}},"Offers":{"Summaries":[{"Condition":{"Value":"New"},"LowestPrice":{"Amount":48.99,"Currency":"EUR","DisplayAmount":"48,99 €"}}]}},{"ASIN":"B09PY5B497","DetailPageURL":"https://www.amazon.es/dp/B09PY5B497?tag=topinalambricos-21&linkCode=osi&th=1&psc=1","Images":{"Primary":{"Small":{"Height":75,"URL":"https://m.media-amazon.com/images/I/417w4jxjSmL._SL75_.jpg","Width":57}}},"ItemInfo":{"ByLineInfo":{"Brand":{"DisplayValue":"Naf Naf","Label":"Brand","Locale":"es_ES"},"Manufacturer":{"DisplayValue":"Naf Naf","Label":"Manufacturer","Locale":"es_ES"}},"Title":{"DisplayValue":"Naf Naf Chaqueta de Piel, Negro, 38 para Mujer","Label":"Title","Locale":"es_ES"}},"Offers":{"Summaries":[{"Condition":{"Value":"New"},"LowestPrice":{"Amount":75.22,"Currency":"EUR","DisplayAmount":"75,22 €"}}]}},{"ASIN":"B085MSZFFM","DetailPageURL":"https://www.amazon.es/dp/B085MSZFFM?tag=topinalambricos-21&linkCode=osi&th=1&psc=1","Images":{"Primary":{"Small":{"Height":75,"URL":"https://m.media-amazon.com/images/I/413OPcuPr2L._SL75_.jpg","Width":57}}},"ItemInfo":{"ByLineInfo":{"Brand":{"DisplayValue":"ONLY Carmakoma","Label":"Brand","Locale":"es_ES"},"Manufacturer":{"DisplayValue":"ONLY Carmakoma","Label":"Manufacturer","Locale":"es_ES"}},"Title":{"DisplayValue":"ONLY Carmakoma Carrobber Faux Leather Jacket Noos Chaqueta de Cuero, Negro, 48 para Mujer","Label":"Title","Locale":"es_ES"}},"Offers":{"Summaries":[{"Condition":{"Value":"New"},"LowestPrice":{"Amount":42.97,"Currency":"EUR","DisplayAmount":"42,97 €"}}]}},{"ASIN":"B09PXLBJJ3","DetailPageURL":"https://www.amazon.es/dp/B09PXLBJJ3?tag=topinalambricos-21&linkCode=osi&th=1&psc=1","Images":{"Primary":{"Small":{"Height":75,"URL":"https://m.media-amazon.com/images/I/41yznrSxdVL._SL75_.jpg","Width":57}}},"ItemInfo":{"ByLineInfo":{"Brand":{"DisplayValue":"Naf Naf","Label":"Brand","Locale":"es_ES"},"Manufacturer":{"DisplayValue":"Naf Naf","Label":"Manufacturer","Locale":"es_ES"}},"Title":{"DisplayValue":"Naf Naf Chaqueta de Piel, Negro, 40 para Mujer","Label":"Title","Locale":"es_ES"}},"Offers":{"Summaries":[{"Condition":{"Value":"New"},"LowestPrice":{"Amount":135.48,"Currency":"EUR","DisplayAmount":"135,48 €"}}]}}],"SearchURL":"https://www.amazon.es/s?k=cuero+negro&rh=n%3A3074298031%2Cp_n_availability%3A-1&tag=topinalambricos-21&linkCode=osi","TotalResultCount":34257}},"34":{"SearchResult":{"Items":[{"ASIN":"B00DVI6RHS","DetailPageURL":"https://www.amazon.es/dp/B00DVI6RHS?tag=topinalambricos-21&linkCode=osi&th=1&psc=1","Images":{"Primary":{"Small":{"Height":75,"URL":"https://m.media-amazon.com/images/I/510NjIMXSsL._SL75_.jpg","Width":68}}},"ItemInfo":{"ByLineInfo":{"Brand":{"DisplayValue":"Only","Label":"Brand","Locale":"es_ES"},"Contributors":[{"Locale":"es_ES","Name":"Only","Role":"Diseñador","RoleType":"designer"}],"Manufacturer":{"DisplayValue":"Bestseller A/S","Label":"Manufacturer","Locale":"es_ES"}},"Title":{"DisplayValue":"Only Bandit PU Biker Chaqueta, Marrón (Cognac), 38 (M) para Mujer","Label":"Title","Locale":"es_ES"}},"Offers":{"Summaries":[{"Condition":{"Value":"New"},"LowestPrice":{"Amount":30.07,"Currency":"EUR","DisplayAmount":"30,07 €"}}]}},{"ASIN":"B09PXLPNKW","DetailPageURL":"https://www.amazon.es/dp/B09PXLPNKW?tag=topinalambricos-21&linkCode=osi&th=1&psc=1","Images":{"Primary":{"Small":{"Height":75,"URL":"https://m.media-amazon.com/images/I/41vvKJsYo4L._SL75_.jpg","Width":57}}},"ItemInfo":{"ByLineInfo":{"Brand":{"DisplayValue":"Naf Naf","Label":"Brand","Locale":"es_ES"},"Manufacturer":{"DisplayValue":"Naf Naf","Label":"Manufacturer","Locale":"es_ES"}},"Title":{"DisplayValue":"Naf Naf Chaqueta de Piel, coñac, 42 para Mujer","Label":"Title","Locale":"es_ES"}},"Offers":{"Summaries":[{"Condition":{"Value":"New"},"LowestPrice":{"Amount":104.94,"Currency":"EUR","DisplayAmount":"104,94 €"}}]}},{"ASIN":"B09PXS1JWX","DetailPageURL":"https://www.amazon.es/dp/B09PXS1JWX?tag=topinalambricos-21&linkCode=osi&th=1&psc=1","Images":{"Primary":{"Small":{"Height":75,"URL":"https://m.media-amazon.com/images/I/41DhC3kmXDL._SL75_.jpg","Width":57}}},"ItemInfo":{"ByLineInfo":{"Brand":{"DisplayValue":"Naf Naf","Label":"Brand","Locale":"es_ES"},"Manufacturer":{"DisplayValue":"Naf Naf","Label":"Manufacturer","Locale":"es_ES"}},"Title":{"DisplayValue":"Naf Naf Chaqueta de Piel, coñac, 42 para Mujer","Label":"Title","Locale":"es_ES"}},"Offers":{"Summaries":[{"Condition":{"Value":"New"},"LowestPrice":{"Amount":95.58,"Currency":"EUR","DisplayAmount":"95,58 €"}}]}},{"ASIN":"B0BC2PJLQM","DetailPageURL":"https://www.amazon.es/dp/B0BC2PJLQM?tag=topinalambricos-21&linkCode=osi&th=1&psc=1","Images":{"Primary":{"Small":{"Height":75,"URL":"https://m.media-amazon.com/images/I/41tklmdKEmL._SL75_.jpg","Width":51}}},"ItemInfo":{"ByLineInfo":{"Brand":{"DisplayValue":"KOROSHI MANIAKS GRAPHIC DESIGN TM","Label":"Brand","Locale":"es_ES"}},"Title":{"DisplayValue":"Koroshi Chaqueta Cazadora Cuero sintético y Forro de Pelo con Cuello Mao para Mujer Marrón, M","Label":"Title","Locale":"es_ES"}},"Offers":{"Summaries":[{"Condition":{"Value":"New"},"LowestPrice":{"Amount":59.99,"Currency":"EUR","DisplayAmount":"59,99 €"}}]}},{"ASIN":"B07Q4CSM5R","DetailPageURL":"https://www.amazon.es/dp/B07Q4CSM5R?tag=topinalambricos-21&linkCode=osi&th=1&psc=1","Images":{"Primary":{"Small":{"Height":75,"URL":"https://m.media-amazon.com/images/I/41tIVEHNFXL._SL75_.jpg","Width":57}}},"ItemInfo":{"ByLineInfo":{"Brand":{"DisplayValue":"Freaky Nation","Label":"Brand","Locale":"es_ES"},"Manufacturer":{"DisplayValue":"Freaky Nation","Label":"Manufacturer","Locale":"es_ES"}},"Title":{"DisplayValue":"Freaky Nation Biker Princess Chaqueta, Marrón (Dark Cognac 8903), XL para Mujer","Label":"Title","Locale":"es_ES"}},"Offers":{"Summaries":[{"Condition":{"Value":"New"},"LowestPrice":{"Amount":127.2,"Currency":"EUR","DisplayAmount":"127,20 €"}}]}},{"ASIN":"B07GH7HBGD","DetailPageURL":"https://www.amazon.es/dp/B07GH7HBGD?tag=topinalambricos-21&linkCode=osi&th=1&psc=1","Images":{"Primary":{"Small":{"Height":75,"URL":"https://m.media-amazon.com/images/I/41rfgb2WcqS._SL75_.jpg","Width":57}}},"ItemInfo":{"ByLineInfo":{"Brand":{"DisplayValue":"Oakwood","Label":"Brand","Locale":"es_ES"},"Manufacturer":{"DisplayValue":"Oakwood","Label":"Manufacturer","Locale":"es_ES"}},"Title":{"DisplayValue":"Oakwood Lina Chaqueta, Marrón (Cognac 0507), X-Small para Mujer","Label":"Title","Locale":"es_ES"}},"Offers":{"Summaries":[{"Condition":{"Value":"New"},"LowestPrice":{"Amount":119.4,"Currency":"EUR","DisplayAmount":"119,40 €"}}]}},{"ASIN":"B01GA55LK2","DetailPageURL":"https://www.amazon.es/dp/B01GA55LK2?tag=topinalambricos-21&linkCode=osi&th=1&psc=1","Images":{"Primary":{"Small":{"Height":75,"URL":"https://m.media-amazon.com/images/I/41htqmmWmBL._SL75_.jpg","Width":56}}},"ItemInfo":{"ByLineInfo":{"Brand":{"DisplayValue":"Aviatrix","Label":"Brand","Locale":"es_ES"}},"Title":{"DisplayValue":"Aviatrix Chaqueta Biker De Cuero Autentica para Mujer con Multiples Cremalleras (AGSM)","Label":"Title","Locale":"es_ES"}},"Offers":{"Summaries":[{"Condition":{"Value":"New"},"LowestPrice":{"Amount":99.99,"Currency":"EUR","DisplayAmount":"99,99 €"}}]}},{"ASIN":"B01MRFHPC7","DetailPageURL":"https://www.amazon.es/dp/B01MRFHPC7?tag=topinalambricos-21&linkCode=osi&th=1&psc=1","Images":{"Primary":{"Small":{"Height":75,"URL":"https://m.media-amazon.com/images/I/416GeeTIlzL._SL75_.jpg","Width":56}}},"ItemInfo":{"ByLineInfo":{"Brand":{"DisplayValue":"Aviatrix","Label":"Brand","Locale":"es_ES"}},"Title":{"DisplayValue":"Aviatrix Chaqueta Biker Corta De Cuero Autentico para Mujer con Cremallera Asimetrica (K014)","Label":"Title","Locale":"es_ES"}},"Offers":{"Summaries":[{"Condition":{"Value":"New"},"LowestPrice":{"Amount":99.99,"Currency":"EUR","DisplayAmount":"99,99 €"}}]}},{"ASIN":"B09JQ869B4","DetailPageURL":"https://www.amazon.es/dp/B09JQ869B4?tag=topinalambricos-21&linkCode=osi&th=1&psc=1","Images":{"Primary":{"Small":{"Height":75,"URL":"https://m.media-amazon.com/images/I/41isyWsRh8L._SL75_.jpg","Width":57}}},"ItemInfo":{"ByLineInfo":{"Brand":{"DisplayValue":"Cream","Label":"Brand","Locale":"es_ES"},"Manufacturer":{"DisplayValue":"DK Company Online","Label":"Manufacturer","Locale":"es_ES"}},"Title":{"DisplayValue":"Cream Crrabia-Chaqueta de Piel Cazadora de Cuero, marrón, 42 para Mujer","Label":"Title","Locale":"es_ES"}},"Offers":{"Summaries":[{"Condition":{"Value":"New"},"LowestPrice":{"Amount":119.12,"Currency":"EUR","DisplayAmount":"119,12 €"}}]}},{"ASIN":"B07KZMRN5Q","DetailPageURL":"https://www.amazon.es/dp/B07KZMRN5Q?tag=topinalambricos-21&linkCode=osi&th=1&psc=1","Images":{"Primary":{"Small":{"Height":75,"URL":"https://m.media-amazon.com/images/I/312YD5IWZ6L._SL75_.jpg","Width":49}}},"ItemInfo":{"ByLineInfo":{"Brand":{"DisplayValue":"Salsa","Label":"Brand","Locale":"es_ES"},"Manufacturer":{"DisplayValue":"Salsa Jeans","Label":"Manufacturer","Locale":"es_ES"}},"Title":{"DisplayValue":"Salsa Chaqueta de Piel","Label":"Title","Locale":"es_ES"}},"Offers":{"Summaries":[{"Condition":{"Value":"New"},"LowestPrice":{"Amount":143.98,"Currency":"EUR","DisplayAmount":"143,98 €"}}]}}],"SearchURL":"https://www.amazon.es/s?k=cuero+marron&rh=n%3A3074298031%2Cp_n_availability%3A-1&tag=topinalambricos-21&linkCode=osi","TotalResultCount":9309}},"35":{"SearchResult":{"Items":[{"ASIN":"B08P998S4J","DetailPageURL":"https://www.amazon.es/dp/B08P998S4J?tag=topinalambricos-21&linkCode=osi&th=1&psc=1","Images":{"Primary":{"Small":{"Height":75,"URL":"https://m.media-amazon.com/images/I/41j2vyiCLbL._SL75_.jpg","Width":75}}},"ItemInfo":{"ByLineInfo":{"Brand":{"DisplayValue":"LucaSng","Label":"Brand","Locale":"es_ES"}},"Title":{"DisplayValue":"LucaSng Chaqueta de Cuero PU para Mujer, Mujer Invierno Retro Cremallera Bombardero Chaquetas Corta Deportiva Cuero PU Biker Cazadoras Imitacion Piel Moto Abrigos (Rosado, M)","Label":"Title","Locale":"es_ES"}},"Offers":{"Summaries":[{"Condition":{"Value":"New"},"LowestPrice":{"Amount":35.99,"Currency":"EUR","DisplayAmount":"35,99 €"}}]}},{"ASIN":"B09TTFZ6MK","DetailPageURL":"https://www.amazon.es/dp/B09TTFZ6MK?tag=topinalambricos-21&linkCode=osi&th=1&psc=1","Images":{"Primary":{"Small":{"Height":75,"URL":"https://m.media-amazon.com/images/I/41D-pDARvsL._SL75_.jpg","Width":58}}},"ItemInfo":{"ByLineInfo":{"Brand":{"DisplayValue":"Gipsy","Label":"Brand","Locale":"es_ES"},"Manufacturer":{"DisplayValue":"GIPSY","Label":"Manufacturer","Locale":"es_ES"}},"Title":{"DisplayValue":"Gipsy GWZai S22 LASTAV Chaqueta DE Cuero, Rose, L para Mujer","Label":"Title","Locale":"es_ES"}},"Offers":{"Summaries":[{"Condition":{"Value":"New"},"LowestPrice":{"Amount":104.57,"Currency":"EUR","DisplayAmount":"104,57 €"}}]}},{"ASIN":"B08HK39HCL","DetailPageURL":"https://www.amazon.es/dp/B08HK39HCL?tag=topinalambricos-21&linkCode=osi&th=1&psc=1","Images":{"Primary":{"Small":{"Height":75,"URL":"https://m.media-amazon.com/images/I/41noZFwdVyL._SL75_.jpg","Width":57}}},"ItemInfo":{"ByLineInfo":{"Brand":{"DisplayValue":"Giolshon","Label":"Brand","Locale":"es_ES"}},"Title":{"DisplayValue":"Giolshon Chaqueta Corta de Cuero de Gamuza Sintética para Mujer Abrigo de Motociclista con Minturón de Invierno y Cuello de piel Desmontable 8830 Rosa L","Label":"Title","Locale":"es_ES"}},"Offers":{"Summaries":[{"Condition":{"Value":"New"},"LowestPrice":{"Amount":71.99,"Currency":"EUR","DisplayAmount":"71,99 €"}}]}},{"ASIN":"B01MQEQWL8","DetailPageURL":"https://www.amazon.es/dp/B01MQEQWL8?tag=topinalambricos-21&linkCode=osi&th=1&psc=1","Images":{"Primary":{"Small":{"Height":75,"URL":"https://m.media-amazon.com/images/I/41xB7a0WR0S._SL75_.jpg","Width":57}}},"ItemInfo":{"ByLineInfo":{"Brand":{"DisplayValue":"Only","Label":"Brand","Locale":"es_ES"},"Manufacturer":{"DisplayValue":"ONLY","Label":"Manufacturer","Locale":"es_ES"}},"Title":{"DisplayValue":"Only Mujer Onlava Faux Leather Biker Otw Noos Chaqueta, Rosa (Ash Rose Ash Rose), 42","Label":"Title","Locale":"es_ES"}},"Offers":{"Summaries":[{"Condition":{"Value":"New"},"LowestPrice":{"Amount":49.99,"Currency":"EUR","DisplayAmount":"49,99 €"}}]}},{"ASIN":"B0B218RTMQ","DetailPageURL":"https://www.amazon.es/dp/B0B218RTMQ?tag=topinalambricos-21&linkCode=osi&th=1&psc=1","Images":{"Primary":{"Small":{"Height":75,"URL":"https://m.media-amazon.com/images/I/51irmyka6XL._SL75_.jpg","Width":57}}},"ItemInfo":{"ByLineInfo":{"Brand":{"DisplayValue":"Casa das Peles","Label":"Brand","Locale":"es_ES"},"Manufacturer":{"DisplayValue":"Casa Das Peles","Label":"Manufacturer","Locale":"es_ES"}},"Title":{"DisplayValue":"Casa das Peles - Chaqueta para Mujer - L - Rosa - Cuero Auténtico - Estilo Casual - De Cierre con Cremallera - Ajustable a la Cintura - Suave al Tacto","Label":"Title","Locale":"es_ES"}},"Offers":{"Summaries":[{"Condition":{"Value":"New"},"LowestPrice":{"Amount":139.0,"Currency":"EUR","DisplayAmount":"139,00 €"}}]}},{"ASIN":"B0769NKZ7L","DetailPageURL":"https://www.amazon.es/dp/B0769NKZ7L?tag=topinalambricos-21&linkCode=osi&th=1&psc=1","Images":{"Primary":{"Small":{"Height":75,"URL":"https://m.media-amazon.com/images/I/31vQO+faWRL._SL75_.jpg","Width":56}}},"ItemInfo":{"ByLineInfo":{"Brand":{"DisplayValue":"Only","Label":"Brand","Locale":"es_ES"},"Manufacturer":{"DisplayValue":"ONLY","Label":"Manufacturer","Locale":"es_ES"}},"Title":{"DisplayValue":"Only ONLGEMMA Faux Leather Biker OTW Noos Chaqueta, Negro (Black Black), 40 para Mujer","Label":"Title","Locale":"es_ES"}},"Offers":{"Summaries":[{"Condition":{"Value":"Used"},"LowestPrice":{"Amount":24.18,"Currency":"EUR","DisplayAmount":"24,18 €"}},{"Condition":{"Value":"New"},"LowestPrice":{"Amount":32.98,"Currency":"EUR","DisplayAmount":"32,98 €"}}]}},{"ASIN":"B07WN6SDYV","DetailPageURL":"https://www.amazon.es/dp/B07WN6SDYV?tag=topinalambricos-21&linkCode=osi&th=1&psc=1","Images":{"Primary":{"Small":{"Height":75,"URL":"https://m.media-amazon.com/images/I/41qviSvWEIL._SL75_.jpg","Width":75}}},"ItemInfo":{"ByLineInfo":{"Brand":{"DisplayValue":"Elara","Label":"Brand","Locale":"es_ES"}},"Title":{"DisplayValue":"Elara Chaqueta Acolchada para Mujer de Invierno Entallada Chunkyrayan MP19901 Rosa 38 (M)","Label":"Title","Locale":"es_ES"}},"Offers":{"Summaries":[{"Condition":{"Value":"New"},"LowestPrice":{"Amount":55.9,"Currency":"EUR","DisplayAmount":"55,90 €"}}]}},{"ASIN":"B07WRCD5XH","DetailPageURL":"https://www.amazon.es/dp/B07WRCD5XH?tag=topinalambricos-21&linkCode=osi&th=1&psc=1","Images":{"Primary":{"Small":{"Height":75,"URL":"https://m.media-amazon.com/images/I/41PSGDTdedL._SL75_.jpg","Width":75}}},"ItemInfo":{"ByLineInfo":{"Brand":{"DisplayValue":"Elara","Label":"Brand","Locale":"es_ES"}},"Title":{"DisplayValue":"Elara Chaqueta Acolchada para Mujer Parka Corta Chunkyrayan MP19903 Rosa-36 (S)","Label":"Title","Locale":"es_ES"}},"Offers":{"Summaries":[{"Condition":{"Value":"New"},"LowestPrice":{"Amount":44.9,"Currency":"EUR","DisplayAmount":"44,90 €"}}]}},{"ASIN":"B07KZCYHDF","DetailPageURL":"https://www.amazon.es/dp/B07KZCYHDF?tag=topinalambricos-21&linkCode=osi&th=1&psc=1","Images":{"Primary":{"Small":{"Height":75,"URL":"https://m.media-amazon.com/images/I/31wcvSSUniL._SL75_.jpg","Width":49}}},"ItemInfo":{"ByLineInfo":{"Brand":{"DisplayValue":"Salsa","Label":"Brand","Locale":"es_ES"},"Manufacturer":{"DisplayValue":"Salsa Jeans","Label":"Manufacturer","Locale":"es_ES"}},"Title":{"DisplayValue":"Salsa Chaqueta de Piel","Label":"Title","Locale":"es_ES"}},"Offers":{"Summaries":[{"Condition":{"Value":"New"},"LowestPrice":{"Amount":152.8,"Currency":"EUR","DisplayAmount":"152,80 €"}}]}},{"ASIN":"B07PGJZRZ8","DetailPageURL":"https://www.amazon.es/dp/B07PGJZRZ8?tag=topinalambricos-21&linkCode=osi&th=1&psc=1","Images":{"Primary":{"Small":{"Height":75,"URL":"https://m.media-amazon.com/images/I/31PNef-w3eL._SL75_.jpg","Width":49}}},"ItemInfo":{"ByLineInfo":{"Brand":{"DisplayValue":"BELLIVERA","Label":"Brand","Locale":"es_ES"}},"Title":{"DisplayValue":"BELLIVERA Chaqueta de Gamuza de Cuero Sintético Para Mujer Abrigo Corto con Cinturón de Motocicleta Cálido de Invierno con Cuello de piel Desmontable 8830 Rosa M","Label":"Title","Locale":"es_ES"}},"Offers":{"Summaries":[{"Condition":{"Value":"New"},"LowestPrice":{"Amount":81.99,"Currency":"EUR","DisplayAmount":"81,99 €"}}]}}],"SearchURL":"https://www.amazon.es/s?k=cuero+rosa&rh=n%3A3074298031%2Cp_n_availability%3A-1&tag=topinalambricos-21&linkCode=osi","TotalResultCount":932}},"36":{"SearchResult":{"Items":[{"ASIN":"B01MEGJ4OS","DetailPageURL":"https://www.amazon.es/dp/B01MEGJ4OS?tag=topinalambricos-21&linkCode=osi&th=1&psc=1","Images":{"Primary":{"Small":{"Height":75,"URL":"https://m.media-amazon.com/images/I/41-0DvSgd6L._SL75_.jpg","Width":57}}},"ItemInfo":{"ByLineInfo":{"Brand":{"DisplayValue":"Freaky Nation","Label":"Brand","Locale":"es_ES"},"Manufacturer":{"DisplayValue":"Freaky Nation","Label":"Manufacturer","Locale":"es_ES"}},"Title":{"DisplayValue":"Freaky Nation Biker Princess Chaqueta, Rojo (Apple 4068), L para Mujer","Label":"Title","Locale":"es_ES"}},"Offers":{"Summaries":[{"Condition":{"Value":"Used"},"LowestPrice":{"Amount":92.11,"Currency":"EUR","DisplayAmount":"92,11 €"}},{"Condition":{"Value":"New"},"LowestPrice":{"Amount":119.0,"Currency":"EUR","DisplayAmount":"119,00 €"}}]}},{"ASIN":"B095HXSXS7","DetailPageURL":"https://www.amazon.es/dp/B095HXSXS7?tag=topinalambricos-21&linkCode=osi&th=1&psc=1","Images":{"Primary":{"Small":{"Height":75,"URL":"https://m.media-amazon.com/images/I/41DPV7Iy4rS._SL75_.jpg","Width":58}}},"ItemInfo":{"ByLineInfo":{"Brand":{"DisplayValue":"Infinity Leather","Label":"Brand","Locale":"es_ES"}},"Title":{"DisplayValue":"Infinity Leather Chaqueta Motera Amarillo Retro 100% Cuero Napa para Mujer M","Label":"Title","Locale":"es_ES"}},"Offers":{"Summaries":[{"Condition":{"Value":"New"},"LowestPrice":{"Amount":129.99,"Currency":"EUR","DisplayAmount":"129,99 €"}}]}},{"ASIN":"B09BP2FPZ4","DetailPageURL":"https://www.amazon.es/dp/B09BP2FPZ4?tag=topinalambricos-21&linkCode=osi&th=1&psc=1","Images":{"Primary":{"Small":{"Height":75,"URL":"https://m.media-amazon.com/images/I/31Q-ibr1S5L._SL75_.jpg","Width":57}}},"ItemInfo":{"ByLineInfo":{"Brand":{"DisplayValue":"Petit Bateau","Label":"Brand","Locale":"es_ES"},"Manufacturer":{"DisplayValue":"Petit Bateau","Label":"Manufacturer","Locale":"es_ES"}},"Title":{"DisplayValue":"Petit Bateau A03mp Chaqueta de Cuero, Amarillo, XS para Mujer","Label":"Title","Locale":"es_ES"}},"Offers":{"Summaries":[{"Condition":{"Value":"New"},"LowestPrice":{"Amount":88.16,"Currency":"EUR","DisplayAmount":"88,16 €"}}]}},{"ASIN":"B075446BHQ","DetailPageURL":"https://www.amazon.es/dp/B075446BHQ?tag=topinalambricos-21&linkCode=osi&th=1&psc=1","Images":{"Primary":{"Small":{"Height":75,"URL":"https://m.media-amazon.com/images/I/41SLIBI62iL._SL75_.jpg","Width":60}}},"ItemInfo":{"ByLineInfo":{"Brand":{"DisplayValue":"PengGeng","Label":"Brand","Locale":"es_ES"}},"Title":{"DisplayValue":"PengGeng Chaquetas para Mujer Otoño Invierno Blazers Chaqueta con Cremallera Casual Cazadoras De Cortos De Cuero PU Amarillo XL","Label":"Title","Locale":"es_ES"}},"Offers":{"Summaries":[{"Condition":{"Value":"New"},"LowestPrice":{"Amount":29.88,"Currency":"EUR","DisplayAmount":"29,88 €"}}]}},{"ASIN":"B08SQY7NC5","DetailPageURL":"https://www.amazon.es/dp/B08SQY7NC5?tag=topinalambricos-21&linkCode=osi&th=1&psc=1","Images":{"Primary":{"Small":{"Height":75,"URL":"https://m.media-amazon.com/images/I/418mG3e78eL._SL75_.jpg","Width":49}}},"ItemInfo":{"ByLineInfo":{"Brand":{"DisplayValue":"JOPHY & CO.","Label":"Brand","Locale":"es_ES"}},"Title":{"DisplayValue":"JOPHY & CO. Chaqueta corta de mujer de piel sintética (cód. 8820) o auténtica piel (cód. 8820/A) con bolsillos, cremalleras y cuello Coreana (Mostaza (cod. 8820), L)","Label":"Title","Locale":"es_ES"}},"Offers":{"Summaries":[{"Condition":{"Value":"New"},"LowestPrice":{"Amount":39.0,"Currency":"EUR","DisplayAmount":"39,00 €"}}]}},{"ASIN":"B07W6TSCGJ","DetailPageURL":"https://www.amazon.es/dp/B07W6TSCGJ?tag=topinalambricos-21&linkCode=osi&th=1&psc=1","Images":{"Primary":{"Small":{"Height":75,"URL":"https://m.media-amazon.com/images/I/41kd7s8qmlL._SL75_.jpg","Width":56}}},"ItemInfo":{"ByLineInfo":{"Brand":{"DisplayValue":"malito more than fashion","Label":"Brand","Locale":"es_ES"}},"Title":{"DisplayValue":"malito Mujer Chaqueta Biker Terciopelo Cuero Sintético 5199 (amarillo oscuro, M)","Label":"Title","Locale":"es_ES"}},"Offers":{"Summaries":[{"Condition":{"Value":"New"},"LowestPrice":{"Amount":39.95,"Currency":"EUR","DisplayAmount":"39,95 €"}}]}},{"ASIN":"B075MDGBJF","DetailPageURL":"https://www.amazon.es/dp/B075MDGBJF?tag=topinalambricos-21&linkCode=osi&th=1&psc=1","Images":{"Primary":{"Small":{"Height":75,"URL":"https://m.media-amazon.com/images/I/41PUcKcrQ7L._SL75_.jpg","Width":75}}},"ItemInfo":{"ByLineInfo":{"Brand":{"DisplayValue":"YoungSoul","Label":"Brand","Locale":"es_ES"}},"Title":{"DisplayValue":"YoungSoul Cazadora Mujer, Chaqueta Biker de Cuero sintético con Cremallera asimétrica y cinturón Amarillo EU 38-40","Label":"Title","Locale":"es_ES"}},"Offers":{"Summaries":[{"Condition":{"Value":"New"},"LowestPrice":{"Amount":34.98,"Currency":"EUR","DisplayAmount":"34,98 €"}}]}},{"ASIN":"B08LD824T3","DetailPageURL":"https://www.amazon.es/dp/B08LD824T3?tag=topinalambricos-21&linkCode=osi&th=1&psc=1","Images":{"Primary":{"Small":{"Height":75,"URL":"https://m.media-amazon.com/images/I/41IL9FKgJcS._SL75_.jpg","Width":75}}},"ItemInfo":{"ByLineInfo":{"Brand":{"DisplayValue":"YYNUDA","Label":"Brand","Locale":"es_ES"},"Manufacturer":{"DisplayValue":"YYNUDA","Label":"Manufacturer","Locale":"es_ES"}},"Title":{"DisplayValue":"YYNUDA Chaqueta Mujer de Motard Vintage Chaqueta de Cuero PU Chaqueta Moto, amarillo, XXXL","Label":"Title","Locale":"es_ES"}},"Offers":{"Summaries":[{"Condition":{"Value":"New"},"LowestPrice":{"Amount":42.99,"Currency":"EUR","DisplayAmount":"42,99 €"}}]}},{"ASIN":"B075YJQ335","DetailPageURL":"https://www.amazon.es/dp/B075YJQ335?tag=topinalambricos-21&linkCode=osi&th=1&psc=1","Images":{"Primary":{"Small":{"Height":75,"URL":"https://m.media-amazon.com/images/I/41+K1L1cbPL._SL75_.jpg","Width":54}}},"ItemInfo":{"ByLineInfo":{"Brand":{"DisplayValue":"LaoZan","Label":"Brand","Locale":"es_ES"}},"Title":{"DisplayValue":"LaoZan Cazadora de la Mujer Chaquetas Corta con Cremallera De PU Cuero Abrigo Informal S Amarillo","Label":"Title","Locale":"es_ES"}},"Offers":{"Summaries":[{"Condition":{"Value":"New"},"LowestPrice":{"Amount":22.35,"Currency":"EUR","DisplayAmount":"22,35 €"}}]}},{"ASIN":"B07TZ7L4Z6","DetailPageURL":"https://www.amazon.es/dp/B07TZ7L4Z6?tag=topinalambricos-21&linkCode=osi&th=1&psc=1","Images":{"Primary":{"Small":{"Height":75,"URL":"https://m.media-amazon.com/images/I/41MhQReSBYL._SL75_.jpg","Width":62}}},"ItemInfo":{"ByLineInfo":{"Brand":{"DisplayValue":"Infinity Leather","Label":"Brand","Locale":"es_ES"}},"Title":{"DisplayValue":"Infinity Leather Señoras para Mujer de Cuero Real Amarillo Equipado con Chaqueta de Moda con Cremallera Estilo Motorista XS","Label":"Title","Locale":"es_ES"}},"Offers":{"Summaries":[{"Condition":{"Value":"New"},"LowestPrice":{"Amount":134.99,"Currency":"EUR","DisplayAmount":"134,99 €"}}]}}],"SearchURL":"https://www.amazon.es/s?k=cuero+amarillo&rh=n%3A3074298031%2Cp_n_availability%3A-1&tag=topinalambricos-21&linkCode=osi","TotalResultCount":945}},"37":{"SearchResult":{"Items":[{"ASIN":"B09JRX18JG","DetailPageURL":"https://www.amazon.es/dp/B09JRX18JG?tag=topinalambricos-21&linkCode=osi&th=1&psc=1","Images":{"Primary":{"Small":{"Height":75,"URL":"https://m.media-amazon.com/images/I/3161XlgzlFL._SL75_.jpg","Width":75}}},"ItemInfo":{"ByLineInfo":{"Brand":{"DisplayValue":"YYNUDA","Label":"Brand","Locale":"es_ES"},"Manufacturer":{"DisplayValue":"YYNUDA","Label":"Manufacturer","Locale":"es_ES"}},"Title":{"DisplayValue":"YYNUDA Chaqueta de Cuero Sintética corta para Mujer Estilo Vintage （Azul M）","Label":"Title","Locale":"es_ES"}},"Offers":{"Summaries":[{"Condition":{"Value":"New"},"LowestPrice":{"Amount":43.99,"Currency":"EUR","DisplayAmount":"43,99 €"}}]}},{"ASIN":"B00GV7QDQG","DetailPageURL":"https://www.amazon.es/dp/B00GV7QDQG?tag=topinalambricos-21&linkCode=osi&th=1&psc=1","Images":{"Primary":{"Small":{"Height":75,"URL":"https://m.media-amazon.com/images/I/41TJ83kIiuS._SL75_.jpg","Width":57}}},"ItemInfo":{"ByLineInfo":{"Brand":{"DisplayValue":"Schott","Label":"Brand","Locale":"es_ES"},"Manufacturer":{"DisplayValue":"Schott NYC","Label":"Manufacturer","Locale":"es_ES"}},"Title":{"DisplayValue":"Schott NYC, Chaqueta de manga larga para mujer, Azul (indigo), M","Label":"Title","Locale":"es_ES"}},"Offers":{"Summaries":[{"Condition":{"Value":"New"},"LowestPrice":{"Amount":355.0,"Currency":"EUR","DisplayAmount":"355,00 €"}}]}},{"ASIN":"B08PPK76QK","DetailPageURL":"https://www.amazon.es/dp/B08PPK76QK?tag=topinalambricos-21&linkCode=osi&th=1&psc=1","Images":{"Primary":{"Small":{"Height":75,"URL":"https://m.media-amazon.com/images/I/41dFivxWNvL._SL75_.jpg","Width":56}}},"ItemInfo":{"ByLineInfo":{"Brand":{"DisplayValue":"Aviatrix","Label":"Brand","Locale":"es_ES"}},"Title":{"DisplayValue":"Aviatrix Chaqueta de motociclista con cuello de banda de cuero real súper suave para mujer (OBFQ), azul marino, 5XL","Label":"Title","Locale":"es_ES"}},"Offers":{"Summaries":[{"Condition":{"Value":"New"},"LowestPrice":{"Amount":102.98,"Currency":"EUR","DisplayAmount":"102,98 €"}}]}},{"ASIN":"B09V2T6M35","DetailPageURL":"https://www.amazon.es/dp/B09V2T6M35?tag=topinalambricos-21&linkCode=osi&th=1&psc=1","Images":{"Primary":{"Small":{"Height":75,"URL":"https://m.media-amazon.com/images/I/41aAIQ+M1BL._SL75_.jpg","Width":55}}},"ItemInfo":{"ByLineInfo":{"Brand":{"DisplayValue":"Seamido","Label":"Brand","Locale":"es_ES"},"Manufacturer":{"DisplayValue":"Seamido","Label":"Manufacturer","Locale":"es_ES"}},"Title":{"DisplayValue":"Seamido Chaqueta de Cuero PU para Mujer Chaqueta con Bolsillos con Cremallera Chaqueta Corta para el Otoño…","Label":"Title","Locale":"es_ES"}},"Offers":{"Summaries":[{"Condition":{"Value":"New"},"LowestPrice":{"Amount":46.49,"Currency":"EUR","DisplayAmount":"46,49 €"}}]}},{"ASIN":"B08CN5TG8P","DetailPageURL":"https://www.amazon.es/dp/B08CN5TG8P?tag=topinalambricos-21&linkCode=osi&th=1&psc=1","Images":{"Primary":{"Small":{"Height":75,"URL":"https://m.media-amazon.com/images/I/51EtyjbqLGL._SL75_.jpg","Width":57}}},"ItemInfo":{"ByLineInfo":{"Brand":{"DisplayValue":"Desigual","Label":"Brand","Locale":"es_ES"},"Manufacturer":{"DisplayValue":"Desigual","Label":"Manufacturer","Locale":"es_ES"}},"Title":{"DisplayValue":"Desigual Chaq_athlas Chaqueta Vaquera, Azul, 44 para Mujer","Label":"Title","Locale":"es_ES"}},"Offers":{"Summaries":[{"Condition":{"Value":"New"},"LowestPrice":{"Amount":76.59,"Currency":"EUR","DisplayAmount":"76,59 €"}}]}},{"ASIN":"B08V9CHBDY","DetailPageURL":"https://www.amazon.es/dp/B08V9CHBDY?tag=topinalambricos-21&linkCode=osi&th=1&psc=1","Images":{"Primary":{"Small":{"Height":75,"URL":"https://m.media-amazon.com/images/I/41a5xoViqCL._SL75_.jpg","Width":75}}},"ItemInfo":{"ByLineInfo":{"Brand":{"DisplayValue":"Zerimar","Label":"Brand","Locale":"es_ES"},"Manufacturer":{"DisplayValue":"Zerimar","Label":"Manufacturer","Locale":"es_ES"}},"Title":{"DisplayValue":"Zerimar Chaqueta Cazadora Piel | Cazadora Mujer | Chaqueta de Piel Mujer | Cazadora Elegante Mujer | Chaqueta Mujer | Chaqueta Casual para Mujer | Color Azul Talla XL","Label":"Title","Locale":"es_ES"}},"Offers":{"Summaries":[{"Condition":{"Value":"New"},"LowestPrice":{"Amount":189.0,"Currency":"EUR","DisplayAmount":"189,00 €"}}]}},{"ASIN":"B0BCHKQ56B","DetailPageURL":"https://www.amazon.es/dp/B0BCHKQ56B?tag=topinalambricos-21&linkCode=osi&th=1&psc=1","Images":{"Primary":{"Small":{"Height":75,"URL":"https://m.media-amazon.com/images/I/318WlAOXwWL._SL75_.jpg","Width":51}}},"ItemInfo":{"ByLineInfo":{"Brand":{"DisplayValue":"KOROSHI MANIAKS GRAPHIC DESIGN TM","Label":"Brand","Locale":"es_ES"}},"Title":{"DisplayValue":"Koroshi Chaqueta Cazadora Cuero sintético Efecto Piel y Forro de Pelo con Cuello Mao para Mujer Azul, S","Label":"Title","Locale":"es_ES"}},"Offers":{"Summaries":[{"Condition":{"Value":"New"},"LowestPrice":{"Amount":46.99,"Currency":"EUR","DisplayAmount":"46,99 €"}}]}},{"ASIN":"B09HY238KG","DetailPageURL":"https://www.amazon.es/dp/B09HY238KG?tag=topinalambricos-21&linkCode=osi&th=1&psc=1","Images":{"Primary":{"Small":{"Height":75,"URL":"https://m.media-amazon.com/images/I/41cW1a368BL._SL75_.jpg","Width":75}}},"ItemInfo":{"ByLineInfo":{"Brand":{"DisplayValue":"Geographical Norway","Label":"Brand","Locale":"es_ES"},"Manufacturer":{"DisplayValue":"GEOGRAPHICAL NORWAY","Label":"Manufacturer","Locale":"es_ES"}},"Title":{"DisplayValue":"Geographical Norway - PARKA DE MUJER BELLACIAO TURQUESA S","Label":"Title","Locale":"es_ES"}},"Offers":{"Summaries":[{"Condition":{"Value":"New"},"LowestPrice":{"Amount":69.8,"Currency":"EUR","DisplayAmount":"69,80 €"}}]}},{"ASIN":"B09KM8NYZ7","DetailPageURL":"https://www.amazon.es/dp/B09KM8NYZ7?tag=topinalambricos-21&linkCode=osi&th=1&psc=1","Images":{"Primary":{"Small":{"Height":75,"URL":"https://m.media-amazon.com/images/I/41z31mFlpLL._SL75_.jpg","Width":57}}},"ItemInfo":{"ByLineInfo":{"Brand":{"DisplayValue":"BOSS","Label":"Brand","Locale":"es_ES"},"Manufacturer":{"DisplayValue":"HUGO BOSS AG","Label":"Manufacturer","Locale":"es_ES"}},"Title":{"DisplayValue":"BOSS C_saflima1 Chaqueta de Piel, Azul Abierto, 48 para Mujer","Label":"Title","Locale":"es_ES"}},"Offers":{"Summaries":[{"Condition":{"Value":"New"},"LowestPrice":{"Amount":399.0,"Currency":"EUR","DisplayAmount":"399,00 €"}}]}},{"ASIN":"B09ZF4KB6Q","DetailPageURL":"https://www.amazon.es/dp/B09ZF4KB6Q?tag=topinalambricos-21&linkCode=osi&th=1&psc=1","Images":{"Primary":{"Small":{"Height":75,"URL":"https://m.media-amazon.com/images/I/41VC4LEA1FL._SL75_.jpg","Width":75}}},"ItemInfo":{"ByLineInfo":{"Brand":{"DisplayValue":"Zerimar","Label":"Brand","Locale":"es_ES"},"Manufacturer":{"DisplayValue":"Zerimar","Label":"Manufacturer","Locale":"es_ES"}},"Title":{"DisplayValue":"Zerimar Chaqueta Cazadora Piel Mujer | Chaqueta Elegante Mujer | Cazadora Mujer | Chaqueta Casual para Mujer | Cazadora Cuero | Color Azul Talla L","Label":"Title","Locale":"es_ES"}},"Offers":{"Summaries":[{"Condition":{"Value":"New"},"LowestPrice":{"Amount":189.0,"Currency":"EUR","DisplayAmount":"189,00 €"}}]}}],"SearchURL":"https://www.amazon.es/s?k=cuero+azul&rh=n%3A3074298031%2Cp_n_availability%3A-1&tag=topinalambricos-21&linkCode=osi","TotalResultCount":2743}},"38":{"SearchResult":{"Items":[{"ASIN":"B09DT1Y3YW","DetailPageURL":"https://www.amazon.es/dp/B09DT1Y3YW?tag=topinalambricos-21&linkCode=osi&th=1&psc=1","Images":{"Primary":{"Small":{"Height":75,"URL":"https://m.media-amazon.com/images/I/41FosAYAwQL._SL75_.jpg","Width":57}}},"ItemInfo":{"ByLineInfo":{"Brand":{"DisplayValue":"JJXX","Label":"Brand","Locale":"es_ES"},"Manufacturer":{"DisplayValue":"Bestseller A/S","Label":"Manufacturer","Locale":"es_ES"}},"Title":{"DisplayValue":"JJXX Jxgail Faux Leather Biker Jacket Noos Chaqueta de Cuero sinttico, Verde Oliva, M para Mujer","Label":"Title","Locale":"es_ES"}},"Offers":{"Summaries":[{"Condition":{"Value":"New"},"LowestPrice":{"Amount":48.99,"Currency":"EUR","DisplayAmount":"48,99 €"}}]}},{"ASIN":"B09DT1ZVPV","DetailPageURL":"https://www.amazon.es/dp/B09DT1ZVPV?tag=topinalambricos-21&linkCode=osi&th=1&psc=1","Images":{"Primary":{"Small":{"Height":75,"URL":"https://m.media-amazon.com/images/I/41FosAYAwQL._SL75_.jpg","Width":57}}},"ItemInfo":{"ByLineInfo":{"Brand":{"DisplayValue":"Jack & Jones","Label":"Brand","Locale":"es_ES"},"Manufacturer":{"DisplayValue":"Bestseller A/S","Label":"Manufacturer","Locale":"es_ES"}},"Title":{"DisplayValue":"Jack & Jones Jjxx Jxgail Faux Leather Biker Jacket Noos Chaqueta de Cuero sinttico, Verde Oliva, XL para Mujer","Label":"Title","Locale":"es_ES"}},"Offers":{"Summaries":[{"Condition":{"Value":"New"},"LowestPrice":{"Amount":31.92,"Currency":"EUR","DisplayAmount":"31,92 €"}}]}},{"ASIN":"B07585XPN2","DetailPageURL":"https://www.amazon.es/dp/B07585XPN2?tag=topinalambricos-21&linkCode=osi&th=1&psc=1","Images":{"Primary":{"Small":{"Height":75,"URL":"https://m.media-amazon.com/images/I/41pZ+yXH54L._SL75_.jpg","Width":56}}},"ItemInfo":{"ByLineInfo":{"Brand":{"DisplayValue":"NAME IT","Label":"Brand","Locale":"es_ES"},"Manufacturer":{"DisplayValue":"NOISY MAY","Label":"Manufacturer","Locale":"es_ES"}},"Title":{"DisplayValue":"NAME IT Nmrebel L/s PU Jacket-Noos Chaqueta, Negro (Black), 42 (Talla del Fabricante: X-Large) para Mujer","Label":"Title","Locale":"es_ES"}},"Offers":{"Summaries":[{"Condition":{"Value":"New"},"LowestPrice":{"Amount":30.1,"Currency":"EUR","DisplayAmount":"30,10 €"}}]}},{"ASIN":"B07RFRHKZX","DetailPageURL":"https://www.amazon.es/dp/B07RFRHKZX?tag=topinalambricos-21&linkCode=osi&th=1&psc=1","Images":{"Primary":{"Small":{"Height":75,"URL":"https://m.media-amazon.com/images/I/413xXxAVWoL._SL75_.jpg","Width":57}}},"ItemInfo":{"ByLineInfo":{"Brand":{"DisplayValue":"ONLY CARMAKOMA","Label":"Brand","Locale":"es_ES"},"Manufacturer":{"DisplayValue":"ONLY Carmakoma NOS","Label":"Manufacturer","Locale":"es_ES"}},"Title":{"DisplayValue":"ONLY CARMAKOMA Caremmy Faux Leather Biker Noos Chaqueta, Negro (Black), 54 para Mujer","Label":"Title","Locale":"es_ES"}},"Offers":{"Summaries":[{"Condition":{"Value":"New"},"LowestPrice":{"Amount":44.18,"Currency":"EUR","DisplayAmount":"44,18 €"}}]}},{"ASIN":"B07MKMXSXK","DetailPageURL":"https://www.amazon.es/dp/B07MKMXSXK?tag=topinalambricos-21&linkCode=osi&th=1&psc=1","Images":{"Primary":{"Small":{"Height":75,"URL":"https://m.media-amazon.com/images/I/416kIfRFvZL._SL75_.jpg","Width":57}}},"ItemInfo":{"ByLineInfo":{"Brand":{"DisplayValue":"Only","Label":"Brand","Locale":"es_ES"},"Manufacturer":{"DisplayValue":"ONLY NOS","Label":"Manufacturer","Locale":"es_ES"}},"Title":{"DisplayValue":"Only Mujer Onlava Faux Leather Biker Otw Noos Chaqueta, Verde (Chinois Green Chinois Green), 36","Label":"Title","Locale":"es_ES"}},"Offers":{"Summaries":[{"Condition":{"Value":"New"},"LowestPrice":{"Amount":49.99,"Currency":"EUR","DisplayAmount":"49,99 €"}}]}},{"ASIN":"B09PXRZMB5","DetailPageURL":"https://www.amazon.es/dp/B09PXRZMB5?tag=topinalambricos-21&linkCode=osi&th=1&psc=1","Images":{"Primary":{"Small":{"Height":75,"URL":"https://m.media-amazon.com/images/I/41MCJoiU7kL._SL75_.jpg","Width":57}}},"ItemInfo":{"ByLineInfo":{"Brand":{"DisplayValue":"Naf Naf","Label":"Brand","Locale":"es_ES"},"Manufacturer":{"DisplayValue":"Naf Naf","Label":"Manufacturer","Locale":"es_ES"}},"Title":{"DisplayValue":"Naf Naf Chaqueta de Piel, Verde, 36 para Mujer","Label":"Title","Locale":"es_ES"}},"Offers":{"Summaries":[{"Condition":{"Value":"New"},"LowestPrice":{"Amount":63.9,"Currency":"EUR","DisplayAmount":"63,90 €"}}]}},{"ASIN":"B089T54DR9","DetailPageURL":"https://www.amazon.es/dp/B089T54DR9?tag=topinalambricos-21&linkCode=osi&th=1&psc=1","Images":{"Primary":{"Small":{"Height":75,"URL":"https://m.media-amazon.com/images/I/41McoQjXtQL._SL75_.jpg","Width":56}}},"ItemInfo":{"ByLineInfo":{"Brand":{"DisplayValue":"Only","Label":"Brand","Locale":"es_ES"},"Manufacturer":{"DisplayValue":"ONLY","Label":"Manufacturer","Locale":"es_ES"}},"Title":{"DisplayValue":"Only ONLTAHOE Hood Jacket OTW Noos Chaqueta, Forest Night, XL para Mujer","Label":"Title","Locale":"es_ES"}},"Offers":{"Summaries":[{"Condition":{"Value":"New"},"LowestPrice":{"Amount":37.99,"Currency":"EUR","DisplayAmount":"37,99 €"}}]}},{"ASIN":"B09L1Q372Q","DetailPageURL":"https://www.amazon.es/dp/B09L1Q372Q?tag=topinalambricos-21&linkCode=osi&th=1&psc=1","Images":{"Primary":{"Small":{"Height":75,"URL":"https://m.media-amazon.com/images/I/31Hxvdqf2aL._SL75_.jpg","Width":56}}},"ItemInfo":{"ByLineInfo":{"Brand":{"DisplayValue":"Only","Label":"Brand","Locale":"es_ES"},"Manufacturer":{"DisplayValue":"Bestseller A/S","Label":"Manufacturer","Locale":"es_ES"}},"Title":{"DisplayValue":"Only ONLSEDONA Light Short Jacket OTW Noos Chaqueta, Bálsamo Verde, S para Mujer","Label":"Title","Locale":"es_ES"}},"Offers":{"Summaries":[{"Condition":{"Value":"New"},"LowestPrice":{"Amount":19.99,"Currency":"EUR","DisplayAmount":"19,99 €"}}]}},{"ASIN":"B09G8FSSS9","DetailPageURL":"https://www.amazon.es/dp/B09G8FSSS9?tag=topinalambricos-21&linkCode=osi&th=1&psc=1","Images":{"Primary":{"Small":{"Height":75,"URL":"https://m.media-amazon.com/images/I/41z1YSndk2L._SL75_.jpg","Width":72}}},"ItemInfo":{"ByLineInfo":{"Brand":{"DisplayValue":"HARRY POTTER","Label":"Brand","Locale":"es_ES"},"Manufacturer":{"DisplayValue":"RICHINA DEVELOPMENT LTD T/A JC WORLDWIDE","Label":"Manufacturer","Locale":"es_ES"}},"Title":{"DisplayValue":"HARRY POTTER Death Eater Mujer Chaqueta imitación cuero negro-verde XL","Label":"Title","Locale":"es_ES"}},"Offers":{"Summaries":[{"Condition":{"Value":"New"},"LowestPrice":{"Amount":83.99,"Currency":"EUR","DisplayAmount":"83,99 €"}}]}},{"ASIN":"B01E17H8KW","DetailPageURL":"https://www.amazon.es/dp/B01E17H8KW?tag=topinalambricos-21&linkCode=osi&th=1&psc=1","Images":{"Primary":{"Small":{"Height":75,"URL":"https://m.media-amazon.com/images/I/41QDDQPxCkL._SL75_.jpg","Width":60}}},"ItemInfo":{"ByLineInfo":{"Brand":{"DisplayValue":"Walker and Hawkes","Label":"Brand","Locale":"es_ES"}},"Title":{"DisplayValue":"Walker & Hawkes - Chaqueta de cera antigua para mujer, abrigo encerado, color verde oliva, verde oliva, 38","Label":"Title","Locale":"es_ES"}},"Offers":{"Summaries":[{"Condition":{"Value":"New"},"LowestPrice":{"Amount":123.95,"Currency":"EUR","DisplayAmount":"123,95 €"}}]}}],"SearchURL":"https://www.amazon.es/s?k=cuero+verdes&rh=n%3A3074298031%2Cp_n_availability%3A-1&tag=topinalambricos-21&linkCode=osi","TotalResultCount":997}},"39":{"SearchResult":{"Items":[{"ASIN":"B092DW5CLW","DetailPageURL":"https://www.amazon.es/dp/B092DW5CLW?tag=topinalambricos-21&linkCode=osi&th=1&psc=1","Images":{"Primary":{"Small":{"Height":75,"URL":"https://m.media-amazon.com/images/I/41qIiZz4ZWL._SL75_.jpg","Width":57}}},"ItemInfo":{"ByLineInfo":{"Brand":{"DisplayValue":"Freaky Nation","Label":"Brand","Locale":"es_ES"},"Manufacturer":{"DisplayValue":"Freaky Nation","Label":"Manufacturer","Locale":"es_ES"}},"Title":{"DisplayValue":"Freaky Nation Fast Tula-fn Chaqueta de Cuero, Blanco Hueso, XXL para Mujer","Label":"Title","Locale":"es_ES"}},"Offers":{"Summaries":[{"Condition":{"Value":"Used"},"LowestPrice":{"Amount":66.06,"Currency":"EUR","DisplayAmount":"66,06 €"}},{"Condition":{"Value":"New"},"LowestPrice":{"Amount":100.19,"Currency":"EUR","DisplayAmount":"100,19 €"}}]}},{"ASIN":"B08PPHHMQN","DetailPageURL":"https://www.amazon.es/dp/B08PPHHMQN?tag=topinalambricos-21&linkCode=osi&th=1&psc=1","Images":{"Primary":{"Small":{"Height":75,"URL":"https://m.media-amazon.com/images/I/41Ux6Vhm8oL._SL75_.jpg","Width":56}}},"ItemInfo":{"ByLineInfo":{"Brand":{"DisplayValue":"Aviatrix","Label":"Brand","Locale":"es_ES"}},"Title":{"DisplayValue":"Aviatrix Chaqueta de motociclista de cuero real súper suave para mujer (OBFQ), Blanco Sucio, M","Label":"Title","Locale":"es_ES"}},"Offers":{"Summaries":[{"Condition":{"Value":"New"},"LowestPrice":{"Amount":101.68,"Currency":"EUR","DisplayAmount":"101,68 €"}}]}},{"ASIN":"B00DDO1L12","DetailPageURL":"https://www.amazon.es/dp/B00DDO1L12?tag=topinalambricos-21&linkCode=osi&th=1&psc=1","Images":{"Primary":{"Small":{"Height":75,"URL":"https://m.media-amazon.com/images/I/41jnWlKJZ3L._SL75_.jpg","Width":57}}},"ItemInfo":{"ByLineInfo":{"Brand":{"DisplayValue":"Schott","Label":"Brand","Locale":"es_ES"},"Manufacturer":{"DisplayValue":"Schott NYC","Label":"Manufacturer","Locale":"es_ES"}},"Title":{"DisplayValue":"Schott NYC - Chaqueta de manga larga para mujer, color Blanco crudo (Off-white), talla Medium","Label":"Title","Locale":"es_ES"}},"Offers":{"Summaries":[{"Condition":{"Value":"New"},"LowestPrice":{"Amount":355.0,"Currency":"EUR","DisplayAmount":"355,00 €"}}]}},{"ASIN":"B01FBGHHUI","DetailPageURL":"https://www.amazon.es/dp/B01FBGHHUI?tag=topinalambricos-21&linkCode=osi&th=1&psc=1","Images":{"Primary":{"Small":{"Height":75,"URL":"https://m.media-amazon.com/images/I/41VgFjrvltL._SL75_.jpg","Width":56}}},"ItemInfo":{"ByLineInfo":{"Brand":{"DisplayValue":"Aviatrix","Label":"Brand","Locale":"es_ES"}},"Title":{"DisplayValue":"Aviatrix Cuero Real Corta Chaqueta De Motociclista Cabida De Las Mujeres (CRD9)","Label":"Title","Locale":"es_ES"}},"Offers":{"Summaries":[{"Condition":{"Value":"New"},"LowestPrice":{"Amount":89.99,"Currency":"EUR","DisplayAmount":"89,99 €"}}]}},{"ASIN":"B09HY238KG","DetailPageURL":"https://www.amazon.es/dp/B09HY238KG?tag=topinalambricos-21&linkCode=osi&th=1&psc=1","Images":{"Primary":{"Small":{"Height":75,"URL":"https://m.media-amazon.com/images/I/41cW1a368BL._SL75_.jpg","Width":75}}},"ItemInfo":{"ByLineInfo":{"Brand":{"DisplayValue":"Geographical Norway","Label":"Brand","Locale":"es_ES"},"Manufacturer":{"DisplayValue":"GEOGRAPHICAL NORWAY","Label":"Manufacturer","Locale":"es_ES"}},"Title":{"DisplayValue":"Geographical Norway - PARKA DE MUJER BELLACIAO TURQUESA S","Label":"Title","Locale":"es_ES"}},"Offers":{"Summaries":[{"Condition":{"Value":"New"},"LowestPrice":{"Amount":69.8,"Currency":"EUR","DisplayAmount":"69,80 €"}}]}},{"ASIN":"B094QH89KQ","DetailPageURL":"https://www.amazon.es/dp/B094QH89KQ?tag=topinalambricos-21&linkCode=osi&th=1&psc=1","Images":{"Primary":{"Small":{"Height":75,"URL":"https://m.media-amazon.com/images/I/313F7bPjoEL._SL75_.jpg","Width":49}}},"ItemInfo":{"ByLineInfo":{"Brand":{"DisplayValue":"Trendyol","Label":"Brand","Locale":"es_ES"},"Manufacturer":{"DisplayValue":"Trendyol","Label":"Manufacturer","Locale":"es_ES"}},"Title":{"DisplayValue":"Trendyol White Stitch Detail Denim Jacket Chaqueta Vaquera Detalle de Puntadas, Blanco, M De Las Mujeres","Label":"Title","Locale":"es_ES"}},"Offers":{"Summaries":[{"Condition":{"Value":"New"},"LowestPrice":{"Amount":32.63,"Currency":"EUR","DisplayAmount":"32,63 €"}}]}},{"ASIN":"B07Y3MSGLS","DetailPageURL":"https://www.amazon.es/dp/B07Y3MSGLS?tag=topinalambricos-21&linkCode=osi&th=1&psc=1","Images":{"Primary":{"Small":{"Height":75,"URL":"https://m.media-amazon.com/images/I/41u+ci5hO9L._SL75_.jpg","Width":75}}},"ItemInfo":{"ByLineInfo":{"Brand":{"DisplayValue":"riou","Label":"Brand","Locale":"es_ES"}},"Title":{"DisplayValue":"riou Mujeres Chaqueta de Motor Abrigo Cremallera Biker Short Punk Tops Cortos Chaqueta Cuero Capa Jacket Parka Pullover Adolescentes Chicas Outwear Cortas","Label":"Title","Locale":"es_ES"}},"Offers":{"Summaries":[{"Condition":{"Value":"New"},"LowestPrice":{"Amount":17.14,"Currency":"EUR","DisplayAmount":"17,14 €"}}]}},{"ASIN":"B00V4UVAKO","DetailPageURL":"https://www.amazon.es/dp/B00V4UVAKO?tag=topinalambricos-21&linkCode=osi&th=1&psc=1","Images":{"Primary":{"Small":{"Height":75,"URL":"https://m.media-amazon.com/images/I/41iSAQQ5uML._SL75_.jpg","Width":56}}},"ItemInfo":{"ByLineInfo":{"Brand":{"DisplayValue":"Only","Label":"Brand","Locale":"es_ES"},"Contributors":[{"Locale":"es_ES","Name":"Only","Role":"Diseñador","RoleType":"designer"}],"Manufacturer":{"DisplayValue":"Only","Label":"Manufacturer","Locale":"es_ES"}},"Title":{"DisplayValue":"Only Mujer Onlava Faux Leather Biker Otw Noos Chaqueta, Negro (Black), 38","Label":"Title","Locale":"es_ES"}},"Offers":{"Summaries":[{"Condition":{"Value":"Used"},"LowestPrice":{"Amount":22.79,"Currency":"EUR","DisplayAmount":"22,79 €"}},{"Condition":{"Value":"New"},"LowestPrice":{"Amount":36.52,"Currency":"EUR","DisplayAmount":"36,52 €"}}]}},{"ASIN":"B09MFZ2CVW","DetailPageURL":"https://www.amazon.es/dp/B09MFZ2CVW?tag=topinalambricos-21&linkCode=osi&th=1&psc=1","Images":{"Primary":{"Small":{"Height":75,"URL":"https://m.media-amazon.com/images/I/31iUF8XCPIL._SL75_.jpg","Width":57}}},"ItemInfo":{"ByLineInfo":{"Brand":{"DisplayValue":"Only","Label":"Brand","Locale":"es_ES"},"Manufacturer":{"DisplayValue":"Bestseller A/S","Label":"Manufacturer","Locale":"es_ES"}},"Title":{"DisplayValue":"Only Onlmelisa CC Otw-Chaqueta de Piel sintética, Blanco (Sea Spray), XL para Mujer","Label":"Title","Locale":"es_ES"}},"Offers":{"Summaries":[{"Condition":{"Value":"New"},"LowestPrice":{"Amount":27.9,"Currency":"EUR","DisplayAmount":"27,90 €"}}]}},{"ASIN":"B08P9CW7PV","DetailPageURL":"https://www.amazon.es/dp/B08P9CW7PV?tag=topinalambricos-21&linkCode=osi&th=1&psc=1","Images":{"Primary":{"Small":{"Height":75,"URL":"https://m.media-amazon.com/images/I/31LLuqaH23L._SL75_.jpg","Width":66}}},"ItemInfo":{"ByLineInfo":{"Brand":{"DisplayValue":"LucaSng","Label":"Brand","Locale":"es_ES"}},"Title":{"DisplayValue":"LucaSng Chaqueta de Cuero PU para Mujer, Mujer Invierno Retro Cremallera Bombardero Chaquetas Corta Deportiva Cuero PU Biker Cazadoras Imitacion Piel Moto Abrigos (Blanco, S)","Label":"Title","Locale":"es_ES"}},"Offers":{"Summaries":[{"Condition":{"Value":"New"},"LowestPrice":{"Amount":35.99,"Currency":"EUR","DisplayAmount":"35,99 €"}}]}}],"SearchURL":"https://www.amazon.es/s?k=cuero+blanco&rh=n%3A3074298031%2Cp_n_availability%3A-1&tag=topinalambricos-21&linkCode=osi","TotalResultCount":1009}},"41":{"SearchResult":{"Items":[{"ASIN":"B07FDLZFYP","DetailPageURL":"https://www.amazon.es/dp/B07FDLZFYP?tag=topinalambricos-21&linkCode=osi&th=1&psc=1","Images":{"Primary":{"Small":{"Height":75,"URL":"https://m.media-amazon.com/images/I/41SSZSswzZL._SL75_.jpg","Width":60}}},"ItemInfo":{"ByLineInfo":{"Brand":{"DisplayValue":"Levi's","Label":"Brand","Locale":"es_ES"},"Manufacturer":{"DisplayValue":"Levi's","Label":"Manufacturer","Locale":"es_ES"}},"Title":{"DisplayValue":"Levi's Chaqueta de motocicleta con cinturón de piel sintética para mujer (tallas estándar y grandes) - negro - M","Label":"Title","Locale":"es_ES"}},"Offers":{"Summaries":[{"Condition":{"Value":"New"},"LowestPrice":{"Amount":86.58,"Currency":"EUR","DisplayAmount":"86,58 €"}}]}},{"ASIN":"B07XTYB42M","DetailPageURL":"https://www.amazon.es/dp/B07XTYB42M?tag=topinalambricos-21&linkCode=osi&th=1&psc=1","Images":{"Primary":{"Small":{"Height":75,"URL":"https://m.media-amazon.com/images/I/31stF7WSM8L._SL75_.jpg","Width":53}}},"ItemInfo":{"ByLineInfo":{"Brand":{"DisplayValue":"Levi's","Label":"Brand","Locale":"es_ES"},"Manufacturer":{"DisplayValue":"Levi's","Label":"Manufacturer","Locale":"es_ES"}},"Title":{"DisplayValue":"Levi's chamarra bomber con capucha resistente al agua para hombre - Negro - Medium","Label":"Title","Locale":"es_ES"}},"Offers":{"Summaries":[{"Condition":{"Value":"New"},"LowestPrice":{"Amount":95.0,"Currency":"EUR","DisplayAmount":"95,00 €"}}]}},{"ASIN":"B08C2Q1HK2","DetailPageURL":"https://www.amazon.es/dp/B08C2Q1HK2?tag=topinalambricos-21&linkCode=osi&th=1&psc=1","Images":{"Primary":{"Small":{"Height":75,"URL":"https://m.media-amazon.com/images/I/41aKqTsmtBL._SL75_.jpg","Width":75}}},"ItemInfo":{"ByLineInfo":{"Brand":{"DisplayValue":"Levi's","Label":"Brand","Locale":"es_ES"},"Manufacturer":{"DisplayValue":"Levi's","Label":"Manufacturer","Locale":"es_ES"}},"Title":{"DisplayValue":"Levi's Chaqueta Militar con Capucha de algodón Lavado (Regular, Grande y Alta) Ligera, Verde-Oliva, XXX-Large para Hombre","Label":"Title","Locale":"es_ES"}},"Offers":{"Summaries":[{"Condition":{"Value":"New"},"LowestPrice":{"Amount":135.28,"Currency":"EUR","DisplayAmount":"135,28 €"}}]}},{"ASIN":"B07NNPR69C","DetailPageURL":"https://www.amazon.es/dp/B07NNPR69C?tag=topinalambricos-21&linkCode=osi&th=1&psc=1","Images":{"Primary":{"Small":{"Height":75,"URL":"https://m.media-amazon.com/images/I/41XdBFgnF4L._SL75_.jpg","Width":64}}},"ItemInfo":{"ByLineInfo":{"Brand":{"DisplayValue":"Levi's","Label":"Brand","Locale":"es_ES"}},"Title":{"DisplayValue":"Levi's Jas Harrington - Reloj de noche, color azul azul Talla única","Label":"Title","Locale":"es_ES"}},"Offers":{"Summaries":[{"Condition":{"Value":"New"},"LowestPrice":{"Amount":109.29,"Currency":"EUR","DisplayAmount":"109,29 €"}}]}},{"ASIN":"B08PDKQ8HD","DetailPageURL":"https://www.amazon.es/dp/B08PDKQ8HD?tag=topinalambricos-21&linkCode=osi&th=1&psc=1","Images":{"Primary":{"Small":{"Height":75,"URL":"https://m.media-amazon.com/images/I/41iosq91QjS._SL75_.jpg","Width":57}}},"ItemInfo":{"ByLineInfo":{"Brand":{"DisplayValue":"Levi's","Label":"Brand","Locale":"es_ES"},"Manufacturer":{"DisplayValue":"Levi's","Label":"Manufacturer","Locale":"es_ES"}},"Title":{"DisplayValue":"Levi's The Trucker Jacket Hombre Rockridge (Azul) XL -","Label":"Title","Locale":"es_ES"}},"Offers":{"Summaries":[{"Condition":{"Value":"New"},"LowestPrice":{"Amount":104.0,"Currency":"EUR","DisplayAmount":"104,00 €"}}]}},{"ASIN":"B07DVM3SJB","DetailPageURL":"https://www.amazon.es/dp/B07DVM3SJB?tag=topinalambricos-21&linkCode=osi&th=1&psc=1","Images":{"Primary":{"Small":{"Height":75,"URL":"https://m.media-amazon.com/images/I/41wf5saMfCL._SL75_.jpg","Width":57}}},"ItemInfo":{"ByLineInfo":{"Brand":{"DisplayValue":"Levi's","Label":"Brand","Locale":"es_ES"},"Manufacturer":{"DisplayValue":"Levi's","Label":"Manufacturer","Locale":"es_ES"}},"Title":{"DisplayValue":"Levi's Type 3 Sherpa Trucker Chaqueta Hombre Rockridge (Azul) L","Label":"Title","Locale":"es_ES"}},"Offers":{"Summaries":[{"Condition":{"Value":"New"},"LowestPrice":{"Amount":75.0,"Currency":"EUR","DisplayAmount":"75,00 €"}}]}},{"ASIN":"B07ZVPBKY6","DetailPageURL":"https://www.amazon.es/dp/B07ZVPBKY6?tag=topinalambricos-21&linkCode=osi&th=1&psc=1","Images":{"Primary":{"Small":{"Height":75,"URL":"https://m.media-amazon.com/images/I/51ANuwFSOBL._SL75_.jpg","Width":57}}},"ItemInfo":{"ByLineInfo":{"Brand":{"DisplayValue":"Levi's","Label":"Brand","Locale":"es_ES"},"Manufacturer":{"DisplayValue":"Levi's","Label":"Manufacturer","Locale":"es_ES"}},"Title":{"DisplayValue":"Levi's Type 3 Sherpa Trucker Chaqueta Hombre Fable (Azul) M -","Label":"Title","Locale":"es_ES"}},"Offers":{"Summaries":[{"Condition":{"Value":"Used"},"LowestPrice":{"Amount":77.68,"Currency":"EUR","DisplayAmount":"77,68 €"}},{"Condition":{"Value":"New"},"LowestPrice":{"Amount":89.14,"Currency":"EUR","DisplayAmount":"89,14 €"}}]}},{"ASIN":"B07ZVNTHDS","DetailPageURL":"https://www.amazon.es/dp/B07ZVNTHDS?tag=topinalambricos-21&linkCode=osi&th=1&psc=1","Images":{"Primary":{"Small":{"Height":75,"URL":"https://m.media-amazon.com/images/I/418i5rCNS2L._SL75_.jpg","Width":57}}},"ItemInfo":{"ByLineInfo":{"Brand":{"DisplayValue":"Levi's","Label":"Brand","Locale":"es_ES"},"Manufacturer":{"DisplayValue":"Levi's","Label":"Manufacturer","Locale":"es_ES"}},"Title":{"DisplayValue":"Levi's Short Down Packable Chaqueta Hombre Mineral Black (Negro) XL -","Label":"Title","Locale":"es_ES"}},"Offers":{"Summaries":[{"Condition":{"Value":"New"},"LowestPrice":{"Amount":63.5,"Currency":"EUR","DisplayAmount":"63,50 €"}}]}},{"ASIN":"B0753Q5YS1","DetailPageURL":"https://www.amazon.es/dp/B0753Q5YS1?tag=topinalambricos-21&linkCode=osi&th=1&psc=1","Images":{"Primary":{"Small":{"Height":75,"URL":"https://m.media-amazon.com/images/I/412auZDJPyL._SL75_.jpg","Width":75}}},"ItemInfo":{"ByLineInfo":{"Brand":{"DisplayValue":"Levi's","Label":"Brand","Locale":"es_ES"},"Manufacturer":{"DisplayValue":"Levi's","Label":"Manufacturer","Locale":"es_ES"}},"Title":{"DisplayValue":"Levi's Chaqueta clásica asimétrica de piel sintética para mujer (tallas estándar y grandes), Negro -, XS","Label":"Title","Locale":"es_ES"}},"Offers":{"Summaries":[{"Condition":{"Value":"New"},"LowestPrice":{"Amount":89.82,"Currency":"EUR","DisplayAmount":"89,82 €"}}]}},{"ASIN":"B07K52MV37","DetailPageURL":"https://www.amazon.es/dp/B07K52MV37?tag=topinalambricos-21&linkCode=osi&th=1&psc=1","Images":{"Primary":{"Small":{"Height":75,"URL":"https://m.media-amazon.com/images/I/41+nAktCgZL._SL75_.jpg","Width":57}}},"ItemInfo":{"ByLineInfo":{"Brand":{"DisplayValue":"Levi's","Label":"Brand","Locale":"es_ES"},"Manufacturer":{"DisplayValue":"Levi's","Label":"Manufacturer","Locale":"es_ES"}},"Title":{"DisplayValue":"Levi's The Trucker Jacket Hombre Palmer (Azul) M","Label":"Title","Locale":"es_ES"}},"Offers":{"Summaries":[{"Condition":{"Value":"New"},"LowestPrice":{"Amount":88.0,"Currency":"EUR","DisplayAmount":"88,00 €"}}]}}],"SearchURL":"https://www.amazon.es/s?k=chamarra+cuero+levis&rh=p_n_availability%3A-1&tag=topinalambricos-21&linkCode=osi","TotalResultCount":29}},"42":{"SearchResult":{"Items":[{"ASIN":"B08XMZL2RH","DetailPageURL":"https://www.amazon.es/dp/B08XMZL2RH?tag=topinalambricos-21&linkCode=osi&th=1&psc=1","Images":{"Primary":{"Small":{"Height":75,"URL":"https://m.media-amazon.com/images/I/41ivrjYkQnL._SL75_.jpg","Width":60}}},"ItemInfo":{"ByLineInfo":{"Brand":{"DisplayValue":"Belstaff","Label":"Brand","Locale":"es_ES"}},"Title":{"DisplayValue":"Belstaff Chaquetas Hombres Trialmaster Panther 71050527 Black Cuero Negro","Label":"Title","Locale":"es_ES"}},"Offers":{"Summaries":[{"Condition":{"Value":"New"},"LowestPrice":{"Amount":1538.9,"Currency":"EUR","DisplayAmount":"1.538,90 €"}}]}},{"ASIN":"B09DWTFXWY","DetailPageURL":"https://www.amazon.es/dp/B09DWTFXWY?tag=topinalambricos-21&linkCode=osi&th=1&psc=1","Images":{"Primary":{"Small":{"Height":75,"URL":"https://m.media-amazon.com/images/I/41bMjbPJmEL._SL75_.jpg","Width":56}}},"ItemInfo":{"ByLineInfo":{"Brand":{"DisplayValue":"Belstaff","Label":"Brand","Locale":"es_ES"}},"Title":{"DisplayValue":"Belstaff Chaqueta V-Racer de piel de 2,0 pulgadas., Negro , 48","Label":"Title","Locale":"es_ES"}},"Offers":{"Summaries":[{"Condition":{"Value":"New"},"LowestPrice":{"Amount":878.9,"Currency":"EUR","DisplayAmount":"878,90 €"}}]}},{"ASIN":"B08244NS2D","DetailPageURL":"https://www.amazon.es/dp/B08244NS2D?tag=topinalambricos-21&linkCode=osi&th=1&psc=1","Images":{"Primary":{"Small":{"Height":75,"URL":"https://m.media-amazon.com/images/I/31U49dx7tqL._SL75_.jpg","Width":75}}},"ItemInfo":{"ByLineInfo":{"Brand":{"DisplayValue":"Belstaff","Label":"Brand","Locale":"es_ES"},"Manufacturer":{"DisplayValue":"Belstaff","Label":"Manufacturer","Locale":"es_ES"}},"Title":{"DisplayValue":"Belstaff Hombre Bomberjacken/Harrington 71050496 90000 Chaqueta","Label":"Title","Locale":"es_ES"}},"Offers":{"Summaries":[{"Condition":{"Value":"New"},"LowestPrice":{"Amount":240.0,"Currency":"EUR","DisplayAmount":"240,00 €"}}]}},{"ASIN":"B084C34S2H","DetailPageURL":"https://www.amazon.es/dp/B084C34S2H?tag=topinalambricos-21&linkCode=osi&th=1&psc=1","Images":{"Primary":{"Small":{"Height":75,"URL":"https://m.media-amazon.com/images/I/515wMRDYocL._SL75_.jpg","Width":75}}},"ItemInfo":{"ByLineInfo":{"Brand":{"DisplayValue":"Belstaff","Label":"Brand","Locale":"es_ES"}},"Title":{"DisplayValue":"Belstaff Chaqueta Hombres 71020820 Outlaw 2.0 Black Cuero Negro","Label":"Title","Locale":"es_ES"}},"Offers":{"Summaries":[{"Condition":{"Value":"New"},"LowestPrice":{"Amount":1538.9,"Currency":"EUR","DisplayAmount":"1.538,90 €"}}]}},{"ASIN":"B084C3538Q","DetailPageURL":"https://www.amazon.es/dp/B084C3538Q?tag=topinalambricos-21&linkCode=osi&th=1&psc=1","Images":{"Primary":{"Small":{"Height":75,"URL":"https://m.media-amazon.com/images/I/41SbJxXdyuL._SL75_.jpg","Width":60}}},"ItemInfo":{"ByLineInfo":{"Brand":{"DisplayValue":"Belstaff","Label":"Brand","Locale":"es_ES"}},"Title":{"DisplayValue":"Belstaff Chaqueta Hombres 71020820 Outlaw 2.0 Black Cuero Negro","Label":"Title","Locale":"es_ES"}},"Offers":{"Summaries":[{"Condition":{"Value":"New"},"LowestPrice":{"Amount":1538.9,"Currency":"EUR","DisplayAmount":"1.538,90 €"}}]}},{"ASIN":"B079MHBKTN","DetailPageURL":"https://www.amazon.es/dp/B079MHBKTN?tag=topinalambricos-21&linkCode=osi&th=1&psc=1","Images":{"Primary":{"Small":{"Height":74,"URL":"https://m.media-amazon.com/images/I/51JFWGNw82L._SL75_.jpg","Width":75}}},"ItemInfo":{"ByLineInfo":{"Brand":{"DisplayValue":"Belstaff","Label":"Brand","Locale":"es_ES"}},"Title":{"DisplayValue":"Belstaff 71020539-60018 V-Racer Leather Jacket Dark Brown (52, Dark Brown)","Label":"Title","Locale":"es_ES"}},"Offers":{"Summaries":[{"Condition":{"Value":"New"},"LowestPrice":{"Amount":890.0,"Currency":"EUR","DisplayAmount":"890,00 €"}}]}},{"ASIN":"B0B8D1GXMP","DetailPageURL":"https://www.amazon.es/dp/B0B8D1GXMP?tag=topinalambricos-21&linkCode=osi&th=1&psc=1","Images":{"Primary":{"Small":{"Height":75,"URL":"https://m.media-amazon.com/images/I/41GA7Ww4lJL._SL75_.jpg","Width":60}}},"ItemInfo":{"ByLineInfo":{"Brand":{"DisplayValue":"Belstaff","Label":"Brand","Locale":"es_ES"}},"Title":{"DisplayValue":"Belstaff chaqueta trialmaster panther, Trialmaster","Label":"Title","Locale":"es_ES"}},"Offers":{"Summaries":[{"Condition":{"Value":"New"},"LowestPrice":{"Amount":1538.9,"Currency":"EUR","DisplayAmount":"1.538,90 €"}}]}},{"ASIN":"B07SRRYFN8","DetailPageURL":"https://www.amazon.es/dp/B07SRRYFN8?tag=topinalambricos-21&linkCode=osi&th=1&psc=1","Images":{"Primary":{"Small":{"Height":75,"URL":"https://m.media-amazon.com/images/I/51jSMGJIQxL._SL75_.jpg","Width":62}}},"ItemInfo":{"ByLineInfo":{"Brand":{"DisplayValue":"Belstaff","Label":"Brand","Locale":"es_ES"},"Manufacturer":{"DisplayValue":"Belstaff","Label":"Manufacturer","Locale":"es_ES"}},"Title":{"DisplayValue":"Belstaff Crosby L","Label":"Title","Locale":"es_ES"}},"Offers":{"Summaries":[{"Condition":{"Value":"New"},"LowestPrice":{"Amount":567.71,"Currency":"EUR","DisplayAmount":"567,71 €"}}]}},{"ASIN":"B01CD3SNLY","DetailPageURL":"https://www.amazon.es/dp/B01CD3SNLY?tag=topinalambricos-21&linkCode=osi&th=1&psc=1","Images":{"Primary":{"Small":{"Height":75,"URL":"https://m.media-amazon.com/images/I/516n+LHs3ML._SL75_.jpg","Width":58}}},"ItemInfo":{"ByLineInfo":{"Brand":{"DisplayValue":"Belstaff","Label":"Brand","Locale":"es_ES"}},"Title":{"DisplayValue":"Belstaff Imola/Glen Vine Jacket - Chaqueta para hombre, color marrón","Label":"Title","Locale":"es_ES"}},"Offers":{"Summaries":[{"Condition":{"Value":"New"},"LowestPrice":{"Amount":460.0,"Currency":"EUR","DisplayAmount":"460,00 €"}}]}},{"ASIN":"B091SXNLZS","DetailPageURL":"https://www.amazon.es/dp/B091SXNLZS?tag=topinalambricos-21&linkCode=osi&th=1&psc=1","Images":{"Primary":{"Small":{"Height":75,"URL":"https://m.media-amazon.com/images/I/41WVQ2m3O9L._SL75_.jpg","Width":75}}},"ItemInfo":{"ByLineInfo":{"Brand":{"DisplayValue":"Belstaff","Label":"Brand","Locale":"es_ES"}},"Title":{"DisplayValue":"Belstaff","Label":"Title","Locale":"es_ES"}},"Offers":{"Summaries":[{"Condition":{"Value":"New"},"LowestPrice":{"Amount":650.88,"Currency":"EUR","DisplayAmount":"650,88 €"}}]}}],"SearchURL":"https://www.amazon.es/s?k=chaqueta+cuero+belstaff&rh=p_n_availability%3A-1&tag=topinalambricos-21&linkCode=osi","TotalResultCount":306}},"43":{"SearchResult":{"Items":[{"ASIN":"B07DXRV17H","DetailPageURL":"https://www.amazon.es/dp/B07DXRV17H?tag=topinalambricos-21&linkCode=osi&th=1&psc=1","Images":{"Primary":{"Small":{"Height":75,"URL":"https://m.media-amazon.com/images/I/51kAu0YM5dL._SL75_.jpg","Width":56}}},"ItemInfo":{"ByLineInfo":{"Brand":{"DisplayValue":"Redbridge","Label":"Brand","Locale":"es_ES"}},"Title":{"DisplayValue":"Redbridge Chaqueta de Hombres Cuero Sintético Moda Casual Negro L","Label":"Title","Locale":"es_ES"}},"Offers":{"Summaries":[{"Condition":{"Value":"New"},"LowestPrice":{"Amount":69.9,"Currency":"EUR","DisplayAmount":"69,90 €"}}]}},{"ASIN":"B08ZNDGMN7","DetailPageURL":"https://www.amazon.es/dp/B08ZNDGMN7?tag=topinalambricos-21&linkCode=osi&th=1&psc=1","Images":{"Primary":{"Small":{"Height":75,"URL":"https://m.media-amazon.com/images/I/31w7c3blrdL._SL75_.jpg","Width":75}}},"ItemInfo":{"ByLineInfo":{"Brand":{"DisplayValue":"LTr","Label":"Brand","Locale":"es_ES"},"Manufacturer":{"DisplayValue":"Vivere GmbH","Label":"Manufacturer","Locale":"es_ES"}},"Title":{"DisplayValue":"LeatherRanch Spray Limpiador Cuero Coche, Bolsos, Zapatos, Chaquetas, 500ml - Limpiador Cuero Sofas, Elmina la Suciedad y Previene la Decoloración - Limpia Tapicerias Coche, Volante y Asientos Cuero","Label":"Title","Locale":"es_ES"}},"Offers":{"Summaries":[{"Condition":{"Value":"New"},"LowestPrice":{"Amount":13.99,"Currency":"EUR","DisplayAmount":"13,99 €"}}]}},{"ASIN":"B07QDZDLBQ","DetailPageURL":"https://www.amazon.es/dp/B07QDZDLBQ?tag=topinalambricos-21&linkCode=osi&th=1&psc=1","Images":{"Primary":{"Small":{"Height":75,"URL":"https://m.media-amazon.com/images/I/410YM0X0z0L._SL75_.jpg","Width":75}}},"ItemInfo":{"ByLineInfo":{"Brand":{"DisplayValue":"Shima","Label":"Brand","Locale":"es_ES"},"Manufacturer":{"DisplayValue":"SHIMA","Label":"Manufacturer","Locale":"es_ES"}},"Title":{"DisplayValue":"Shima PISTON chaqueta de moto para hombre - cuero, chaqueta urbana con paneles de malla, protectores CE de hombros, espalda, codos, deslizadores de hombros (Negro, 52)","Label":"Title","Locale":"es_ES"}},"Offers":{"Summaries":[{"Condition":{"Value":"New"},"LowestPrice":{"Amount":173.68,"Currency":"EUR","DisplayAmount":"173,68 €"}}]}},{"ASIN":"B07W7VP5RD","DetailPageURL":"https://www.amazon.es/dp/B07W7VP5RD?tag=topinalambricos-21&linkCode=osi&th=1&psc=1","Images":{"Primary":{"Small":{"Height":75,"URL":"https://m.media-amazon.com/images/I/41oCURgTvFL._SL75_.jpg","Width":59}}},"ItemInfo":{"ByLineInfo":{"Brand":{"DisplayValue":"Redbridge","Label":"Brand","Locale":"es_ES"}},"Title":{"DisplayValue":"Redbridge Chaqueta de cuero sintético para hombre Cazadora de transición acanalada Negro 4XL","Label":"Title","Locale":"es_ES"}},"Offers":{"Summaries":[{"Condition":{"Value":"New"},"LowestPrice":{"Amount":79.9,"Currency":"EUR","DisplayAmount":"79,90 €"}}]}},{"ASIN":"B07BFCRJW5","DetailPageURL":"https://www.amazon.es/dp/B07BFCRJW5?tag=topinalambricos-21&linkCode=osi&th=1&psc=1","Images":{"Primary":{"Small":{"Height":75,"URL":"https://m.media-amazon.com/images/I/81XfA8nYQ8L._SL75_.png","Width":75}}},"ItemInfo":{"ByLineInfo":{"Brand":{"DisplayValue":"Sanja","Label":"Brand","Locale":"es_ES"},"Manufacturer":{"DisplayValue":"Sanja","Label":"Manufacturer","Locale":"es_ES"}},"Title":{"DisplayValue":"Montaje de la foto de la chaqueta de cuero","Label":"Title","Locale":"es_ES"}},"Offers":{"Summaries":[{"Condition":{"Value":"New"},"LowestPrice":{"Amount":0.0,"Currency":"EUR","DisplayAmount":"0,00 €"}}]}},{"ASIN":"B09CDG9DHN","DetailPageURL":"https://www.amazon.es/dp/B09CDG9DHN?tag=topinalambricos-21&linkCode=osi&th=1&psc=1","Images":{"Primary":{"Small":{"Height":75,"URL":"https://m.media-amazon.com/images/I/41bsun+JvJL._SL75_.jpg","Width":75}}},"ItemInfo":{"ByLineInfo":{"Brand":{"DisplayValue":"Geographical Norway","Label":"Brand","Locale":"es_ES"}},"Title":{"DisplayValue":"Geographical Norway Usine Men Distribrands - Chaqueta de Hombre con Cremallera Gruesa - Chaqueta de Hombre con Sudadera de Invierno Suave - Forro de Sudor Suave de Manga Larga (Gris Oscuro XXL)","Label":"Title","Locale":"es_ES"}},"Offers":{"Summaries":[{"Condition":{"Value":"New"},"LowestPrice":{"Amount":59.9,"Currency":"EUR","DisplayAmount":"59,90 €"}}]}},{"ASIN":"B09HHKH5VW","DetailPageURL":"https://www.amazon.es/dp/B09HHKH5VW?tag=topinalambricos-21&linkCode=osi&th=1&psc=1","Images":{"Primary":{"Small":{"Height":75,"URL":"https://m.media-amazon.com/images/I/411Q4YitSQL._SL75_.jpg","Width":56}}},"ItemInfo":{"ByLineInfo":{"Brand":{"DisplayValue":"NOISY MAY","Label":"Brand","Locale":"es_ES"},"Manufacturer":{"DisplayValue":"Bestseller Textilhandels GmbH","Label":"Manufacturer","Locale":"es_ES"}},"Title":{"DisplayValue":"NOISY MAY Rebel PU Jacket Mujer Chaqueta imitación cuero Negro XXL 100% poliéster","Label":"Title","Locale":"es_ES"}},"Offers":{"Summaries":[{"Condition":{"Value":"New"},"LowestPrice":{"Amount":29.4,"Currency":"EUR","DisplayAmount":"29,40 €"}}]}},{"ASIN":"B08QW9QMB9","DetailPageURL":"https://www.amazon.es/dp/B08QW9QMB9?tag=topinalambricos-21&linkCode=osi&th=1&psc=1","Images":{"Primary":{"Small":{"Height":75,"URL":"https://m.media-amazon.com/images/I/41RRcKBKeiL._SL75_.jpg","Width":75}}},"ItemInfo":{"ByLineInfo":{"Brand":{"DisplayValue":"NIKE","Label":"Brand","Locale":"es_ES"},"Manufacturer":{"DisplayValue":"Nike","Label":"Manufacturer","Locale":"es_ES"}},"Title":{"DisplayValue":"NIKE, Dri-Fit Academy, Chaqueta De Chándal, Obsidian/Blanco/Azul/Blanco, M","Label":"Title","Locale":"es_ES"}},"Offers":{"Summaries":[{"Condition":{"Value":"New"},"LowestPrice":{"Amount":33.4,"Currency":"EUR","DisplayAmount":"33,40 €"}}]}},{"ASIN":"B09DT1L185","DetailPageURL":"https://www.amazon.es/dp/B09DT1L185?tag=topinalambricos-21&linkCode=osi&th=1&psc=1","Images":{"Primary":{"Small":{"Height":75,"URL":"https://m.media-amazon.com/images/I/31QbVdg9MwL._SL75_.jpg","Width":56}}},"ItemInfo":{"ByLineInfo":{"Brand":{"DisplayValue":"JJXX","Label":"Brand","Locale":"es_ES"},"Manufacturer":{"DisplayValue":"Bestseller A/S","Label":"Manufacturer","Locale":"es_ES"}},"Title":{"DisplayValue":"JJXX Jxgail Faux Leather Biker Jacket Noos Chaqueta de Cuero sinttico, Negro, M para Mujer","Label":"Title","Locale":"es_ES"}},"Offers":{"Summaries":[{"Condition":{"Value":"New"},"LowestPrice":{"Amount":48.99,"Currency":"EUR","DisplayAmount":"48,99 €"}}]}},{"ASIN":"B07585XPN2","DetailPageURL":"https://www.amazon.es/dp/B07585XPN2?tag=topinalambricos-21&linkCode=osi&th=1&psc=1","Images":{"Primary":{"Small":{"Height":75,"URL":"https://m.media-amazon.com/images/I/41pZ+yXH54L._SL75_.jpg","Width":56}}},"ItemInfo":{"ByLineInfo":{"Brand":{"DisplayValue":"NAME IT","Label":"Brand","Locale":"es_ES"},"Manufacturer":{"DisplayValue":"NOISY MAY","Label":"Manufacturer","Locale":"es_ES"}},"Title":{"DisplayValue":"NAME IT Nmrebel L/s PU Jacket-Noos Chaqueta, Negro (Black), 42 (Talla del Fabricante: X-Large) para Mujer","Label":"Title","Locale":"es_ES"}},"Offers":{"Summaries":[{"Condition":{"Value":"New"},"LowestPrice":{"Amount":30.1,"Currency":"EUR","DisplayAmount":"30,10 €"}}]}}],"SearchURL":"https://www.amazon.es/s?k=chaqueta+cuero+marca&rh=p_n_availability%3A-1&tag=topinalambricos-21&linkCode=osi","TotalResultCount":306}},"44":{"SearchResult":{"Items":[{"ASIN":"B098K7Y8FW","DetailPageURL":"https://www.amazon.es/dp/B098K7Y8FW?tag=topinalambricos-21&linkCode=osi&th=1&psc=1","Images":{"Primary":{"Small":{"Height":75,"URL":"https://m.media-amazon.com/images/I/41LffNctI4L._SL75_.jpg","Width":57}}},"ItemInfo":{"ByLineInfo":{"Brand":{"DisplayValue":"Pepe Jeans","Label":"Brand","Locale":"es_ES"},"Manufacturer":{"DisplayValue":"Pepe Jeans","Label":"Manufacturer","Locale":"es_ES"}},"Title":{"DisplayValue":"Pepe Jeans Lee Chaqueta, Marrón (Dark Brown), L para Hombre","Label":"Title","Locale":"es_ES"}},"Offers":{"Summaries":[{"Condition":{"Value":"New"},"LowestPrice":{"Amount":170.26,"Currency":"EUR","DisplayAmount":"170,26 €"}}]}},{"ASIN":"B079RQQ49Z","DetailPageURL":"https://www.amazon.es/dp/B079RQQ49Z?tag=topinalambricos-21&linkCode=osi&th=1&psc=1","Images":{"Primary":{"Small":{"Height":75,"URL":"https://m.media-amazon.com/images/I/41hiW+WLrEL._SL75_.jpg","Width":57}}},"ItemInfo":{"ByLineInfo":{"Brand":{"DisplayValue":"Pepe Jeans","Label":"Brand","Locale":"es_ES"},"Manufacturer":{"DisplayValue":"Pepe Jeans","Label":"Manufacturer","Locale":"es_ES"}},"Title":{"DisplayValue":"Pepe Jeans Keith, Chaqueta Hombre, Gris (Grey 945), M","Label":"Title","Locale":"es_ES"}},"Offers":{"Summaries":[{"Condition":{"Value":"New"},"LowestPrice":{"Amount":287.62,"Currency":"EUR","DisplayAmount":"287,62 €"}}]}},{"ASIN":"B0BCR5Q36F","DetailPageURL":"https://www.amazon.es/dp/B0BCR5Q36F?tag=topinalambricos-21&linkCode=osi&th=1&psc=1","Images":{"Primary":{"Small":{"Height":75,"URL":"https://m.media-amazon.com/images/I/41o1Xn-sNKL._SL75_.jpg","Width":75}}},"ItemInfo":{"ByLineInfo":{"Brand":{"DisplayValue":"Pepe Jeans","Label":"Brand","Locale":"es_ES"}},"Title":{"DisplayValue":"Pepe Jeans - CHAQUETA JEROME PM402608 999 BLACK- CHAQUETA PARA HOMBRE (L)","Label":"Title","Locale":"es_ES"}},"Offers":{"Summaries":[{"Condition":{"Value":"New"},"LowestPrice":{"Amount":243.8,"Currency":"EUR","DisplayAmount":"243,80 €"}}]}},{"ASIN":"B09X177HLQ","DetailPageURL":"https://www.amazon.es/dp/B09X177HLQ?tag=topinalambricos-21&linkCode=osi&th=1&psc=1","Images":{"Primary":{"Small":{"Height":75,"URL":"https://m.media-amazon.com/images/I/41g2jsYUwQL._SL75_.jpg","Width":75}}},"ItemInfo":{"ByLineInfo":{"Brand":{"DisplayValue":"Pepe Jeans","Label":"Brand","Locale":"es_ES"},"Manufacturer":{"DisplayValue":"Pepe Jeans","Label":"Manufacturer","Locale":"es_ES"}},"Title":{"DisplayValue":"Pepe Jeans Rinnas Chaqueta de Cuero Exterior, Negro (Black), XS para Mujer","Label":"Title","Locale":"es_ES"}},"Offers":{"Summaries":[{"Condition":{"Value":"New"},"LowestPrice":{"Amount":119.47,"Currency":"EUR","DisplayAmount":"119,47 €"}}]}},{"ASIN":"B08SWNKV7Z","DetailPageURL":"https://www.amazon.es/dp/B08SWNKV7Z?tag=topinalambricos-21&linkCode=osi&th=1&psc=1","Images":{"Primary":{"Small":{"Height":75,"URL":"https://m.media-amazon.com/images/I/41Fwx-EPP3L._SL75_.jpg","Width":57}}},"ItemInfo":{"ByLineInfo":{"Brand":{"DisplayValue":"Pepe Jeans","Label":"Brand","Locale":"es_ES"},"Manufacturer":{"DisplayValue":"Not available","Label":"Manufacturer","Locale":"es_ES"}},"Title":{"DisplayValue":"Pepe Jeans Lorraine, Chaqueta Mujer, Negro, XL","Label":"Title","Locale":"es_ES"}},"Offers":{"Summaries":[{"Condition":{"Value":"New"},"LowestPrice":{"Amount":120.0,"Currency":"EUR","DisplayAmount":"120,00 €"}}]}},{"ASIN":"B09KHGJJ12","DetailPageURL":"https://www.amazon.es/dp/B09KHGJJ12?tag=topinalambricos-21&linkCode=osi&th=1&psc=1","Images":{"Primary":{"Small":{"Height":75,"URL":"https://m.media-amazon.com/images/I/51M-LkwCRhL._SL75_.jpg","Width":57}}},"ItemInfo":{"ByLineInfo":{"Brand":{"DisplayValue":"Pepe Jeans","Label":"Brand","Locale":"es_ES"},"Manufacturer":{"DisplayValue":"Pepe Jeans","Label":"Manufacturer","Locale":"es_ES"}},"Title":{"DisplayValue":"Pepe Jeans Astrid Jeans Mujer, Negro (Black), L","Label":"Title","Locale":"es_ES"}},"Offers":{"Summaries":[{"Condition":{"Value":"New"},"LowestPrice":{"Amount":84.0,"Currency":"EUR","DisplayAmount":"84,00 €"}}]}},{"ASIN":"B0B6WRMY73","DetailPageURL":"https://www.amazon.es/dp/B0B6WRMY73?tag=topinalambricos-21&linkCode=osi&th=1&psc=1","Images":{"Primary":{"Small":{"Height":75,"URL":"https://m.media-amazon.com/images/I/41DvJ5xiHBL._SL75_.jpg","Width":75}}},"ItemInfo":{"ByLineInfo":{"Brand":{"DisplayValue":"Pepe Jeans","Label":"Brand","Locale":"es_ES"}},"Title":{"DisplayValue":"Pepe Jeans - CHAQUETA DE PIEL ARETHA PL402096 EN COLOR NEGRO - CHAQUETA PARA MUJER (xl)","Label":"Title","Locale":"es_ES"}},"Offers":{"Summaries":[{"Condition":{"Value":"New"},"LowestPrice":{"Amount":294.0,"Currency":"EUR","DisplayAmount":"294,00 €"}}]}},{"ASIN":"B09QLC7JJC","DetailPageURL":"https://www.amazon.es/dp/B09QLC7JJC?tag=topinalambricos-21&linkCode=osi&th=1&psc=1","Images":{"Primary":{"Small":{"Height":75,"URL":"https://m.media-amazon.com/images/I/411eXr6ILvL._SL75_.jpg","Width":75}}},"ItemInfo":{"ByLineInfo":{"Brand":{"DisplayValue":"Pepe Jeans","Label":"Brand","Locale":"es_ES"},"Manufacturer":{"DisplayValue":"Pepe Jeans","Label":"Manufacturer","Locale":"es_ES"}},"Title":{"DisplayValue":"Pepe Jeans Jamie Hoodie, Chaquetas Hombre, Gris (Dark Grey Marl), S","Label":"Title","Locale":"es_ES"}},"Offers":{"Summaries":[{"Condition":{"Value":"New"},"LowestPrice":{"Amount":68.69,"Currency":"EUR","DisplayAmount":"68,69 €"}}]}},{"ASIN":"B09QLBJTP6","DetailPageURL":"https://www.amazon.es/dp/B09QLBJTP6?tag=topinalambricos-21&linkCode=osi&th=1&psc=1","Images":{"Primary":{"Small":{"Height":75,"URL":"https://m.media-amazon.com/images/I/41WQ-AZEVwL._SL75_.jpg","Width":29}}},"ItemInfo":{"ByLineInfo":{"Brand":{"DisplayValue":"Pepe Jeans","Label":"Brand","Locale":"es_ES"},"Manufacturer":{"DisplayValue":"Pepe Jeans","Label":"Manufacturer","Locale":"es_ES"}},"Title":{"DisplayValue":"Pepe Jeans Jules Chaquetas, Verde (Thyme), L para Hombre","Label":"Title","Locale":"es_ES"}},"Offers":{"Summaries":[{"Condition":{"Value":"New"},"LowestPrice":{"Amount":121.24,"Currency":"EUR","DisplayAmount":"121,24 €"}}]}},{"ASIN":"B09KHD986M","DetailPageURL":"https://www.amazon.es/dp/B09KHD986M?tag=topinalambricos-21&linkCode=osi&th=1&psc=1","Images":{"Primary":{"Small":{"Height":75,"URL":"https://m.media-amazon.com/images/I/51uaI5wRKzL._SL75_.jpg","Width":57}}},"ItemInfo":{"ByLineInfo":{"Brand":{"DisplayValue":"Pepe Jeans","Label":"Brand","Locale":"es_ES"},"Manufacturer":{"DisplayValue":"Pepe Jeans","Label":"Manufacturer","Locale":"es_ES"}},"Title":{"DisplayValue":"Pepe Jeans Arlette, Chaqueta Mujer, Azul (Dulwich), XS","Label":"Title","Locale":"es_ES"}},"Offers":{"Summaries":[{"Condition":{"Value":"New"},"LowestPrice":{"Amount":69.95,"Currency":"EUR","DisplayAmount":"69,95 €"}}]}}],"SearchURL":"https://www.amazon.es/s?k=chaqueta+cuero+pepe+jeans&rh=p_n_availability%3A-1&tag=topinalambricos-21&linkCode=osi","TotalResultCount":306}},"45":{"SearchResult":{"Items":[{"ASIN":"B098TYX6RG","DetailPageURL":"https://www.amazon.es/dp/B098TYX6RG?tag=topinalambricos-21&linkCode=osi&th=1&psc=1","Images":{"Primary":{"Small":{"Height":75,"URL":"https://m.media-amazon.com/images/I/317tDRKEHOL._SL75_.jpg","Width":57}}},"ItemInfo":{"ByLineInfo":{"Brand":{"DisplayValue":"Calvin Klein Jeans","Label":"Brand","Locale":"es_ES"},"Manufacturer":{"DisplayValue":"PVH","Label":"Manufacturer","Locale":"es_ES"}},"Title":{"DisplayValue":"Calvin Klein Jeans Unpadded Harrington Chaqueta, CK Negro, S para Hombre","Label":"Title","Locale":"es_ES"}},"Offers":{"Summaries":[{"Condition":{"Value":"New"},"LowestPrice":{"Amount":84.69,"Currency":"EUR","DisplayAmount":"84,69 €"}}]}},{"ASIN":"B08KFH9XKS","DetailPageURL":"https://www.amazon.es/dp/B08KFH9XKS?tag=topinalambricos-21&linkCode=osi&th=1&psc=1","Images":{"Primary":{"Small":{"Height":75,"URL":"https://m.media-amazon.com/images/I/31Yc1lqjdfS._SL75_.jpg","Width":75}}},"ItemInfo":{"ByLineInfo":{"Brand":{"DisplayValue":"Calvin Klein","Label":"Brand","Locale":"es_ES"},"Manufacturer":{"DisplayValue":"Calvin Klein","Label":"Manufacturer","Locale":"es_ES"}},"Title":{"DisplayValue":"Calvin Klein Hombre Ultron Hooded Shack Chaqueta de Golf - Armada - S","Label":"Title","Locale":"es_ES"}},"Offers":{"Summaries":[{"Condition":{"Value":"New"},"LowestPrice":{"Amount":67.01,"Currency":"EUR","DisplayAmount":"67,01 €"}}]}},{"ASIN":"B09QH66VLG","DetailPageURL":"https://www.amazon.es/dp/B09QH66VLG?tag=topinalambricos-21&linkCode=osi&th=1&psc=1","Images":{"Primary":{"Small":{"Height":75,"URL":"https://m.media-amazon.com/images/I/41PU1VzZRuL._SL75_.jpg","Width":57}}},"ItemInfo":{"ByLineInfo":{"Brand":{"DisplayValue":"Calvin Klein Jeans","Label":"Brand","Locale":"es_ES"},"Manufacturer":{"DisplayValue":"PVH","Label":"Manufacturer","Locale":"es_ES"}},"Title":{"DisplayValue":"Calvin Klein Jeans Piel sintética MW Ajustada Short Puffer Chaquetas de plumón, Cáscara De Huevo, M para Mujer","Label":"Title","Locale":"es_ES"}},"Offers":{"Summaries":[{"Condition":{"Value":"New"},"LowestPrice":{"Amount":249.9,"Currency":"EUR","DisplayAmount":"249,90 €"}}]}},{"ASIN":"B09QH6H5PJ","DetailPageURL":"https://www.amazon.es/dp/B09QH6H5PJ?tag=topinalambricos-21&linkCode=osi&th=1&psc=1","Images":{"Primary":{"Small":{"Height":75,"URL":"https://m.media-amazon.com/images/I/31OlbVOL3yL._SL75_.jpg","Width":57}}},"ItemInfo":{"ByLineInfo":{"Brand":{"DisplayValue":"Calvin Klein Jeans","Label":"Brand","Locale":"es_ES"},"Manufacturer":{"DisplayValue":"PVH","Label":"Manufacturer","Locale":"es_ES"}},"Title":{"DisplayValue":"Calvin Klein Jeans Chaqueta Bomber técnica sin plumón, CK Negro, M para Hombre","Label":"Title","Locale":"es_ES"}},"Offers":{"Summaries":[{"Condition":{"Value":"New"},"LowestPrice":{"Amount":136.62,"Currency":"EUR","DisplayAmount":"136,62 €"}}]}},{"ASIN":"B0BLQJLFCX","DetailPageURL":"https://www.amazon.es/dp/B0BLQJLFCX?tag=topinalambricos-21&linkCode=osi&th=1&psc=1","Images":{"Primary":{"Small":{"Height":75,"URL":"https://m.media-amazon.com/images/I/311wzHu6fsL._SL75_.jpg","Width":49}}},"ItemInfo":{"ByLineInfo":{"Brand":{"DisplayValue":"Calvin Klein Jeans","Label":"Brand","Locale":"es_ES"},"Manufacturer":{"DisplayValue":"Calvin Klein","Label":"Manufacturer","Locale":"es_ES"}},"Title":{"DisplayValue":"CALVIN KLEIN - Women's quilted down jacket with faux-fur detail - Size S","Label":"Title","Locale":"es_ES"}},"Offers":{"Summaries":[{"Condition":{"Value":"New"},"LowestPrice":{"Amount":132.99,"Currency":"EUR","DisplayAmount":"132,99 €"}}]}},{"ASIN":"B08T9GJJ7G","DetailPageURL":"https://www.amazon.es/dp/B08T9GJJ7G?tag=topinalambricos-21&linkCode=osi&th=1&psc=1","Images":{"Primary":{"Small":{"Height":75,"URL":"https://m.media-amazon.com/images/I/41HP5y1kClL._SL75_.jpg","Width":57}}},"ItemInfo":{"ByLineInfo":{"Brand":{"DisplayValue":"Calvin Klein Jeans","Label":"Brand","Locale":"es_ES"},"Manufacturer":{"DisplayValue":"PVH","Label":"Manufacturer","Locale":"es_ES"}},"Title":{"DisplayValue":"Calvin Klein Jeans Chaqueta Vaquera Regular de los años 90, Denim Black, L para Mujer","Label":"Title","Locale":"es_ES"}},"Offers":{"Summaries":[{"Condition":{"Value":"New"},"LowestPrice":{"Amount":113.12,"Currency":"EUR","DisplayAmount":"113,12 €"}}]}},{"ASIN":"B0B5YHX47C","DetailPageURL":"https://www.amazon.es/dp/B0B5YHX47C?tag=topinalambricos-21&linkCode=osi&th=1&psc=1","Images":{"Primary":{"Small":{"Height":75,"URL":"https://m.media-amazon.com/images/I/41YgbeG2EzL._SL75_.jpg","Width":57}}},"ItemInfo":{"ByLineInfo":{"Brand":{"DisplayValue":"Calvin Klein Jeans","Label":"Brand","Locale":"es_ES"},"Manufacturer":{"DisplayValue":"Calvin Klein","Label":"Manufacturer","Locale":"es_ES"}},"Title":{"DisplayValue":"Calvin Klein MW Down-Puffer Oversize Chaquetas de plumón, CK Black, S para Mujer","Label":"Title","Locale":"es_ES"}},"Offers":{"Summaries":[{"Condition":{"Value":"New"},"LowestPrice":{"Amount":206.0,"Currency":"EUR","DisplayAmount":"206,00 €"}}]}},{"ASIN":"B0868S7ZJ5","DetailPageURL":"https://www.amazon.es/dp/B0868S7ZJ5?tag=topinalambricos-21&linkCode=osi&th=1&psc=1","Images":{"Primary":{"Small":{"Height":75,"URL":"https://m.media-amazon.com/images/I/41AAysyJQsL._SL75_.jpg","Width":75}}},"ItemInfo":{"ByLineInfo":{"Brand":{"DisplayValue":"Calvin Klein","Label":"Brand","Locale":"es_ES"},"Manufacturer":{"DisplayValue":"Calvin Klein","Label":"Manufacturer","Locale":"es_ES"}},"Title":{"DisplayValue":"Calvin Klein Womens Arena Ligero con Capucha - Gris - S","Label":"Title","Locale":"es_ES"}},"Offers":{"Summaries":[{"Condition":{"Value":"New"},"LowestPrice":{"Amount":77.99,"Currency":"EUR","DisplayAmount":"77,99 €"}}]}},{"ASIN":"B09JM1GWM3","DetailPageURL":"https://www.amazon.es/dp/B09JM1GWM3?tag=topinalambricos-21&linkCode=osi&th=1&psc=1","Images":{"Primary":{"Small":{"Height":75,"URL":"https://m.media-amazon.com/images/I/41FLLB8nTAL._SL75_.jpg","Width":57}}},"ItemInfo":{"ByLineInfo":{"Brand":{"DisplayValue":"Calvin Klein Jeans","Label":"Brand","Locale":"es_ES"},"Manufacturer":{"DisplayValue":"Calvin Klein Jeans","Label":"Manufacturer","Locale":"es_ES"}},"Title":{"DisplayValue":"Calvin Klein Jeans Modern Essential Jacket Chaquetas de Mezclilla, Denim Black, M para Hombre","Label":"Title","Locale":"es_ES"}},"Offers":{"Summaries":[{"Condition":{"Value":"New"},"LowestPrice":{"Amount":78.51,"Currency":"EUR","DisplayAmount":"78,51 €"}},{"Condition":{"Value":"Used"},"LowestPrice":{"Amount":72.77,"Currency":"EUR","DisplayAmount":"72,77 €"}}]}},{"ASIN":"B098R7BQCL","DetailPageURL":"https://www.amazon.es/dp/B098R7BQCL?tag=topinalambricos-21&linkCode=osi&th=1&psc=1","Images":{"Primary":{"Small":{"Height":75,"URL":"https://m.media-amazon.com/images/I/41OAsZDLD+L._SL75_.jpg","Width":57}}},"ItemInfo":{"ByLineInfo":{"Brand":{"DisplayValue":"Calvin Klein Jeans","Label":"Brand","Locale":"es_ES"},"Manufacturer":{"DisplayValue":"PVH","Label":"Manufacturer","Locale":"es_ES"}},"Title":{"DisplayValue":"Calvin Klein Jeans Packable Crinkle Windbreaker Chaqueta, Logo AOP Bright White, XL para Mujer","Label":"Title","Locale":"es_ES"}},"Offers":{"Summaries":[{"Condition":{"Value":"New"},"LowestPrice":{"Amount":83.86,"Currency":"EUR","DisplayAmount":"83,86 €"}}]}}],"SearchURL":"https://www.amazon.es/s?k=chaqueta+cuero+calvin+klein&rh=p_n_availability%3A-1&tag=topinalambricos-21&linkCode=osi","TotalResultCount":306}},"46":{"SearchResult":{"Items":[{"ASIN":"B09PNJCBCP","DetailPageURL":"https://www.amazon.es/dp/B09PNJCBCP?tag=topinalambricos-21&linkCode=osi&th=1&psc=1","Images":{"Primary":{"Small":{"Height":75,"URL":"https://m.media-amazon.com/images/I/41syJcoxt4L._SL75_.jpg","Width":57}}},"ItemInfo":{"ByLineInfo":{"Brand":{"DisplayValue":"Blauer","Label":"Brand","Locale":"es_ES"},"Manufacturer":{"DisplayValue":"FGF INDUSTRY SPA","Label":"Manufacturer","Locale":"es_ES"}},"Title":{"DisplayValue":"Blauer Piel Capo Hombro Acolchado Chaqueta de Cuero, 999 Negro, XL para Mujer","Label":"Title","Locale":"es_ES"}},"Offers":{"Summaries":[{"Condition":{"Value":"New"},"LowestPrice":{"Amount":569.72,"Currency":"EUR","DisplayAmount":"569,72 €"}}]}},{"ASIN":"B09PNHVF7R","DetailPageURL":"https://www.amazon.es/dp/B09PNHVF7R?tag=topinalambricos-21&linkCode=osi&th=1&psc=1","Images":{"Primary":{"Small":{"Height":75,"URL":"https://m.media-amazon.com/images/I/41XLHLspqFL._SL75_.jpg","Width":57}}},"ItemInfo":{"ByLineInfo":{"Brand":{"DisplayValue":"Blauer","Label":"Brand","Locale":"es_ES"},"Manufacturer":{"DisplayValue":"FGF INDUSTRY SPA","Label":"Manufacturer","Locale":"es_ES"}},"Title":{"DisplayValue":"Blauer Piel Capo Hombro Acolchado Chaqueta de Cuero, 353 Chocolate, XXL","Label":"Title","Locale":"es_ES"}},"Offers":{"Summaries":[{"Condition":{"Value":"New"},"LowestPrice":{"Amount":586.88,"Currency":"EUR","DisplayAmount":"586,88 €"}}]}},{"ASIN":"B09PNKR53W","DetailPageURL":"https://www.amazon.es/dp/B09PNKR53W?tag=topinalambricos-21&linkCode=osi&th=1&psc=1","Images":{"Primary":{"Small":{"Height":75,"URL":"https://m.media-amazon.com/images/I/413TZYI2XSL._SL75_.jpg","Width":57}}},"ItemInfo":{"ByLineInfo":{"Brand":{"DisplayValue":"Blauer","Label":"Brand","Locale":"es_ES"},"Manufacturer":{"DisplayValue":"FGF INDUSTRY SPA","Label":"Manufacturer","Locale":"es_ES"}},"Title":{"DisplayValue":"Blauer Piel Capo Hombro Acolchado Chaqueta de Cuero, 999 Negro, XS para Mujer","Label":"Title","Locale":"es_ES"}},"Offers":{"Summaries":[{"Condition":{"Value":"New"},"LowestPrice":{"Amount":647.19,"Currency":"EUR","DisplayAmount":"647,19 €"}}]}},{"ASIN":"B09PNJMY94","DetailPageURL":"https://www.amazon.es/dp/B09PNJMY94?tag=topinalambricos-21&linkCode=osi&th=1&psc=1","Images":{"Primary":{"Small":{"Height":75,"URL":"https://m.media-amazon.com/images/I/41NrJ0AaO6L._SL75_.jpg","Width":57}}},"ItemInfo":{"ByLineInfo":{"Brand":{"DisplayValue":"Blauer","Label":"Brand","Locale":"es_ES"},"Manufacturer":{"DisplayValue":"FGF INDUSTRY SPA","Label":"Manufacturer","Locale":"es_ES"}},"Title":{"DisplayValue":"Blauer Piel Capo Hombro Acolchado Chaqueta de Cuero, 112 Harina Tapioca, M para Mujer","Label":"Title","Locale":"es_ES"}},"Offers":{"Summaries":[{"Condition":{"Value":"New"},"LowestPrice":{"Amount":596.88,"Currency":"EUR","DisplayAmount":"596,88 €"}}]}},{"ASIN":"B09PNJ6K6Y","DetailPageURL":"https://www.amazon.es/dp/B09PNJ6K6Y?tag=topinalambricos-21&linkCode=osi&th=1&psc=1","Images":{"Primary":{"Small":{"Height":75,"URL":"https://m.media-amazon.com/images/I/41Uif96rO3L._SL75_.jpg","Width":57}}},"ItemInfo":{"ByLineInfo":{"Brand":{"DisplayValue":"Blauer","Label":"Brand","Locale":"es_ES"},"Manufacturer":{"DisplayValue":"FGF INDUSTRY SPA","Label":"Manufacturer","Locale":"es_ES"}},"Title":{"DisplayValue":"Blauer Piel Capo Hombro Acolchado Chaqueta de Cuero, 384 Nuez Pecan, L","Label":"Title","Locale":"es_ES"}},"Offers":{"Summaries":[{"Condition":{"Value":"New"},"LowestPrice":{"Amount":1131.0,"Currency":"EUR","DisplayAmount":"1.131,00 €"}}]}},{"ASIN":"B094QH89KQ","DetailPageURL":"https://www.amazon.es/dp/B094QH89KQ?tag=topinalambricos-21&linkCode=osi&th=1&psc=1","Images":{"Primary":{"Small":{"Height":75,"URL":"https://m.media-amazon.com/images/I/313F7bPjoEL._SL75_.jpg","Width":49}}},"ItemInfo":{"ByLineInfo":{"Brand":{"DisplayValue":"Trendyol","Label":"Brand","Locale":"es_ES"},"Manufacturer":{"DisplayValue":"Trendyol","Label":"Manufacturer","Locale":"es_ES"}},"Title":{"DisplayValue":"Trendyol White Stitch Detail Denim Jacket Chaqueta Vaquera Detalle de Puntadas, Blanco, M De Las Mujeres","Label":"Title","Locale":"es_ES"}},"Offers":{"Summaries":[{"Condition":{"Value":"New"},"LowestPrice":{"Amount":32.63,"Currency":"EUR","DisplayAmount":"32,63 €"}}]}},{"ASIN":"B09M41676L","DetailPageURL":"https://www.amazon.es/dp/B09M41676L?tag=topinalambricos-21&linkCode=osi&th=1&psc=1","Images":{"Primary":{"Small":{"Height":75,"URL":"https://m.media-amazon.com/images/I/41wdXDeEMcL._SL75_.jpg","Width":75}}},"ItemInfo":{"ByLineInfo":{"Brand":{"DisplayValue":"NUSGEAR","Label":"Brand","Locale":"es_ES"}},"Title":{"DisplayValue":"2022 Hombres Chaqueta de Cuero,Invierno Otoño Moda Chaqueta de béisbol Abrigo de Pieles Talla grande Coincidencia solapa Casual Cuello alto Chaqueta Impermeable a Prueba de Viento PU Ropa de moto","Label":"Title","Locale":"es_ES"}},"Offers":{"Summaries":[{"Condition":{"Value":"New"},"LowestPrice":{"Amount":55.99,"Currency":"EUR","DisplayAmount":"55,99 €"}}]}},{"ASIN":"B09HHKH5VW","DetailPageURL":"https://www.amazon.es/dp/B09HHKH5VW?tag=topinalambricos-21&linkCode=osi&th=1&psc=1","Images":{"Primary":{"Small":{"Height":75,"URL":"https://m.media-amazon.com/images/I/411Q4YitSQL._SL75_.jpg","Width":56}}},"ItemInfo":{"ByLineInfo":{"Brand":{"DisplayValue":"NOISY MAY","Label":"Brand","Locale":"es_ES"},"Manufacturer":{"DisplayValue":"Bestseller Textilhandels GmbH","Label":"Manufacturer","Locale":"es_ES"}},"Title":{"DisplayValue":"NOISY MAY Rebel PU Jacket Mujer Chaqueta imitación cuero Negro XXL 100% poliéster","Label":"Title","Locale":"es_ES"}},"Offers":{"Summaries":[{"Condition":{"Value":"New"},"LowestPrice":{"Amount":29.4,"Currency":"EUR","DisplayAmount":"29,40 €"}}]}},{"ASIN":"B09B71LQNN","DetailPageURL":"https://www.amazon.es/dp/B09B71LQNN?tag=topinalambricos-21&linkCode=osi&th=1&psc=1","Images":{"Primary":{"Small":{"Height":75,"URL":"https://m.media-amazon.com/images/I/41+3SbnGIvL._SL75_.jpg","Width":57}}},"ItemInfo":{"ByLineInfo":{"Brand":{"DisplayValue":"JDY","Label":"Brand","Locale":"es_ES"},"Manufacturer":{"DisplayValue":"Bestseller A/S","Label":"Manufacturer","Locale":"es_ES"}},"Title":{"DisplayValue":"JDY JDYemily Faux Leather Jacket Otw Noos Chaqueta de Cuero sinttico, Negro, 40 para Mujer","Label":"Title","Locale":"es_ES"}},"Offers":{"Summaries":[{"Condition":{"Value":"New"},"LowestPrice":{"Amount":20.95,"Currency":"EUR","DisplayAmount":"20,95 €"}}]}},{"ASIN":"B085MTD5HX","DetailPageURL":"https://www.amazon.es/dp/B085MTD5HX?tag=topinalambricos-21&linkCode=osi&th=1&psc=1","Images":{"Primary":{"Small":{"Height":75,"URL":"https://m.media-amazon.com/images/I/413OPcuPr2L._SL75_.jpg","Width":57}}},"ItemInfo":{"ByLineInfo":{"Brand":{"DisplayValue":"ONLY Carmakoma","Label":"Brand","Locale":"es_ES"},"Manufacturer":{"DisplayValue":"ONLY Carmakoma","Label":"Manufacturer","Locale":"es_ES"}},"Title":{"DisplayValue":"ONLY Carmakoma Carrobber Faux Leather Jacket Noos Chaqueta de Cuero, Negro, 52 para Mujer","Label":"Title","Locale":"es_ES"}},"Offers":{"Summaries":[{"Condition":{"Value":"New"},"LowestPrice":{"Amount":42.51,"Currency":"EUR","DisplayAmount":"42,51 €"}}]}}],"SearchURL":"https://www.amazon.es/s?k=chaqueta+cuero+blauer&rh=p_n_availability%3A-1&tag=topinalambricos-21&linkCode=osi","TotalResultCount":306}},"47":{"SearchResult":{"Items":[{"ASIN":"B089Z2C79J","DetailPageURL":"https://www.amazon.es/dp/B089Z2C79J?tag=topinalambricos-21&linkCode=osi&th=1&psc=1","Images":{"Primary":{"Small":{"Height":75,"URL":"https://m.media-amazon.com/images/I/411Buek-kSL._SL75_.jpg","Width":57}}},"ItemInfo":{"ByLineInfo":{"Brand":{"DisplayValue":"adidas","Label":"Brand","Locale":"es_ES"},"Manufacturer":{"DisplayValue":"Adidas","Label":"Manufacturer","Locale":"es_ES"}},"Title":{"DisplayValue":"adidas SST TT P Blue Sweatshirt, Hombre, Black/White, L","Label":"Title","Locale":"es_ES"}},"Offers":{"Summaries":[{"Condition":{"Value":"New"},"LowestPrice":{"Amount":60.0,"Currency":"EUR","DisplayAmount":"60,00 €"}}]}},{"ASIN":"B08R6D17LF","DetailPageURL":"https://www.amazon.es/dp/B08R6D17LF?tag=topinalambricos-21&linkCode=osi&th=1&psc=1","Images":{"Primary":{"Small":{"Height":75,"URL":"https://m.media-amazon.com/images/I/31o34bxzg3L._SL75_.jpg","Width":57}}},"ItemInfo":{"ByLineInfo":{"Brand":{"DisplayValue":"adidas","Label":"Brand","Locale":"es_ES"},"Contributors":[{"Locale":"es_ES","Name":"MainApps","Role":"Diseñador","RoleType":"designer"}],"Manufacturer":{"DisplayValue":"Adidas","Label":"Manufacturer","Locale":"es_ES"}},"Title":{"DisplayValue":"adidas FBIRD TT Pullover, Mens, Black, L","Label":"Title","Locale":"es_ES"}},"Offers":{"Summaries":[{"Condition":{"Value":"New"},"LowestPrice":{"Amount":60.0,"Currency":"EUR","DisplayAmount":"60,00 €"}}]}},{"ASIN":"B09PHD6QMJ","DetailPageURL":"https://www.amazon.es/dp/B09PHD6QMJ?tag=topinalambricos-21&linkCode=osi&th=1&psc=1","Images":{"Primary":{"Small":{"Height":75,"URL":"https://m.media-amazon.com/images/I/517FLT7H9oL._SL75_.jpg","Width":75}}},"ItemInfo":{"ByLineInfo":{"Brand":{"DisplayValue":"adidas","Label":"Brand","Locale":"es_ES"},"Manufacturer":{"DisplayValue":"Adidas","Label":"Manufacturer","Locale":"es_ES"}},"Title":{"DisplayValue":"adidas SST Track Top Sweatshirt, Unisex Kids, Vivid Red/White, 7-8A","Label":"Title","Locale":"es_ES"}},"Offers":{"Summaries":[{"Condition":{"Value":"New"},"LowestPrice":{"Amount":37.7,"Currency":"EUR","DisplayAmount":"37,70 €"}}]}},{"ASIN":"B071WKX38B","DetailPageURL":"https://www.amazon.es/dp/B071WKX38B?tag=topinalambricos-21&linkCode=osi&th=1&psc=1","Images":{"Primary":{"Small":{"Height":75,"URL":"https://m.media-amazon.com/images/I/41xQR-ZcceL._SL75_.jpg","Width":75}}},"ItemInfo":{"ByLineInfo":{"Brand":{"DisplayValue":"adidas","Label":"Brand","Locale":"es_ES"},"Manufacturer":{"DisplayValue":"ADIJF","Label":"Manufacturer","Locale":"es_ES"}},"Title":{"DisplayValue":"adidas Originals Chaqueta originales Uperstar Pista para Hombre S Negro, Negro","Label":"Title","Locale":"es_ES"}},"Offers":{"Summaries":[{"Condition":{"Value":"New"},"LowestPrice":{"Amount":80.77,"Currency":"EUR","DisplayAmount":"80,77 €"}}]}},{"ASIN":"B078YTLJ5H","DetailPageURL":"https://www.amazon.es/dp/B078YTLJ5H?tag=topinalambricos-21&linkCode=osi&th=1&psc=1","Images":{"Primary":{"Small":{"Height":75,"URL":"https://m.media-amazon.com/images/I/41KSdprNOZL._SL75_.jpg","Width":57}}},"ItemInfo":{"ByLineInfo":{"Brand":{"DisplayValue":"adidas","Label":"Brand","Locale":"es_ES"},"Contributors":[{"Locale":"es_ES","Name":"MainApps","Role":"Diseñador","RoleType":"designer"}],"Manufacturer":{"DisplayValue":"Adidas","Label":"Manufacturer","Locale":"es_ES"}},"Title":{"DisplayValue":"adidas BECKENBAUER TT Sweatshirt, Hombre, Black, XS","Label":"Title","Locale":"es_ES"}},"Offers":{"Summaries":[{"Condition":{"Value":"New"},"LowestPrice":{"Amount":48.7,"Currency":"EUR","DisplayAmount":"48,70 €"}}]}},{"ASIN":"B07KTFXNN4","DetailPageURL":"https://www.amazon.es/dp/B07KTFXNN4?tag=topinalambricos-21&linkCode=osi&th=1&psc=1","Images":{"Primary":{"Small":{"Height":75,"URL":"https://m.media-amazon.com/images/I/41ceOG1MRqL._SL75_.jpg","Width":61}}},"ItemInfo":{"ByLineInfo":{"Brand":{"DisplayValue":"adidas","Label":"Brand","Locale":"es_ES"},"Manufacturer":{"DisplayValue":"adidas Originals","Label":"Manufacturer","Locale":"es_ES"}},"Title":{"DisplayValue":"adidas Originals Chaqueta para hombre F-strike Track Top - negro - Small","Label":"Title","Locale":"es_ES"}},"Offers":{"Summaries":[{"Condition":{"Value":"New"},"LowestPrice":{"Amount":185.0,"Currency":"EUR","DisplayAmount":"185,00 €"}}]}},{"ASIN":"B0B3RMYRTW","DetailPageURL":"https://www.amazon.es/dp/B0B3RMYRTW?tag=topinalambricos-21&linkCode=osi&th=1&psc=1","Images":{"Primary":{"Small":{"Height":75,"URL":"https://m.media-amazon.com/images/I/41GRHqqpXVL._SL75_.jpg","Width":75}}},"ItemInfo":{"ByLineInfo":{"Brand":{"DisplayValue":"adidas","Label":"Brand","Locale":"es_ES"},"Manufacturer":{"DisplayValue":"adidas","Label":"Manufacturer","Locale":"es_ES"}},"Title":{"DisplayValue":"adidas Chaqueta marca modelo LB DY TS TTOP","Label":"Title","Locale":"es_ES"}},"Offers":{"Summaries":[{"Condition":{"Value":"New"},"LowestPrice":{"Amount":35.75,"Currency":"EUR","DisplayAmount":"35,75 €"}}]}},{"ASIN":"B081TTPK8G","DetailPageURL":"https://www.amazon.es/dp/B081TTPK8G?tag=topinalambricos-21&linkCode=osi&th=1&psc=1","Images":{"Primary":{"Small":{"Height":75,"URL":"https://m.media-amazon.com/images/I/41eXsJPOjTL._SL75_.jpg","Width":66}}},"ItemInfo":{"ByLineInfo":{"Brand":{"DisplayValue":"adidas","Label":"Brand","Locale":"es_ES"},"Manufacturer":{"DisplayValue":"Adidas","Label":"Manufacturer","Locale":"es_ES"}},"Title":{"DisplayValue":"adidas Originals Camo TT Chaqueta con Cremallera, Hombre, Negro (Black/Multicolor), XS","Label":"Title","Locale":"es_ES"}},"Offers":{"Summaries":[{"Condition":{"Value":"New"},"LowestPrice":{"Amount":49.95,"Currency":"EUR","DisplayAmount":"49,95 €"}}]}},{"ASIN":"B071ZZYBMH","DetailPageURL":"https://www.amazon.es/dp/B071ZZYBMH?tag=topinalambricos-21&linkCode=osi&th=1&psc=1","Images":{"Primary":{"Small":{"Height":75,"URL":"https://m.media-amazon.com/images/I/41xUTQo++3L._SL75_.jpg","Width":75}}},"ItemInfo":{"ByLineInfo":{"Brand":{"DisplayValue":"adidas","Label":"Brand","Locale":"es_ES"},"Manufacturer":{"DisplayValue":"adidas Originals","Label":"Manufacturer","Locale":"es_ES"}},"Title":{"DisplayValue":"adidas Originals Mens Originals Franz Beckenbauer Tracktop - rojo - Small","Label":"Title","Locale":"es_ES"}},"Offers":{"Summaries":[{"Condition":{"Value":"New"},"LowestPrice":{"Amount":185.0,"Currency":"EUR","DisplayAmount":"185,00 €"}}]}},{"ASIN":"B078ZMQ9J9","DetailPageURL":"https://www.amazon.es/dp/B078ZMQ9J9?tag=topinalambricos-21&linkCode=osi&th=1&psc=1","Images":{"Primary":{"Small":{"Height":75,"URL":"https://m.media-amazon.com/images/I/41mUqplmAKL._SL75_.jpg","Width":75}}},"ItemInfo":{"ByLineInfo":{"Brand":{"DisplayValue":"adidas","Label":"Brand","Locale":"es_ES"},"Manufacturer":{"DisplayValue":"adidas","Label":"Manufacturer","Locale":"es_ES"}},"Title":{"DisplayValue":"adidas SST Windbreaker Jackets, Hombre, Black, XS","Label":"Title","Locale":"es_ES"}},"Offers":{"Summaries":[{"Condition":{"Value":"New"},"LowestPrice":{"Amount":49.23,"Currency":"EUR","DisplayAmount":"49,23 €"}}]}}],"SearchURL":"https://www.amazon.es/s?k=Chaqueta+Adidas+Original&rh=p_n_availability%3A-1&tag=topinalambricos-21&linkCode=osi","TotalResultCount":306}},"49":{"SearchResult":{"Items":[{"ASIN":"B09LMFLDCL","DetailPageURL":"https://www.amazon.es/dp/B09LMFLDCL?tag=topinalambricos-21&linkCode=osi&th=1&psc=1","Images":{"Primary":{"Small":{"Height":75,"URL":"https://m.media-amazon.com/images/I/31F7904ZF7L._SL75_.jpg","Width":49}}},"ItemInfo":{"ByLineInfo":{"Brand":{"DisplayValue":"JOPHY & CO.","Label":"Brand","Locale":"es_ES"}},"Title":{"DisplayValue":"JOPHY & CO. Midi 64861 - Falda de tubo de piel sintética con aberturas, Negro , L","Label":"Title","Locale":"es_ES"}},"Offers":{"Summaries":[{"Condition":{"Value":"New"},"LowestPrice":{"Amount":15.5,"Currency":"EUR","DisplayAmount":"15,50 €"}}]}},{"ASIN":"B08C8QNMK6","DetailPageURL":"https://www.amazon.es/dp/B08C8QNMK6?tag=topinalambricos-21&linkCode=osi&th=1&psc=1","Images":{"Primary":{"Small":{"Height":75,"URL":"https://m.media-amazon.com/images/I/31-p5PCOQ3L._SL75_.jpg","Width":57}}},"ItemInfo":{"ByLineInfo":{"Brand":{"DisplayValue":"The Drop","Label":"Brand","Locale":"es_ES"},"Manufacturer":{"DisplayValue":"The Drop","Label":"Manufacturer","Locale":"es_ES"}},"Title":{"DisplayValue":"The Drop Manon Falda Midi Cruzada de Piel Sintética para Mujer, Negro, M","Label":"Title","Locale":"es_ES"}},"Offers":{"Summaries":[{"Condition":{"Value":"New"},"LowestPrice":{"Amount":39.9,"Currency":"EUR","DisplayAmount":"39,90 €"}}]}},{"ASIN":"B074DLGYK2","DetailPageURL":"https://www.amazon.es/dp/B074DLGYK2?tag=topinalambricos-21&linkCode=osi&th=1&psc=1","Images":{"Primary":{"Small":{"Height":75,"URL":"https://m.media-amazon.com/images/I/316d8uJKiyL._SL75_.jpg","Width":55}}},"ItemInfo":{"ByLineInfo":{"Brand":{"DisplayValue":"oodji Ultra","Label":"Brand","Locale":"es_ES"},"Manufacturer":{"DisplayValue":"RIFICZECH s.r.o.","Label":"Manufacturer","Locale":"es_ES"}},"Title":{"DisplayValue":"oodji Ultra Mujer Falda-Lápiz de Piel Sintética, Negro, ES 34 / XXS","Label":"Title","Locale":"es_ES"}},"Offers":{"Summaries":[{"Condition":{"Value":"New"},"LowestPrice":{"Amount":16.0,"Currency":"EUR","DisplayAmount":"16,00 €"}}]}},{"ASIN":"B09LMGXLFW","DetailPageURL":"https://www.amazon.es/dp/B09LMGXLFW?tag=topinalambricos-21&linkCode=osi&th=1&psc=1","Images":{"Primary":{"Small":{"Height":75,"URL":"https://m.media-amazon.com/images/I/31F7904ZF7L._SL75_.jpg","Width":49}}},"ItemInfo":{"ByLineInfo":{"Brand":{"DisplayValue":"JOPHY & CO.","Label":"Brand","Locale":"es_ES"}},"Title":{"DisplayValue":"JOPHY & CO. Falda de tubo para mujer de piel sintética con espacas, Midi o largo (cód. 64861 & 65353), Negro (Cod. 64861), S","Label":"Title","Locale":"es_ES"}},"Offers":{"Summaries":[{"Condition":{"Value":"New"},"LowestPrice":{"Amount":15.5,"Currency":"EUR","DisplayAmount":"15,50 €"}}]}},{"ASIN":"B07C43F213","DetailPageURL":"https://www.amazon.es/dp/B07C43F213?tag=topinalambricos-21&linkCode=osi&th=1&psc=1","Images":{"Primary":{"Small":{"Height":75,"URL":"https://m.media-amazon.com/images/I/315BKYe9-fL._SL75_.jpg","Width":56}}},"ItemInfo":{"ByLineInfo":{"Brand":{"DisplayValue":"Only","Label":"Brand","Locale":"es_ES"},"Manufacturer":{"DisplayValue":"ONLY","Label":"Manufacturer","Locale":"es_ES"}},"Title":{"DisplayValue":"Only Onlbase Faux Leather Skirt Otw Falda, Negro (Black Black), 38 para Mujer","Label":"Title","Locale":"es_ES"}},"Offers":{"Summaries":[{"Condition":{"Value":"New"},"LowestPrice":{"Amount":12.99,"Currency":"EUR","DisplayAmount":"12,99 €"}}]}},{"ASIN":"B01N33NGKZ","DetailPageURL":"https://www.amazon.es/dp/B01N33NGKZ?tag=topinalambricos-21&linkCode=osi&th=1&psc=1","Images":{"Primary":{"Small":{"Height":75,"URL":"https://m.media-amazon.com/images/I/41twmghbfZL._SL75_.jpg","Width":70}}},"ItemInfo":{"ByLineInfo":{"Brand":{"DisplayValue":"Only","Label":"Brand","Locale":"es_ES"},"Manufacturer":{"DisplayValue":"ONLY NOS","Label":"Manufacturer","Locale":"es_ES"}},"Title":{"DisplayValue":"ONLY NOS Onlpoptrash Easy Skirt Pnt Noos Falda, Negro Black), 34 (Talla del fabricante: X-Small) para Mujer","Label":"Title","Locale":"es_ES"}},"Offers":{"Summaries":[{"Condition":{"Value":"New"},"LowestPrice":{"Amount":15.09,"Currency":"EUR","DisplayAmount":"15,09 €"}}]}},{"ASIN":"B09TTQDD23","DetailPageURL":"https://www.amazon.es/dp/B09TTQDD23?tag=topinalambricos-21&linkCode=osi&th=1&psc=1","Images":{"Primary":{"Small":{"Height":75,"URL":"https://m.media-amazon.com/images/I/41GRLVmDQBL._SL75_.jpg","Width":75}}},"ItemInfo":{"ByLineInfo":{"Brand":{"DisplayValue":"Vero Moda","Label":"Brand","Locale":"es_ES"},"Manufacturer":{"DisplayValue":"Bestseller A/S","Label":"Manufacturer","Locale":"es_ES"}},"Title":{"DisplayValue":"Vero Moda VmolOlympia Noos-Falda Corta Piel, Negro, L para Mujer","Label":"Title","Locale":"es_ES"}},"Offers":{"Summaries":[{"Condition":{"Value":"New"},"LowestPrice":{"Amount":24.37,"Currency":"EUR","DisplayAmount":"24,37 €"}}]}},{"ASIN":"B08J4G4SYL","DetailPageURL":"https://www.amazon.es/dp/B08J4G4SYL?tag=topinalambricos-21&linkCode=osi&th=1&psc=1","Images":{"Primary":{"Small":{"Height":75,"URL":"https://m.media-amazon.com/images/I/31sxi3W3ETL._SL75_.jpg","Width":57}}},"ItemInfo":{"ByLineInfo":{"Brand":{"DisplayValue":"PIECES","Label":"Brand","Locale":"es_ES"},"Manufacturer":{"DisplayValue":"Bestseller AS","Label":"Manufacturer","Locale":"es_ES"}},"Title":{"DisplayValue":"PIECES Pcnew Shiny HW Skirt Noos Falda, Black, XS-S para Mujer","Label":"Title","Locale":"es_ES"}},"Offers":{"Summaries":[{"Condition":{"Value":"New"},"LowestPrice":{"Amount":13.0,"Currency":"EUR","DisplayAmount":"13,00 €"}}]}},{"ASIN":"B01N476AF4","DetailPageURL":"https://www.amazon.es/dp/B01N476AF4?tag=topinalambricos-21&linkCode=osi&th=1&psc=1","Images":{"Primary":{"Small":{"Height":75,"URL":"https://m.media-amazon.com/images/I/31NH2TM908L._SL75_.jpg","Width":43}}},"ItemInfo":{"ByLineInfo":{"Brand":{"DisplayValue":"Urban GoCo","Label":"Brand","Locale":"es_ES"}},"Title":{"DisplayValue":"Urban GoCo Mujeres Falda Midi Lápiz Cintura Alta Elasticidad Bodycon Tubo Falda Oficina Negro M","Label":"Title","Locale":"es_ES"}},"Offers":{"Summaries":[{"Condition":{"Value":"New"},"LowestPrice":{"Amount":22.86,"Currency":"EUR","DisplayAmount":"22,86 €"}}]}},{"ASIN":"B08BG4GR7X","DetailPageURL":"https://www.amazon.es/dp/B08BG4GR7X?tag=topinalambricos-21&linkCode=osi&th=1&psc=1","Images":{"Primary":{"Small":{"Height":75,"URL":"https://m.media-amazon.com/images/I/31W3FFRtiLL._SL75_.jpg","Width":49}}},"ItemInfo":{"ByLineInfo":{"Brand":{"DisplayValue":"Only","Label":"Brand","Locale":"es_ES"},"Manufacturer":{"DisplayValue":"Bestseller A/S","Label":"Manufacturer","Locale":"es_ES"}},"Title":{"DisplayValue":"Only Onlmaiya-Miri Faux Leather Skrt Pnt Noos Falda, Negro, L para Mujer","Label":"Title","Locale":"es_ES"}},"Offers":{"Summaries":[{"Condition":{"Value":"New"},"LowestPrice":{"Amount":24.0,"Currency":"EUR","DisplayAmount":"24,00 €"}}]}}],"SearchURL":"https://www.amazon.es/s?k=cuero+piel+midi+negras&rh=n%3A3074056031%2Cp_n_availability%3A-1&tag=topinalambricos-21&linkCode=osi","TotalResultCount":684}},"50":{"SearchResult":{"Items":[{"ASIN":"B074DLGYK2","DetailPageURL":"https://www.amazon.es/dp/B074DLGYK2?tag=topinalambricos-21&linkCode=osi&th=1&psc=1","Images":{"Primary":{"Small":{"Height":75,"URL":"https://m.media-amazon.com/images/I/316d8uJKiyL._SL75_.jpg","Width":55}}},"ItemInfo":{"ByLineInfo":{"Brand":{"DisplayValue":"oodji Ultra","Label":"Brand","Locale":"es_ES"},"Manufacturer":{"DisplayValue":"RIFICZECH s.r.o.","Label":"Manufacturer","Locale":"es_ES"}},"Title":{"DisplayValue":"oodji Ultra Mujer Falda-Lápiz de Piel Sintética, Negro, ES 34 / XXS","Label":"Title","Locale":"es_ES"}},"Offers":{"Summaries":[{"Condition":{"Value":"New"},"LowestPrice":{"Amount":16.0,"Currency":"EUR","DisplayAmount":"16,00 €"}}]}},{"ASIN":"B09X1CVFV6","DetailPageURL":"https://www.amazon.es/dp/B09X1CVFV6?tag=topinalambricos-21&linkCode=osi&th=1&psc=1","Images":{"Primary":{"Small":{"Height":75,"URL":"https://m.media-amazon.com/images/I/41G2OECDamL._SL75_.jpg","Width":56}}},"ItemInfo":{"ByLineInfo":{"Brand":{"DisplayValue":"Shein","Label":"Brand","Locale":"es_ES"}},"Title":{"DisplayValue":"SheIn Mujer Falda Ajustada con Volantes Faldas Faldas Estatuadas Bodycon Falda de Verano de Cintura Alta Falda Casual con Volantes, Negro , L","Label":"Title","Locale":"es_ES"}},"Offers":{"Summaries":[{"Condition":{"Value":"New"},"LowestPrice":{"Amount":27.21,"Currency":"EUR","DisplayAmount":"27,21 €"}}]}},{"ASIN":"B07C43F213","DetailPageURL":"https://www.amazon.es/dp/B07C43F213?tag=topinalambricos-21&linkCode=osi&th=1&psc=1","Images":{"Primary":{"Small":{"Height":75,"URL":"https://m.media-amazon.com/images/I/315BKYe9-fL._SL75_.jpg","Width":56}}},"ItemInfo":{"ByLineInfo":{"Brand":{"DisplayValue":"Only","Label":"Brand","Locale":"es_ES"},"Manufacturer":{"DisplayValue":"ONLY","Label":"Manufacturer","Locale":"es_ES"}},"Title":{"DisplayValue":"Only Onlbase Faux Leather Skirt Otw Falda, Negro (Black Black), 38 para Mujer","Label":"Title","Locale":"es_ES"}},"Offers":{"Summaries":[{"Condition":{"Value":"New"},"LowestPrice":{"Amount":12.99,"Currency":"EUR","DisplayAmount":"12,99 €"}}]}},{"ASIN":"B01N33NGKZ","DetailPageURL":"https://www.amazon.es/dp/B01N33NGKZ?tag=topinalambricos-21&linkCode=osi&th=1&psc=1","Images":{"Primary":{"Small":{"Height":75,"URL":"https://m.media-amazon.com/images/I/41twmghbfZL._SL75_.jpg","Width":70}}},"ItemInfo":{"ByLineInfo":{"Brand":{"DisplayValue":"Only","Label":"Brand","Locale":"es_ES"},"Manufacturer":{"DisplayValue":"ONLY NOS","Label":"Manufacturer","Locale":"es_ES"}},"Title":{"DisplayValue":"ONLY NOS Onlpoptrash Easy Skirt Pnt Noos Falda, Negro Black), 34 (Talla del fabricante: X-Small) para Mujer","Label":"Title","Locale":"es_ES"}},"Offers":{"Summaries":[{"Condition":{"Value":"New"},"LowestPrice":{"Amount":15.09,"Currency":"EUR","DisplayAmount":"15,09 €"}}]}},{"ASIN":"B08J4G4SYL","DetailPageURL":"https://www.amazon.es/dp/B08J4G4SYL?tag=topinalambricos-21&linkCode=osi&th=1&psc=1","Images":{"Primary":{"Small":{"Height":75,"URL":"https://m.media-amazon.com/images/I/31sxi3W3ETL._SL75_.jpg","Width":57}}},"ItemInfo":{"ByLineInfo":{"Brand":{"DisplayValue":"PIECES","Label":"Brand","Locale":"es_ES"},"Manufacturer":{"DisplayValue":"Bestseller AS","Label":"Manufacturer","Locale":"es_ES"}},"Title":{"DisplayValue":"PIECES Pcnew Shiny HW Skirt Noos Falda, Black, XS-S para Mujer","Label":"Title","Locale":"es_ES"}},"Offers":{"Summaries":[{"Condition":{"Value":"New"},"LowestPrice":{"Amount":13.0,"Currency":"EUR","DisplayAmount":"13,00 €"}}]}},{"ASIN":"B07T6ZPFMG","DetailPageURL":"https://www.amazon.es/dp/B07T6ZPFMG?tag=topinalambricos-21&linkCode=osi&th=1&psc=1","Images":{"Primary":{"Small":{"Height":75,"URL":"https://m.media-amazon.com/images/I/31v8dPpdhIL._SL75_.jpg","Width":56}}},"ItemInfo":{"ByLineInfo":{"Brand":{"DisplayValue":"Only","Label":"Brand","Locale":"es_ES"},"Manufacturer":{"DisplayValue":"ONLY NOS","Label":"Manufacturer","Locale":"es_ES"}},"Title":{"DisplayValue":"Only Onljulie Fauxsuede Bonded Skirt Otw Noos Falda, Negro (Black Black), Medium (Talla del Fabricante: 38) para Mujer","Label":"Title","Locale":"es_ES"}},"Offers":{"Summaries":[{"Condition":{"Value":"New"},"LowestPrice":{"Amount":20.09,"Currency":"EUR","DisplayAmount":"20,09 €"}}]}},{"ASIN":"B0BM9MRN6N","DetailPageURL":"https://www.amazon.es/dp/B0BM9MRN6N?tag=topinalambricos-21&linkCode=osi&th=1&psc=1","Images":{"Primary":{"Small":{"Height":75,"URL":"https://m.media-amazon.com/images/I/41iCr7-HwBL._SL75_.jpg","Width":75}}},"ItemInfo":{"ByLineInfo":{"Brand":{"DisplayValue":"KOEMCY","Label":"Brand","Locale":"es_ES"},"Manufacturer":{"DisplayValue":"KOEMCY","Label":"Manufacturer","Locale":"es_ES"}},"Title":{"DisplayValue":"KOEMCY Mujer Falda Cuero Falda Sexy de PU Falda Ajustada Cintura Alta Falda Lápiz Minifalda Cortas Faldas de Cuero (Negro, M)","Label":"Title","Locale":"es_ES"}},"Offers":{"Summaries":[{"Condition":{"Value":"New"},"LowestPrice":{"Amount":21.99,"Currency":"EUR","DisplayAmount":"21,99 €"}}]}},{"ASIN":"B09TTQDD23","DetailPageURL":"https://www.amazon.es/dp/B09TTQDD23?tag=topinalambricos-21&linkCode=osi&th=1&psc=1","Images":{"Primary":{"Small":{"Height":75,"URL":"https://m.media-amazon.com/images/I/41GRLVmDQBL._SL75_.jpg","Width":75}}},"ItemInfo":{"ByLineInfo":{"Brand":{"DisplayValue":"Vero Moda","Label":"Brand","Locale":"es_ES"},"Manufacturer":{"DisplayValue":"Bestseller A/S","Label":"Manufacturer","Locale":"es_ES"}},"Title":{"DisplayValue":"Vero Moda VmolOlympia Noos-Falda Corta Piel, Negro, L para Mujer","Label":"Title","Locale":"es_ES"}},"Offers":{"Summaries":[{"Condition":{"Value":"New"},"LowestPrice":{"Amount":24.37,"Currency":"EUR","DisplayAmount":"24,37 €"}}]}},{"ASIN":"B0BLS4XW9D","DetailPageURL":"https://www.amazon.es/dp/B0BLS4XW9D?tag=topinalambricos-21&linkCode=osi&th=1&psc=1","Images":{"Primary":{"Small":{"Height":75,"URL":"https://m.media-amazon.com/images/I/41eoR4Os3bL._SL75_.jpg","Width":75}}},"ItemInfo":{"ByLineInfo":{"Brand":{"DisplayValue":"TOEECY","Label":"Brand","Locale":"es_ES"}},"Title":{"DisplayValue":"TOEECY Faldas de Cuero Mujer Cortas Sexy Falda Negra Cintura Alta Falda de Piel Sintética Clásico Mini Falda Lápiz Split Slim Fit Leather Skirt de Dobladillo Asimétrico (#2,XL)","Label":"Title","Locale":"es_ES"}},"Offers":{"Summaries":[{"Condition":{"Value":"New"},"LowestPrice":{"Amount":16.99,"Currency":"EUR","DisplayAmount":"16,99 €"}}]}},{"ASIN":"B08BG4GR7X","DetailPageURL":"https://www.amazon.es/dp/B08BG4GR7X?tag=topinalambricos-21&linkCode=osi&th=1&psc=1","Images":{"Primary":{"Small":{"Height":75,"URL":"https://m.media-amazon.com/images/I/31W3FFRtiLL._SL75_.jpg","Width":49}}},"ItemInfo":{"ByLineInfo":{"Brand":{"DisplayValue":"Only","Label":"Brand","Locale":"es_ES"},"Manufacturer":{"DisplayValue":"Bestseller A/S","Label":"Manufacturer","Locale":"es_ES"}},"Title":{"DisplayValue":"Only Onlmaiya-Miri Faux Leather Skrt Pnt Noos Falda, Negro, L para Mujer","Label":"Title","Locale":"es_ES"}},"Offers":{"Summaries":[{"Condition":{"Value":"New"},"LowestPrice":{"Amount":24.0,"Currency":"EUR","DisplayAmount":"24,00 €"}}]}}],"SearchURL":"https://www.amazon.es/s?k=cuero+cortas+negras&rh=n%3A3074056031%2Cp_n_availability%3A-1&tag=topinalambricos-21&linkCode=osi","TotalResultCount":813}},"51":{"SearchResult":{"Items":[{"ASIN":"B07C43F213","DetailPageURL":"https://www.amazon.es/dp/B07C43F213?tag=topinalambricos-21&linkCode=osi&th=1&psc=1","Images":{"Primary":{"Small":{"Height":75,"URL":"https://m.media-amazon.com/images/I/315BKYe9-fL._SL75_.jpg","Width":56}}},"ItemInfo":{"ByLineInfo":{"Brand":{"DisplayValue":"Only","Label":"Brand","Locale":"es_ES"},"Manufacturer":{"DisplayValue":"ONLY","Label":"Manufacturer","Locale":"es_ES"}},"Title":{"DisplayValue":"Only Onlbase Faux Leather Skirt Otw Falda, Negro (Black Black), 38 para Mujer","Label":"Title","Locale":"es_ES"}},"Offers":{"Summaries":[{"Condition":{"Value":"New"},"LowestPrice":{"Amount":12.99,"Currency":"EUR","DisplayAmount":"12,99 €"}}]}},{"ASIN":"B09LMGXLFW","DetailPageURL":"https://www.amazon.es/dp/B09LMGXLFW?tag=topinalambricos-21&linkCode=osi&th=1&psc=1","Images":{"Primary":{"Small":{"Height":75,"URL":"https://m.media-amazon.com/images/I/31F7904ZF7L._SL75_.jpg","Width":49}}},"ItemInfo":{"ByLineInfo":{"Brand":{"DisplayValue":"JOPHY & CO.","Label":"Brand","Locale":"es_ES"}},"Title":{"DisplayValue":"JOPHY & CO. Falda de tubo para mujer de piel sintética con espacas, Midi o largo (cód. 64861 & 65353), Negro (Cod. 64861), S","Label":"Title","Locale":"es_ES"}},"Offers":{"Summaries":[{"Condition":{"Value":"New"},"LowestPrice":{"Amount":15.5,"Currency":"EUR","DisplayAmount":"15,50 €"}}]}},{"ASIN":"B08L6SRDK5","DetailPageURL":"https://www.amazon.es/dp/B08L6SRDK5?tag=topinalambricos-21&linkCode=osi&th=1&psc=1","Images":{"Primary":{"Small":{"Height":75,"URL":"https://m.media-amazon.com/images/I/31j5CuGmPsL._SL75_.jpg","Width":37}}},"ItemInfo":{"ByLineInfo":{"Brand":{"DisplayValue":"Koucla","Label":"Brand","Locale":"es_ES"}},"Title":{"DisplayValue":"Koucla - Falda de piel sintética con aspecto de piel sintética rojo M","Label":"Title","Locale":"es_ES"}},"Offers":{"Summaries":[{"Condition":{"Value":"New"},"LowestPrice":{"Amount":26.38,"Currency":"EUR","DisplayAmount":"26,38 €"}}]}},{"ASIN":"B085W73RFJ","DetailPageURL":"https://www.amazon.es/dp/B085W73RFJ?tag=topinalambricos-21&linkCode=osi&th=1&psc=1","Images":{"Primary":{"Small":{"Height":75,"URL":"https://m.media-amazon.com/images/I/31LC+N72OCL._SL75_.jpg","Width":37}}},"ItemInfo":{"ByLineInfo":{"Brand":{"DisplayValue":"Koucla","Label":"Brand","Locale":"es_ES"}},"Title":{"DisplayValue":"Koucla Falda con aspecto de piel sintética con botones rojo S","Label":"Title","Locale":"es_ES"}},"Offers":{"Summaries":[{"Condition":{"Value":"New"},"LowestPrice":{"Amount":24.9,"Currency":"EUR","DisplayAmount":"24,90 €"}}]}},{"ASIN":"B087MWMB9T","DetailPageURL":"https://www.amazon.es/dp/B087MWMB9T?tag=topinalambricos-21&linkCode=osi&th=1&psc=1","Images":{"Primary":{"Small":{"Height":75,"URL":"https://m.media-amazon.com/images/I/31eIf5MAVmL._SL75_.jpg","Width":37}}},"ItemInfo":{"ByLineInfo":{"Brand":{"DisplayValue":"Koucla","Label":"Brand","Locale":"es_ES"}},"Title":{"DisplayValue":"Koucla - Falda de piel sintética con cremallera rojo S","Label":"Title","Locale":"es_ES"}},"Offers":{"Summaries":[{"Condition":{"Value":"New"},"LowestPrice":{"Amount":24.9,"Currency":"EUR","DisplayAmount":"24,90 €"}}]}},{"ASIN":"B084VSNGNP","DetailPageURL":"https://www.amazon.es/dp/B084VSNGNP?tag=topinalambricos-21&linkCode=osi&th=1&psc=1","Images":{"Primary":{"Small":{"Height":75,"URL":"https://m.media-amazon.com/images/I/41TPCVw2kNL._SL75_.jpg","Width":75}}},"ItemInfo":{"ByLineInfo":{"Brand":{"DisplayValue":"Toocool","Label":"Brand","Locale":"es_ES"},"Manufacturer":{"DisplayValue":"Toocool","Label":"Manufacturer","Locale":"es_ES"}},"Title":{"DisplayValue":"Toocool - Minifalda Mujer Falda Piel Sintética Cartera fruncida Zip JL-2557, Rosso, M","Label":"Title","Locale":"es_ES"}},"Offers":{"Summaries":[{"Condition":{"Value":"New"},"LowestPrice":{"Amount":15.65,"Currency":"EUR","DisplayAmount":"15,65 €"}}]}},{"ASIN":"B0827WKRX7","DetailPageURL":"https://www.amazon.es/dp/B0827WKRX7?tag=topinalambricos-21&linkCode=osi&th=1&psc=1","Images":{"Primary":{"Small":{"Height":75,"URL":"https://m.media-amazon.com/images/I/419mXNNSRoL._SL75_.jpg","Width":75}}},"ItemInfo":{"ByLineInfo":{"Brand":{"DisplayValue":"DISSA","Label":"Brand","Locale":"es_ES"}},"Title":{"DisplayValue":"DISSA SK6192 Falda de piel sintética para mujer, rojo, 40","Label":"Title","Locale":"es_ES"}},"Offers":{"Summaries":[{"Condition":{"Value":"New"},"LowestPrice":{"Amount":19.99,"Currency":"EUR","DisplayAmount":"19,99 €"}}]}},{"ASIN":"B094782LCB","DetailPageURL":"https://www.amazon.es/dp/B094782LCB?tag=topinalambricos-21&linkCode=osi&th=1&psc=1","Images":{"Primary":{"Small":{"Height":75,"URL":"https://m.media-amazon.com/images/I/41g9Z7uAKsS._SL75_.jpg","Width":37}}},"ItemInfo":{"ByLineInfo":{"Brand":{"DisplayValue":"Koucla","Label":"Brand","Locale":"es_ES"}},"Title":{"DisplayValue":"Koucla Falda de imitación de piel sintética con cremallera y encaje rojo S","Label":"Title","Locale":"es_ES"}},"Offers":{"Summaries":[{"Condition":{"Value":"New"},"LowestPrice":{"Amount":25.74,"Currency":"EUR","DisplayAmount":"25,74 €"}}]}},{"ASIN":"B09BV8KY22","DetailPageURL":"https://www.amazon.es/dp/B09BV8KY22?tag=topinalambricos-21&linkCode=osi&th=1&psc=1","Images":{"Primary":{"Small":{"Height":75,"URL":"https://m.media-amazon.com/images/I/31fbflaieJL._SL75_.jpg","Width":49}}},"ItemInfo":{"ByLineInfo":{"Brand":{"DisplayValue":"befree","Label":"Brand","Locale":"es_ES"},"Manufacturer":{"DisplayValue":"UAB \"Melon Fashion Lithuania\"","Label":"Manufacturer","Locale":"es_ES"}},"Title":{"DisplayValue":"befree Mujer Falda Cruzada de Cuero Sintético con Cinturon de Anillas Rojo XS","Label":"Title","Locale":"es_ES"}},"Offers":{"Summaries":[{"Condition":{"Value":"New"},"LowestPrice":{"Amount":17.95,"Currency":"EUR","DisplayAmount":"17,95 €"}}]}},{"ASIN":"B082WJM1LQ","DetailPageURL":"https://www.amazon.es/dp/B082WJM1LQ?tag=topinalambricos-21&linkCode=osi&th=1&psc=1","Images":{"Primary":{"Small":{"Height":75,"URL":"https://m.media-amazon.com/images/I/41ok-uSNWWL._SL75_.jpg","Width":56}}},"ItemInfo":{"ByLineInfo":{"Brand":{"DisplayValue":"Only","Label":"Brand","Locale":"es_ES"},"Manufacturer":{"DisplayValue":"Only","Label":"Manufacturer","Locale":"es_ES"}},"Title":{"DisplayValue":"Only - Falda de piel sintética para mujer rojo 36","Label":"Title","Locale":"es_ES"}},"Offers":{"Summaries":[{"Condition":{"Value":"New"},"LowestPrice":{"Amount":31.19,"Currency":"EUR","DisplayAmount":"31,19 €"}}]}}],"SearchURL":"https://www.amazon.es/s?k=piel+sintetica+cuero+rojo&rh=n%3A3074056031%2Cp_n_availability%3A-1&tag=topinalambricos-21&linkCode=osi","TotalResultCount":582}},"52":{"SearchResult":{"Items":[{"ASIN":"B09NY8T39R","DetailPageURL":"https://www.amazon.es/dp/B09NY8T39R?tag=topinalambricos-21&linkCode=osi&th=1&psc=1","Images":{"Primary":{"Small":{"Height":75,"URL":"https://m.media-amazon.com/images/I/31xIhec7owL._SL75_.jpg","Width":56}}},"ItemInfo":{"ByLineInfo":{"Brand":{"DisplayValue":"Geagodelia","Label":"Brand","Locale":"es_ES"},"Manufacturer":{"DisplayValue":"Geagodelia","Label":"Manufacturer","Locale":"es_ES"}},"Title":{"DisplayValue":"Geagodelia Mujer Falda Casual de Cuero Lápiz Faldas Informal y Ajustadas de Cintura Alta Falda Mini con Cremallera Dress de Invierno y Primavera Elegante y Sexy para Mujer (Negro, L)","Label":"Title","Locale":"es_ES"}},"Offers":{"Summaries":[{"Condition":{"Value":"New"},"LowestPrice":{"Amount":17.99,"Currency":"EUR","DisplayAmount":"17,99 €"}}]}},{"ASIN":"B0BLS4XW9D","DetailPageURL":"https://www.amazon.es/dp/B0BLS4XW9D?tag=topinalambricos-21&linkCode=osi&th=1&psc=1","Images":{"Primary":{"Small":{"Height":75,"URL":"https://m.media-amazon.com/images/I/41eoR4Os3bL._SL75_.jpg","Width":75}}},"ItemInfo":{"ByLineInfo":{"Brand":{"DisplayValue":"TOEECY","Label":"Brand","Locale":"es_ES"}},"Title":{"DisplayValue":"TOEECY Faldas de Cuero Mujer Cortas Sexy Falda Negra Cintura Alta Falda de Piel Sintética Clásico Mini Falda Lápiz Split Slim Fit Leather Skirt de Dobladillo Asimétrico (#2,XL)","Label":"Title","Locale":"es_ES"}},"Offers":{"Summaries":[{"Condition":{"Value":"New"},"LowestPrice":{"Amount":16.99,"Currency":"EUR","DisplayAmount":"16,99 €"}}]}},{"ASIN":"B08VHZKP96","DetailPageURL":"https://www.amazon.es/dp/B08VHZKP96?tag=topinalambricos-21&linkCode=osi&th=1&psc=1","Images":{"Primary":{"Small":{"Height":66,"URL":"https://m.media-amazon.com/images/I/41+iKDYdyjL._SL75_.jpg","Width":75}}},"ItemInfo":{"ByLineInfo":{"Brand":{"DisplayValue":"Loalirando","Label":"Brand","Locale":"es_ES"}},"Title":{"DisplayValue":"Falda Ajustada de Cuero PU Falda Sexy de Cintura Alta con Cordón y Cremallera para Mujer Mini Falda de Lápiz Moderna con Bowknot y Color Sólido para Casual Fiesta Cóctel Club Noche (Marrón, XXL)","Label":"Title","Locale":"es_ES"}},"Offers":{"Summaries":[{"Condition":{"Value":"New"},"LowestPrice":{"Amount":16.99,"Currency":"EUR","DisplayAmount":"16,99 €"}}]}},{"ASIN":"B08X653H23","DetailPageURL":"https://www.amazon.es/dp/B08X653H23?tag=topinalambricos-21&linkCode=osi&th=1&psc=1","Images":{"Primary":{"Small":{"Height":75,"URL":"https://m.media-amazon.com/images/I/41WQRetI5UL._SL75_.jpg","Width":57}}},"ItemInfo":{"ByLineInfo":{"Brand":{"DisplayValue":"Huyghdfb","Label":"Brand","Locale":"es_ES"},"Manufacturer":{"DisplayValue":"Huyghdfb","Label":"Manufacturer","Locale":"es_ES"}},"Title":{"DisplayValue":"Huyghdfb Falda de Cuero Sexy para Mujer, Faldas de Tubo Delgadas de PU con Cremallera Informal de Cintura Alta de imitación de Bodycon Mini (Black, M)","Label":"Title","Locale":"es_ES"}},"Offers":{"Summaries":[{"Condition":{"Value":"New"},"LowestPrice":{"Amount":13.25,"Currency":"EUR","DisplayAmount":"13,25 €"}}]}},{"ASIN":"B07MK4X1RF","DetailPageURL":"https://www.amazon.es/dp/B07MK4X1RF?tag=topinalambricos-21&linkCode=osi&th=1&psc=1","Images":{"Primary":{"Small":{"Height":75,"URL":"https://m.media-amazon.com/images/I/41eMwpBEgKL._SL75_.jpg","Width":75}}},"ItemInfo":{"ByLineInfo":{"Brand":{"DisplayValue":"ALIKEEY","Label":"Brand","Locale":"es_ES"}},"Title":{"DisplayValue":"ALIKEEY Moda Mujeres Sexy Sólido Vendaje Falda Corta Alta Cintura Imitación Cuero Mini Falda Fiesta Uniforme Granate Gotica Hippie Hawaiana Irregular Inside Larga Japonesa","Label":"Title","Locale":"es_ES"}},"Offers":{"Summaries":[{"Condition":{"Value":"New"},"LowestPrice":{"Amount":26.0,"Currency":"EUR","DisplayAmount":"26,00 €"}}]}},{"ASIN":"B09LY2KTMY","DetailPageURL":"https://www.amazon.es/dp/B09LY2KTMY?tag=topinalambricos-21&linkCode=osi&th=1&psc=1","Images":{"Primary":{"Small":{"Height":75,"URL":"https://m.media-amazon.com/images/I/51PWyh8HkcL._SL75_.jpg","Width":75}}},"ItemInfo":{"ByLineInfo":{"Brand":{"DisplayValue":"IEFIEL","Label":"Brand","Locale":"es_ES"}},"Title":{"DisplayValue":"IEFIEL Falda Corta Ajustada de Cuero para Mujer Mini Falda Sexy de Club Discoteca Falda Métalica de Danza Falda Tubo Mujer Elástica V Negro XL","Label":"Title","Locale":"es_ES"}},"Offers":{"Summaries":[{"Condition":{"Value":"New"},"LowestPrice":{"Amount":7.09,"Currency":"EUR","DisplayAmount":"7,09 €"}}]}},{"ASIN":"B0849L2JDY","DetailPageURL":"https://www.amazon.es/dp/B0849L2JDY?tag=topinalambricos-21&linkCode=osi&th=1&psc=1","Images":{"Primary":{"Small":{"Height":75,"URL":"https://m.media-amazon.com/images/I/415I6IGoxEL._SL75_.jpg","Width":75}}},"ItemInfo":{"ByLineInfo":{"Brand":{"DisplayValue":"ZEZKT","Label":"Brand","Locale":"es_ES"}},"Title":{"DisplayValue":"Faldas Cortas Mujer Falda de Cuero de Cintura Alta Sexy Mini Falda Casual Slim Corto Falda Verano Moda Enagua de Discoteca de Negocios Negro 831","Label":"Title","Locale":"es_ES"}},"Offers":{"Summaries":[{"Condition":{"Value":"New"},"LowestPrice":{"Amount":9.11,"Currency":"EUR","DisplayAmount":"9,11 €"}}]}},{"ASIN":"B09HXQ6F94","DetailPageURL":"https://www.amazon.es/dp/B09HXQ6F94?tag=topinalambricos-21&linkCode=osi&th=1&psc=1","Images":{"Primary":{"Small":{"Height":75,"URL":"https://m.media-amazon.com/images/I/41T2F2v0UvL._SL75_.jpg","Width":75}}},"ItemInfo":{"ByLineInfo":{"Brand":{"DisplayValue":"IEFIEL","Label":"Brand","Locale":"es_ES"}},"Title":{"DisplayValue":"IEFIEL Falda Plisada Mujer Corto Falda Básica Cintura Alta de Cuero Sintético Falda Vuelo Casual Mini Falda Multifuncional Falda Patinador Marrón L","Label":"Title","Locale":"es_ES"}},"Offers":{"Summaries":[{"Condition":{"Value":"New"},"LowestPrice":{"Amount":13.59,"Currency":"EUR","DisplayAmount":"13,59 €"}}]}},{"ASIN":"B0948W24NB","DetailPageURL":"https://www.amazon.es/dp/B0948W24NB?tag=topinalambricos-21&linkCode=osi&th=1&psc=1","Images":{"Primary":{"Small":{"Height":75,"URL":"https://m.media-amazon.com/images/I/51gatLPDAyL._SL75_.jpg","Width":75}}},"ItemInfo":{"ByLineInfo":{"Brand":{"DisplayValue":"Votuleazi","Label":"Brand","Locale":"es_ES"},"Manufacturer":{"DisplayValue":"Votuleazi","Label":"Manufacturer","Locale":"es_ES"}},"Title":{"DisplayValue":"Falda Corta de Cuero Verano para Mujer Mini Falda Ajustada de Piel Sintética de Color Liso Falda Sexy y Elegante de Cintura Alta con Cremallera para Mujer (Marrón, L)","Label":"Title","Locale":"es_ES"}},"Offers":{"Summaries":[{"Condition":{"Value":"New"},"LowestPrice":{"Amount":24.08,"Currency":"EUR","DisplayAmount":"24,08 €"}}]}},{"ASIN":"B0BG1T33J3","DetailPageURL":"https://www.amazon.es/dp/B0BG1T33J3?tag=topinalambricos-21&linkCode=osi&th=1&psc=1","Images":{"Primary":{"Small":{"Height":75,"URL":"https://m.media-amazon.com/images/I/41Umi2xFJbL._SL75_.jpg","Width":75}}},"ItemInfo":{"ByLineInfo":{"Brand":{"DisplayValue":"MSemis","Label":"Brand","Locale":"es_ES"}},"Title":{"DisplayValue":"MSemis Mini Falda de Látex para Mujer Falda Corta de Cuero Ropa Erótica Sexy Minifalda Encaje Transparente Picardias Lencería Noche Adultos Blanco A S","Label":"Title","Locale":"es_ES"}},"Offers":{"Summaries":[{"Condition":{"Value":"New"},"LowestPrice":{"Amount":3.99,"Currency":"EUR","DisplayAmount":"3,99 €"}}]}}],"SearchURL":"https://www.amazon.es/s?k=cuero+mini+falda&rh=n%3A3074056031%2Cp_n_availability%3A-1&tag=topinalambricos-21&linkCode=osi","TotalResultCount":1039}},"53":{"SearchResult":{"Items":[{"ASIN":"B06Y663FBR","DetailPageURL":"https://www.amazon.es/dp/B06Y663FBR?tag=topinalambricos-21&linkCode=osi&th=1&psc=1","Images":{"Primary":{"Small":{"Height":75,"URL":"https://m.media-amazon.com/images/I/311aFIunVoL._SL75_.jpg","Width":60}}},"ItemInfo":{"ByLineInfo":{"Brand":{"DisplayValue":"ZhuiKun","Label":"Brand","Locale":"es_ES"}},"Title":{"DisplayValue":"ZhuiKun Mujer Falda Midi Vaquera Elástico Cuero del Faux De Tubo con Abertura Trasera Negro 44","Label":"Title","Locale":"es_ES"}},"Offers":{"Summaries":[{"Condition":{"Value":"New"},"LowestPrice":{"Amount":15.17,"Currency":"EUR","DisplayAmount":"15,17 €"}}]}},{"ASIN":"B074DLGYK2","DetailPageURL":"https://www.amazon.es/dp/B074DLGYK2?tag=topinalambricos-21&linkCode=osi&th=1&psc=1","Images":{"Primary":{"Small":{"Height":75,"URL":"https://m.media-amazon.com/images/I/316d8uJKiyL._SL75_.jpg","Width":55}}},"ItemInfo":{"ByLineInfo":{"Brand":{"DisplayValue":"oodji Ultra","Label":"Brand","Locale":"es_ES"},"Manufacturer":{"DisplayValue":"RIFICZECH s.r.o.","Label":"Manufacturer","Locale":"es_ES"}},"Title":{"DisplayValue":"oodji Ultra Mujer Falda-Lápiz de Piel Sintética, Negro, ES 34 / XXS","Label":"Title","Locale":"es_ES"}},"Offers":{"Summaries":[{"Condition":{"Value":"New"},"LowestPrice":{"Amount":16.0,"Currency":"EUR","DisplayAmount":"16,00 €"}}]}},{"ASIN":"B07C43F213","DetailPageURL":"https://www.amazon.es/dp/B07C43F213?tag=topinalambricos-21&linkCode=osi&th=1&psc=1","Images":{"Primary":{"Small":{"Height":75,"URL":"https://m.media-amazon.com/images/I/315BKYe9-fL._SL75_.jpg","Width":56}}},"ItemInfo":{"ByLineInfo":{"Brand":{"DisplayValue":"Only","Label":"Brand","Locale":"es_ES"},"Manufacturer":{"DisplayValue":"ONLY","Label":"Manufacturer","Locale":"es_ES"}},"Title":{"DisplayValue":"Only Onlbase Faux Leather Skirt Otw Falda, Negro (Black Black), 38 para Mujer","Label":"Title","Locale":"es_ES"}},"Offers":{"Summaries":[{"Condition":{"Value":"New"},"LowestPrice":{"Amount":12.99,"Currency":"EUR","DisplayAmount":"12,99 €"}}]}},{"ASIN":"B08J4G4SYL","DetailPageURL":"https://www.amazon.es/dp/B08J4G4SYL?tag=topinalambricos-21&linkCode=osi&th=1&psc=1","Images":{"Primary":{"Small":{"Height":75,"URL":"https://m.media-amazon.com/images/I/31sxi3W3ETL._SL75_.jpg","Width":57}}},"ItemInfo":{"ByLineInfo":{"Brand":{"DisplayValue":"PIECES","Label":"Brand","Locale":"es_ES"},"Manufacturer":{"DisplayValue":"Bestseller AS","Label":"Manufacturer","Locale":"es_ES"}},"Title":{"DisplayValue":"PIECES Pcnew Shiny HW Skirt Noos Falda, Black, XS-S para Mujer","Label":"Title","Locale":"es_ES"}},"Offers":{"Summaries":[{"Condition":{"Value":"New"},"LowestPrice":{"Amount":13.0,"Currency":"EUR","DisplayAmount":"13,00 €"}}]}},{"ASIN":"B09LMGXLFW","DetailPageURL":"https://www.amazon.es/dp/B09LMGXLFW?tag=topinalambricos-21&linkCode=osi&th=1&psc=1","Images":{"Primary":{"Small":{"Height":75,"URL":"https://m.media-amazon.com/images/I/31F7904ZF7L._SL75_.jpg","Width":49}}},"ItemInfo":{"ByLineInfo":{"Brand":{"DisplayValue":"JOPHY & CO.","Label":"Brand","Locale":"es_ES"}},"Title":{"DisplayValue":"JOPHY & CO. Falda de tubo para mujer de piel sintética con espacas, Midi o largo (cód. 64861 & 65353), Negro (Cod. 64861), S","Label":"Title","Locale":"es_ES"}},"Offers":{"Summaries":[{"Condition":{"Value":"New"},"LowestPrice":{"Amount":15.5,"Currency":"EUR","DisplayAmount":"15,50 €"}}]}},{"ASIN":"B07PDG75WQ","DetailPageURL":"https://www.amazon.es/dp/B07PDG75WQ?tag=topinalambricos-21&linkCode=osi&th=1&psc=1","Images":{"Primary":{"Small":{"Height":75,"URL":"https://m.media-amazon.com/images/I/31PHmnUkEtL._SL75_.jpg","Width":57}}},"ItemInfo":{"ByLineInfo":{"Brand":{"DisplayValue":"GRACE KARIN","Label":"Brand","Locale":"es_ES"}},"Title":{"DisplayValue":"GRACE KARIN Mujer Falda de Cuero para Mujer Bodycon Falda Tubo para Fiesta Tamaño L DECL05-1","Label":"Title","Locale":"es_ES"}},"Offers":{"Summaries":[{"Condition":{"Value":"New"},"LowestPrice":{"Amount":27.99,"Currency":"EUR","DisplayAmount":"27,99 €"}}]}},{"ASIN":"B09TW824Q5","DetailPageURL":"https://www.amazon.es/dp/B09TW824Q5?tag=topinalambricos-21&linkCode=osi&th=1&psc=1","Images":{"Primary":{"Small":{"Height":75,"URL":"https://m.media-amazon.com/images/I/31LMn6NLYVL._SL75_.jpg","Width":56}}},"ItemInfo":{"ByLineInfo":{"Brand":{"DisplayValue":"Shein","Label":"Brand","Locale":"es_ES"}},"Title":{"DisplayValue":"SheIn Falda ajustada para mujer, cintura elástica, minifalda bodycon de verano, cintura alta, falda ajustada con volantes, Negro , S","Label":"Title","Locale":"es_ES"}},"Offers":{"Summaries":[{"Condition":{"Value":"New"},"LowestPrice":{"Amount":25.87,"Currency":"EUR","DisplayAmount":"25,87 €"}}]}},{"ASIN":"B09TTQDD23","DetailPageURL":"https://www.amazon.es/dp/B09TTQDD23?tag=topinalambricos-21&linkCode=osi&th=1&psc=1","Images":{"Primary":{"Small":{"Height":75,"URL":"https://m.media-amazon.com/images/I/41GRLVmDQBL._SL75_.jpg","Width":75}}},"ItemInfo":{"ByLineInfo":{"Brand":{"DisplayValue":"Vero Moda","Label":"Brand","Locale":"es_ES"},"Manufacturer":{"DisplayValue":"Bestseller A/S","Label":"Manufacturer","Locale":"es_ES"}},"Title":{"DisplayValue":"Vero Moda VmolOlympia Noos-Falda Corta Piel, Negro, L para Mujer","Label":"Title","Locale":"es_ES"}},"Offers":{"Summaries":[{"Condition":{"Value":"New"},"LowestPrice":{"Amount":24.37,"Currency":"EUR","DisplayAmount":"24,37 €"}}]}},{"ASIN":"B08BG4GR7X","DetailPageURL":"https://www.amazon.es/dp/B08BG4GR7X?tag=topinalambricos-21&linkCode=osi&th=1&psc=1","Images":{"Primary":{"Small":{"Height":75,"URL":"https://m.media-amazon.com/images/I/31W3FFRtiLL._SL75_.jpg","Width":49}}},"ItemInfo":{"ByLineInfo":{"Brand":{"DisplayValue":"Only","Label":"Brand","Locale":"es_ES"},"Manufacturer":{"DisplayValue":"Bestseller A/S","Label":"Manufacturer","Locale":"es_ES"}},"Title":{"DisplayValue":"Only Onlmaiya-Miri Faux Leather Skrt Pnt Noos Falda, Negro, L para Mujer","Label":"Title","Locale":"es_ES"}},"Offers":{"Summaries":[{"Condition":{"Value":"New"},"LowestPrice":{"Amount":24.0,"Currency":"EUR","DisplayAmount":"24,00 €"}}]}},{"ASIN":"B09LY2KTMY","DetailPageURL":"https://www.amazon.es/dp/B09LY2KTMY?tag=topinalambricos-21&linkCode=osi&th=1&psc=1","Images":{"Primary":{"Small":{"Height":75,"URL":"https://m.media-amazon.com/images/I/51PWyh8HkcL._SL75_.jpg","Width":75}}},"ItemInfo":{"ByLineInfo":{"Brand":{"DisplayValue":"IEFIEL","Label":"Brand","Locale":"es_ES"}},"Title":{"DisplayValue":"IEFIEL Falda Corta Ajustada de Cuero para Mujer Mini Falda Sexy de Club Discoteca Falda Métalica de Danza Falda Tubo Mujer Elástica V Negro XL","Label":"Title","Locale":"es_ES"}},"Offers":{"Summaries":[{"Condition":{"Value":"New"},"LowestPrice":{"Amount":7.09,"Currency":"EUR","DisplayAmount":"7,09 €"}}]}}],"SearchURL":"https://www.amazon.es/s?k=cuero+tubo&rh=n%3A3074056031%2Cp_n_availability%3A-1&tag=topinalambricos-21&linkCode=osi","TotalResultCount":483}},"54":{"SearchResult":{"Items":[{"ASIN":"B089S4QX7G","DetailPageURL":"https://www.amazon.es/dp/B089S4QX7G?tag=topinalambricos-21&linkCode=osi&th=1&psc=1","Images":{"Primary":{"Small":{"Height":75,"URL":"https://m.media-amazon.com/images/I/31wVTddWsBL._SL75_.jpg","Width":34}}},"ItemInfo":{"ByLineInfo":{"Brand":{"DisplayValue":"Verano","Label":"Brand","Locale":"es_ES"}},"Title":{"DisplayValue":"Falda de cuero larga - falda de piel sintética, marrón, S","Label":"Title","Locale":"es_ES"}},"Offers":{"Summaries":[{"Condition":{"Value":"New"},"LowestPrice":{"Amount":30.9,"Currency":"EUR","DisplayAmount":"30,90 €"}}]}},{"ASIN":"B07JLCCH2X","DetailPageURL":"https://www.amazon.es/dp/B07JLCCH2X?tag=topinalambricos-21&linkCode=osi&th=1&psc=1","Images":{"Primary":{"Small":{"Height":75,"URL":"https://m.media-amazon.com/images/I/417aPx50P+L._SL75_.jpg","Width":75}}},"ItemInfo":{"ByLineInfo":{"Brand":{"DisplayValue":"Tassa","Label":"Brand","Locale":"es_ES"}},"Title":{"DisplayValue":"Tassa - Falda Tulipa de piel de cordero negro, Negro , 42","Label":"Title","Locale":"es_ES"}},"Offers":{"Summaries":[{"Condition":{"Value":"New"},"LowestPrice":{"Amount":200.0,"Currency":"EUR","DisplayAmount":"200,00 €"}}]}}],"SearchURL":"https://www.amazon.es/s?k=cuero+piel+sintetica+tulipan&rh=n%3A3074056031%2Cp_n_availability%3A-1&tag=topinalambricos-21&linkCode=osi","TotalResultCount":2}},"55":{"SearchResult":{"Items":[{"ASIN":"B09HXQ6F94","DetailPageURL":"https://www.amazon.es/dp/B09HXQ6F94?tag=topinalambricos-21&linkCode=osi&th=1&psc=1","Images":{"Primary":{"Small":{"Height":75,"URL":"https://m.media-amazon.com/images/I/41T2F2v0UvL._SL75_.jpg","Width":75}}},"ItemInfo":{"ByLineInfo":{"Brand":{"DisplayValue":"IEFIEL","Label":"Brand","Locale":"es_ES"}},"Title":{"DisplayValue":"IEFIEL Falda Plisada Mujer Corto Falda Básica Cintura Alta de Cuero Sintético Falda Vuelo Casual Mini Falda Multifuncional Falda Patinador Marrón L","Label":"Title","Locale":"es_ES"}},"Offers":{"Summaries":[{"Condition":{"Value":"New"},"LowestPrice":{"Amount":13.59,"Currency":"EUR","DisplayAmount":"13,59 €"}}]}},{"ASIN":"B07PDFCNZH","DetailPageURL":"https://www.amazon.es/dp/B07PDFCNZH?tag=topinalambricos-21&linkCode=osi&th=1&psc=1","Images":{"Primary":{"Small":{"Height":75,"URL":"https://m.media-amazon.com/images/I/31PHmnUkEtL._SL75_.jpg","Width":57}}},"ItemInfo":{"ByLineInfo":{"Brand":{"DisplayValue":"GRACE KARIN","Label":"Brand","Locale":"es_ES"}},"Title":{"DisplayValue":"GRACE KARIN Mujer Falda Corta Negro Vintage Falda Lápiz de Cuero Tamaño XL DECL05-1","Label":"Title","Locale":"es_ES"}},"Offers":{"Summaries":[{"Condition":{"Value":"New"},"LowestPrice":{"Amount":27.99,"Currency":"EUR","DisplayAmount":"27,99 €"}}]}},{"ASIN":"B014FA0NB6","DetailPageURL":"https://www.amazon.es/dp/B014FA0NB6?tag=topinalambricos-21&linkCode=osi&th=1&psc=1","Images":{"Primary":{"Small":{"Height":75,"URL":"https://m.media-amazon.com/images/I/411RPnLvQBL._SL75_.jpg","Width":75}}},"ItemInfo":{"ByLineInfo":{"Brand":{"DisplayValue":"Urban GoCo","Label":"Brand","Locale":"es_ES"},"Manufacturer":{"DisplayValue":"Imaczi","Label":"Manufacturer","Locale":"es_ES"}},"Title":{"DisplayValue":"Urban GoCo Falda Mujer Elástica Plisada Básica Patinador Multifuncional Corto Falda (M, Negro)","Label":"Title","Locale":"es_ES"}},"Offers":{"Summaries":[{"Condition":{"Value":"New"},"LowestPrice":{"Amount":16.98,"Currency":"EUR","DisplayAmount":"16,98 €"}}]}},{"ASIN":"B077STSYYL","DetailPageURL":"https://www.amazon.es/dp/B077STSYYL?tag=topinalambricos-21&linkCode=osi&th=1&psc=1","Images":{"Primary":{"Small":{"Height":75,"URL":"https://m.media-amazon.com/images/I/41ZjN1uuIqL._SL75_.jpg","Width":57}}},"ItemInfo":{"ByLineInfo":{"Brand":{"DisplayValue":"DRESSTELLS","Label":"Brand","Locale":"es_ES"}},"Title":{"DisplayValue":"DRESSTELLS Falda Mujer Mini Corto Elástica Plisada Básica Multifuncional Blush M","Label":"Title","Locale":"es_ES"}},"Offers":{"Summaries":[{"Condition":{"Value":"New"},"LowestPrice":{"Amount":15.99,"Currency":"EUR","DisplayAmount":"15,99 €"}}]}},{"ASIN":"B01N99H5W9","DetailPageURL":"https://www.amazon.es/dp/B01N99H5W9?tag=topinalambricos-21&linkCode=osi&th=1&psc=1","Images":{"Primary":{"Small":{"Height":75,"URL":"https://m.media-amazon.com/images/I/41vOrUS6mKL._SL75_.jpg","Width":75}}},"ItemInfo":{"ByLineInfo":{"Brand":{"DisplayValue":"Urban GoCo","Label":"Brand","Locale":"es_ES"}},"Title":{"DisplayValue":"Urban GoCo Mini Falda Elástica Patinadora de Terciopelo de Retro (S, Negro)","Label":"Title","Locale":"es_ES"}},"Offers":{"Summaries":[{"Condition":{"Value":"New"},"LowestPrice":{"Amount":18.86,"Currency":"EUR","DisplayAmount":"18,86 €"}}]}},{"ASIN":"B01N4765SZ","DetailPageURL":"https://www.amazon.es/dp/B01N4765SZ?tag=topinalambricos-21&linkCode=osi&th=1&psc=1","Images":{"Primary":{"Small":{"Height":75,"URL":"https://m.media-amazon.com/images/I/31NH2TM908L._SL75_.jpg","Width":43}}},"ItemInfo":{"ByLineInfo":{"Brand":{"DisplayValue":"Urban GoCo","Label":"Brand","Locale":"es_ES"}},"Title":{"DisplayValue":"Urban GoCo Mujeres Falda Midi Lápiz Cintura Alta Elasticidad Bodycon Tubo Falda Oficina Negro S","Label":"Title","Locale":"es_ES"}},"Offers":{"Summaries":[{"Condition":{"Value":"New"},"LowestPrice":{"Amount":22.86,"Currency":"EUR","DisplayAmount":"22,86 €"}}]}},{"ASIN":"B09X1G9X4L","DetailPageURL":"https://www.amazon.es/dp/B09X1G9X4L?tag=topinalambricos-21&linkCode=osi&th=1&psc=1","Images":{"Primary":{"Small":{"Height":75,"URL":"https://m.media-amazon.com/images/I/41G2OECDamL._SL75_.jpg","Width":56}}},"ItemInfo":{"ByLineInfo":{"Brand":{"DisplayValue":"Shein","Label":"Brand","Locale":"es_ES"}},"Title":{"DisplayValue":"SheIn Falda ajustada para mujer, con volantes, minifalda ajustada, falda de verano, falda de cintura alta, falda informal con volantes, Negro , XL","Label":"Title","Locale":"es_ES"}},"Offers":{"Summaries":[{"Condition":{"Value":"New"},"LowestPrice":{"Amount":27.21,"Currency":"EUR","DisplayAmount":"27,21 €"}}]}},{"ASIN":"B07M7N366J","DetailPageURL":"https://www.amazon.es/dp/B07M7N366J?tag=topinalambricos-21&linkCode=osi&th=1&psc=1","Images":{"Primary":{"Small":{"Height":75,"URL":"https://m.media-amazon.com/images/I/31TrT3c5BsS._SL75_.jpg","Width":42}}},"ItemInfo":{"ByLineInfo":{"Brand":{"DisplayValue":"EXCHIC","Label":"Brand","Locale":"es_ES"}},"Title":{"DisplayValue":"EXCHIC Lápiz de Mujer Bodycon Falda de Negocios Hendidura Lateral Dobladillo (L, Negro)","Label":"Title","Locale":"es_ES"}},"Offers":{"Summaries":[{"Condition":{"Value":"New"},"LowestPrice":{"Amount":22.98,"Currency":"EUR","DisplayAmount":"22,98 €"}}]}},{"ASIN":"B09QGVMN63","DetailPageURL":"https://www.amazon.es/dp/B09QGVMN63?tag=topinalambricos-21&linkCode=osi&th=1&psc=1","Images":{"Primary":{"Small":{"Height":75,"URL":"https://m.media-amazon.com/images/I/31yB-ffpvQL._SL75_.jpg","Width":56}}},"ItemInfo":{"ByLineInfo":{"Brand":{"DisplayValue":"Shein","Label":"Brand","Locale":"es_ES"}},"Title":{"DisplayValue":"SheIn Falda ajustada para mujer, cintura elástica, minifalda bodycon de verano, cintura alta, falda ajustada, Negro , M","Label":"Title","Locale":"es_ES"}},"Offers":{"Summaries":[{"Condition":{"Value":"New"},"LowestPrice":{"Amount":26.33,"Currency":"EUR","DisplayAmount":"26,33 €"}}]}},{"ASIN":"B076Q5VFK4","DetailPageURL":"https://www.amazon.es/dp/B076Q5VFK4?tag=topinalambricos-21&linkCode=osi&th=1&psc=1","Images":{"Primary":{"Small":{"Height":75,"URL":"https://m.media-amazon.com/images/I/31GzFpehGFL._SL75_.jpg","Width":55}}},"ItemInfo":{"ByLineInfo":{"Brand":{"DisplayValue":"oodji Ultra","Label":"Brand","Locale":"es_ES"},"Manufacturer":{"DisplayValue":"RIFICZECH s.r.o.","Label":"Manufacturer","Locale":"es_ES"}},"Title":{"DisplayValue":"oodji Ultra Mujer Falda Lápiz Básica, Azul, ES 34 / XXS","Label":"Title","Locale":"es_ES"}},"Offers":{"Summaries":[{"Condition":{"Value":"New"},"LowestPrice":{"Amount":10.7,"Currency":"EUR","DisplayAmount":"10,70 €"}}]}}],"SearchURL":"https://www.amazon.es/s?k=cuero+vuelo&rh=n%3A3074056031%2Cp_n_availability%3A-1&tag=topinalambricos-21&linkCode=osi","TotalResultCount":350}},"57":{"SearchResult":{"Items":[{"ASIN":"B08B641YNX","DetailPageURL":"https://www.amazon.es/dp/B08B641YNX?tag=topinalambricos-21&linkCode=osi&th=1&psc=1","Images":{"Primary":{"Small":{"Height":75,"URL":"https://m.media-amazon.com/images/I/31Ajbw1hFrL._SL75_.jpg","Width":57}}},"ItemInfo":{"ByLineInfo":{"Brand":{"DisplayValue":"Only","Label":"Brand","Locale":"es_ES"},"Manufacturer":{"DisplayValue":"Only","Label":"Manufacturer","Locale":"es_ES"}},"Title":{"DisplayValue":"Only ONLPOPTRASH Easy Coated Pant PNT Noos Pantalón, Black, L/32 para Mujer","Label":"Title","Locale":"es_ES"}},"Offers":{"Summaries":[{"Condition":{"Value":"New"},"LowestPrice":{"Amount":25.98,"Currency":"EUR","DisplayAmount":"25,98 €"}}]}},{"ASIN":"B082KHVXQ1","DetailPageURL":"https://www.amazon.es/dp/B082KHVXQ1?tag=topinalambricos-21&linkCode=osi&th=1&psc=1","Images":{"Primary":{"Small":{"Height":75,"URL":"https://m.media-amazon.com/images/I/31G-RGXP36L._SL75_.jpg","Width":56}}},"ItemInfo":{"ByLineInfo":{"Brand":{"DisplayValue":"Only","Label":"Brand","Locale":"es_ES"},"Manufacturer":{"DisplayValue":"ONLY","Label":"Manufacturer","Locale":"es_ES"}},"Title":{"DisplayValue":"Only ONLPOPTRASH YO PU Easy Paperbag PNT Pantalón, Black, XL/32 para Mujer","Label":"Title","Locale":"es_ES"}},"Offers":{"Summaries":[{"Condition":{"Value":"New"},"LowestPrice":{"Amount":15.32,"Currency":"EUR","DisplayAmount":"15,32 €"}}]}},{"ASIN":"B07VW8MBLF","DetailPageURL":"https://www.amazon.es/dp/B07VW8MBLF?tag=topinalambricos-21&linkCode=osi&th=1&psc=1","Images":{"Primary":{"Small":{"Height":75,"URL":"https://m.media-amazon.com/images/I/31vpYoqU2WL._SL75_.jpg","Width":56}}},"ItemInfo":{"ByLineInfo":{"Brand":{"DisplayValue":"Only","Label":"Brand","Locale":"es_ES"},"Manufacturer":{"DisplayValue":"ONLY NOS","Label":"Manufacturer","Locale":"es_ES"}},"Title":{"DisplayValue":"Only Onlfhush Mid SK ANK Coat BB Bj14019 Noos Pantalones, Negro (Black), L/30L para Mujer","Label":"Title","Locale":"es_ES"}},"Offers":{"Summaries":[{"Condition":{"Value":"New"},"LowestPrice":{"Amount":45.99,"Currency":"EUR","DisplayAmount":"45,99 €"}}]}},{"ASIN":"B01J3WLAW2","DetailPageURL":"https://www.amazon.es/dp/B01J3WLAW2?tag=topinalambricos-21&linkCode=osi&th=1&psc=1","Images":{"Primary":{"Small":{"Height":75,"URL":"https://m.media-amazon.com/images/I/31TrtUb5hTL._SL75_.jpg","Width":56}}},"ItemInfo":{"ByLineInfo":{"Brand":{"DisplayValue":"Only","Label":"Brand","Locale":"es_ES"},"Contributors":[{"Locale":"es_ES","Name":"Only","Role":"Diseñador","RoleType":"designer"}],"Manufacturer":{"DisplayValue":"Only","Label":"Manufacturer","Locale":"es_ES"}},"Title":{"DisplayValue":"ONLY Onlnew Royal Coated Biker Skinny Fit Pantalones, Black, XS / 30 para Mujer","Label":"Title","Locale":"es_ES"}},"Offers":{"Summaries":[{"Condition":{"Value":"New"},"LowestPrice":{"Amount":19.99,"Currency":"EUR","DisplayAmount":"19,99 €"}},{"Condition":{"Value":"Used"},"LowestPrice":{"Amount":19.45,"Currency":"EUR","DisplayAmount":"19,45 €"}}]}},{"ASIN":"B08B63LGRB","DetailPageURL":"https://www.amazon.es/dp/B08B63LGRB?tag=topinalambricos-21&linkCode=osi&th=1&psc=1","Images":{"Primary":{"Small":{"Height":75,"URL":"https://m.media-amazon.com/images/I/319oCp5hthL._SL75_.jpg","Width":57}}},"ItemInfo":{"ByLineInfo":{"Brand":{"DisplayValue":"Only","Label":"Brand","Locale":"es_ES"},"Manufacturer":{"DisplayValue":"Only","Label":"Manufacturer","Locale":"es_ES"}},"Title":{"DisplayValue":"ONLY ONLPOPTRASH EASY COATED PANT PNT NOOS, Pantalón Mujer, Negro (Black), XS/32","Label":"Title","Locale":"es_ES"}},"Offers":{"Summaries":[{"Condition":{"Value":"New"},"LowestPrice":{"Amount":25.98,"Currency":"EUR","DisplayAmount":"25,98 €"}}]}},{"ASIN":"B011PGKUBG","DetailPageURL":"https://www.amazon.es/dp/B011PGKUBG?tag=topinalambricos-21&linkCode=osi&th=1&psc=1","Images":{"Primary":{"Small":{"Height":75,"URL":"https://m.media-amazon.com/images/I/31RBrBTc5DL._SL75_.jpg","Width":49}}},"ItemInfo":{"ByLineInfo":{"Brand":{"DisplayValue":"Crazy Lover","Label":"Brand","Locale":"es_ES"},"Manufacturer":{"DisplayValue":"Crazy Lover","Label":"Manufacturer","Locale":"es_ES"}},"Title":{"DisplayValue":"Crazy Lover Mujer Sexy Leggins Cuero con Bolsillo Skinny Elástico Pantalón (38, Negro)","Label":"Title","Locale":"es_ES"}},"Offers":{"Summaries":[{"Condition":{"Value":"New"},"LowestPrice":{"Amount":32.9,"Currency":"EUR","DisplayAmount":"32,90 €"}}]}},{"ASIN":"B089WGXFQG","DetailPageURL":"https://www.amazon.es/dp/B089WGXFQG?tag=topinalambricos-21&linkCode=osi&th=1&psc=1","Images":{"Primary":{"Small":{"Height":75,"URL":"https://m.media-amazon.com/images/I/31KBgrEicgL._SL75_.jpg","Width":56}}},"ItemInfo":{"ByLineInfo":{"Brand":{"DisplayValue":"Only","Label":"Brand","Locale":"es_ES"},"Manufacturer":{"DisplayValue":"Only","Label":"Manufacturer","Locale":"es_ES"}},"Title":{"DisplayValue":"Only ONLROYAL HW Coated Button Pant PNT RP Pantalón, Black, L/32 para Mujer","Label":"Title","Locale":"es_ES"}},"Offers":{"Summaries":[{"Condition":{"Value":"New"},"LowestPrice":{"Amount":33.61,"Currency":"EUR","DisplayAmount":"33,61 €"}}]}},{"ASIN":"B06XT1SBN7","DetailPageURL":"https://www.amazon.es/dp/B06XT1SBN7?tag=topinalambricos-21&linkCode=osi&th=1&psc=1","Images":{"Primary":{"Small":{"Height":75,"URL":"https://m.media-amazon.com/images/I/314ofuIgMtL._SL75_.jpg","Width":57}}},"ItemInfo":{"ByLineInfo":{"Brand":{"DisplayValue":"find.","Label":"Brand","Locale":"es_ES"},"Manufacturer":{"DisplayValue":"FIND","Label":"Manufacturer","Locale":"es_ES"}},"Title":{"DisplayValue":"Marca Amazon - find. Pantalones Mujer, Negro, 38, Label: S","Label":"Title","Locale":"es_ES"}},"Offers":{"Summaries":[{"Condition":{"Value":"New"},"LowestPrice":{"Amount":43.5,"Currency":"EUR","DisplayAmount":"43,50 €"}}]}},{"ASIN":"B07TS86Y3F","DetailPageURL":"https://www.amazon.es/dp/B07TS86Y3F?tag=topinalambricos-21&linkCode=osi&th=1&psc=1","Images":{"Primary":{"Small":{"Height":75,"URL":"https://m.media-amazon.com/images/I/31lO5AytcdS._SL75_.jpg","Width":27}}},"ItemInfo":{"ByLineInfo":{"Brand":{"DisplayValue":"Glook","Label":"Brand","Locale":"es_ES"},"Manufacturer":{"DisplayValue":"Glook","Label":"Manufacturer","Locale":"es_ES"}},"Title":{"DisplayValue":"Glook Las Mujeres de Cuero PU Leg Leggings Treggins de Cintura Alta Flaco elástico lápiz Jeggings Leggings Pantalones (40, Botón Negro 3)","Label":"Title","Locale":"es_ES"}},"Offers":{"Summaries":[{"Condition":{"Value":"New"},"LowestPrice":{"Amount":32.9,"Currency":"EUR","DisplayAmount":"32,90 €"}}]}},{"ASIN":"B0B1DT72W9","DetailPageURL":"https://www.amazon.es/dp/B0B1DT72W9?tag=topinalambricos-21&linkCode=osi&th=1&psc=1","Images":{"Primary":{"Small":{"Height":75,"URL":"https://m.media-amazon.com/images/I/31frEjQ9QLL._SL75_.jpg","Width":57}}},"ItemInfo":{"ByLineInfo":{"Brand":{"DisplayValue":"The Drop","Label":"Brand","Locale":"es_ES"},"Manufacturer":{"DisplayValue":"The Drop","Label":"Manufacturer","Locale":"es_ES"}},"Title":{"DisplayValue":"The Drop Pantalón para Mujer, Jack de Cuero Vegano con Pierna Recta, Coffee Bean, 48","Label":"Title","Locale":"es_ES"}},"Offers":{"Summaries":[{"Condition":{"Value":"New"},"LowestPrice":{"Amount":24.97,"Currency":"EUR","DisplayAmount":"24,97 €"}}]}}],"SearchURL":"https://www.amazon.es/s?k=cuero&rh=n%3A3074063031%2Cp_n_availability%3A-1&tag=topinalambricos-21&linkCode=osi","TotalResultCount":855}},"58":{"SearchResult":{"Items":[{"ASIN":"B0B8MZ1QVM","DetailPageURL":"https://www.amazon.es/dp/B0B8MZ1QVM?tag=topinalambricos-21&linkCode=osi&th=1&psc=1","Images":{"Primary":{"Small":{"Height":75,"URL":"https://m.media-amazon.com/images/I/31YRrrREXYL._SL75_.jpg","Width":58}}},"ItemInfo":{"ByLineInfo":{"Brand":{"DisplayValue":"GRACE KARIN","Label":"Brand","Locale":"es_ES"}},"Title":{"DisplayValue":"GRACE KARIN Pantalón Pitillo Mujer Piel con Cinturon Elástico Cintura Alta Ligero para Cigarrillo Imitación Piel Marrón XL","Label":"Title","Locale":"es_ES"}},"Offers":{"Summaries":[{"Condition":{"Value":"New"},"LowestPrice":{"Amount":26.99,"Currency":"EUR","DisplayAmount":"26,99 €"}}]}},{"ASIN":"B07CJXXD15","DetailPageURL":"https://www.amazon.es/dp/B07CJXXD15?tag=topinalambricos-21&linkCode=osi&th=1&psc=1","Images":{"Primary":{"Small":{"Height":75,"URL":"https://m.media-amazon.com/images/I/21pzGiXSHZL._SL75_.jpg","Width":56}}},"ItemInfo":{"ByLineInfo":{"Brand":{"DisplayValue":"Only","Label":"Brand","Locale":"es_ES"},"Manufacturer":{"DisplayValue":"ONLY","Label":"Manufacturer","Locale":"es_ES"}},"Title":{"DisplayValue":"Only Onlroyal HW SK Rock Coated PIM Noos Vaqueros Skinny, Gris (Black), W27/L32 (Talla del Fabricante: Small) para Mujer","Label":"Title","Locale":"es_ES"}},"Offers":{"Summaries":[{"Condition":{"Value":"New"},"LowestPrice":{"Amount":27.58,"Currency":"EUR","DisplayAmount":"27,58 €"}}]}},{"ASIN":"B08L9FV8M6","DetailPageURL":"https://www.amazon.es/dp/B08L9FV8M6?tag=topinalambricos-21&linkCode=osi&th=1&psc=1","Images":{"Primary":{"Small":{"Height":75,"URL":"https://m.media-amazon.com/images/I/31WSBTbAgiL._SL75_.jpg","Width":42}}},"ItemInfo":{"ByLineInfo":{"Brand":{"DisplayValue":"Only","Label":"Brand","Locale":"es_ES"},"Manufacturer":{"DisplayValue":"Bestseller A/S","Label":"Manufacturer","Locale":"es_ES"}},"Title":{"DisplayValue":"Only ONLMISSOURI-NYA REG ANK Cargo Coated PNT Hose, Black, S_32 para Mujer","Label":"Title","Locale":"es_ES"}},"Offers":{"Summaries":[{"Condition":{"Value":"New"},"LowestPrice":{"Amount":23.99,"Currency":"EUR","DisplayAmount":"23,99 €"}}]}},{"ASIN":"B01DP6A91A","DetailPageURL":"https://www.amazon.es/dp/B01DP6A91A?tag=topinalambricos-21&linkCode=osi&th=1&psc=1","Images":{"Primary":{"Small":{"Height":75,"URL":"https://m.media-amazon.com/images/I/31Cxnhhv-VL._SL75_.jpg","Width":58}}},"ItemInfo":{"ByLineInfo":{"Brand":{"DisplayValue":"Vila","Label":"Brand","Locale":"es_ES"},"Manufacturer":{"DisplayValue":"VILA CLOTHES","Label":"Manufacturer","Locale":"es_ES"}},"Title":{"DisplayValue":"Vila Clothes Vicommit RW New Coated-Noos Pantalones, Negro (Black), 38 (Talla del Fabricante: Medium) para Mujer","Label":"Title","Locale":"es_ES"}},"Offers":{"Summaries":[{"Condition":{"Value":"New"},"LowestPrice":{"Amount":30.96,"Currency":"EUR","DisplayAmount":"30,96 €"}}]}},{"ASIN":"B01ETE1P10","DetailPageURL":"https://www.amazon.es/dp/B01ETE1P10?tag=topinalambricos-21&linkCode=osi&th=1&psc=1","Images":{"Primary":{"Small":{"Height":75,"URL":"https://m.media-amazon.com/images/I/31J5iXY3TXL._SL75_.jpg","Width":49}}},"ItemInfo":{"ByLineInfo":{"Brand":{"DisplayValue":"Crazy Lover","Label":"Brand","Locale":"es_ES"},"Manufacturer":{"DisplayValue":"Crazy Lover","Label":"Manufacturer","Locale":"es_ES"}},"Title":{"DisplayValue":"Leggings ajustados para mujer, con aspecto de cuero 36 EU ,S","Label":"Title","Locale":"es_ES"}},"Offers":{"Summaries":[{"Condition":{"Value":"New"},"LowestPrice":{"Amount":32.9,"Currency":"EUR","DisplayAmount":"32,90 €"}}]}},{"ASIN":"B09B5F6VNM","DetailPageURL":"https://www.amazon.es/dp/B09B5F6VNM?tag=topinalambricos-21&linkCode=osi&th=1&psc=1","Images":{"Primary":{"Small":{"Height":75,"URL":"https://m.media-amazon.com/images/I/31Rt7ZPLeHL._SL75_.jpg","Width":49}}},"ItemInfo":{"ByLineInfo":{"Brand":{"DisplayValue":"JOPHY & CO.","Label":"Brand","Locale":"es_ES"}},"Title":{"DisplayValue":"JOPHY & CO. Pantalón de mujer de piel sintética ancha cómoda con bolsillos y cordones (cód. 9827), cuero, XL","Label":"Title","Locale":"es_ES"}},"Offers":{"Summaries":[{"Condition":{"Value":"New"},"LowestPrice":{"Amount":39.5,"Currency":"EUR","DisplayAmount":"39,50 €"}}]}},{"ASIN":"B09QMB397P","DetailPageURL":"https://www.amazon.es/dp/B09QMB397P?tag=topinalambricos-21&linkCode=osi&th=1&psc=1","Images":{"Primary":{"Small":{"Height":75,"URL":"https://m.media-amazon.com/images/I/31t0KMX5H7L._SL75_.jpg","Width":24}}},"ItemInfo":{"ByLineInfo":{"Brand":{"DisplayValue":"SKYWPOJU","Label":"Brand","Locale":"es_ES"},"Manufacturer":{"DisplayValue":"SKYWPOJU","Label":"Manufacturer","Locale":"es_ES"}},"Title":{"DisplayValue":"SKYWPOJU Pantalón Mujer Piel Skinny ecopiel Cuero Efecto Mojado Pitillo Vaquero símil Piel (Color : Blue, Size : M)","Label":"Title","Locale":"es_ES"}},"Offers":{"Summaries":[{"Condition":{"Value":"New"},"LowestPrice":{"Amount":29.01,"Currency":"EUR","DisplayAmount":"29,01 €"}}]}},{"ASIN":"B01J3WL7WA","DetailPageURL":"https://www.amazon.es/dp/B01J3WL7WA?tag=topinalambricos-21&linkCode=osi&th=1&psc=1","Images":{"Primary":{"Small":{"Height":75,"URL":"https://m.media-amazon.com/images/I/31TrtUb5hTL._SL75_.jpg","Width":56}}},"ItemInfo":{"ByLineInfo":{"Brand":{"DisplayValue":"Only","Label":"Brand","Locale":"es_ES"},"Manufacturer":{"DisplayValue":"Only","Label":"Manufacturer","Locale":"es_ES"}},"Title":{"DisplayValue":"ONLY Onlnew Royal Coated Biker Skinny Fit Pantalones, Black, M / 32 para Mujer","Label":"Title","Locale":"es_ES"}},"Offers":{"Summaries":[{"Condition":{"Value":"New"},"LowestPrice":{"Amount":31.4,"Currency":"EUR","DisplayAmount":"31,40 €"}}]}},{"ASIN":"B00X7VM5Q6","DetailPageURL":"https://www.amazon.es/dp/B00X7VM5Q6?tag=topinalambricos-21&linkCode=osi&th=1&psc=1","Images":{"Primary":{"Small":{"Height":75,"URL":"https://m.media-amazon.com/images/I/41ARuWL0evL._SL75_.jpg","Width":49}}},"ItemInfo":{"ByLineInfo":{"Brand":{"DisplayValue":"Vero Moda","Label":"Brand","Locale":"es_ES"},"Manufacturer":{"DisplayValue":"VERO MODA","Label":"Manufacturer","Locale":"es_ES"}},"Title":{"DisplayValue":"Vero Moda Mujer Vmseven Nw S.slim Smooth Coated Pants Pantalones, Negro (Black/Coated), M/32","Label":"Title","Locale":"es_ES"}},"Offers":{"Summaries":[{"Condition":{"Value":"New"},"LowestPrice":{"Amount":24.98,"Currency":"EUR","DisplayAmount":"24,98 €"}}]}},{"ASIN":"B08B64WYXJ","DetailPageURL":"https://www.amazon.es/dp/B08B64WYXJ?tag=topinalambricos-21&linkCode=osi&th=1&psc=1","Images":{"Primary":{"Small":{"Height":75,"URL":"https://m.media-amazon.com/images/I/31Ajbw1hFrL._SL75_.jpg","Width":57}}},"ItemInfo":{"ByLineInfo":{"Brand":{"DisplayValue":"Only","Label":"Brand","Locale":"es_ES"},"Manufacturer":{"DisplayValue":"Only","Label":"Manufacturer","Locale":"es_ES"}},"Title":{"DisplayValue":"Only ONLPOPTRASH Easy Coated Pant PNT Noos Pantalón, Black, XL/34 para Mujer","Label":"Title","Locale":"es_ES"}},"Offers":{"Summaries":[{"Condition":{"Value":"New"},"LowestPrice":{"Amount":25.98,"Currency":"EUR","DisplayAmount":"25,98 €"}}]}}],"SearchURL":"https://www.amazon.es/s?k=cuero+piel&rh=n%3A3074063031%2Cp_n_availability%3A-1&tag=topinalambricos-21&linkCode=osi","TotalResultCount":695}},"59":{"SearchResult":{"Items":[{"ASIN":"B08H4W152R","DetailPageURL":"https://www.amazon.es/dp/B08H4W152R?tag=topinalambricos-21&linkCode=osi&th=1&psc=1","Images":{"Primary":{"Small":{"Height":75,"URL":"https://m.media-amazon.com/images/I/413SYflDj3L._SL75_.jpg","Width":75}}},"ItemInfo":{"ByLineInfo":{"Brand":{"DisplayValue":"Pelisy","Label":"Brand","Locale":"es_ES"}},"Title":{"DisplayValue":"Pantalones Cortos de Piel sintética para Mujer con Aspecto de Piel sintética, Negro, S","Label":"Title","Locale":"es_ES"}},"Offers":{"Summaries":[{"Condition":{"Value":"New"},"LowestPrice":{"Amount":16.99,"Currency":"EUR","DisplayAmount":"16,99 €"}}]}},{"ASIN":"B083SMDP5W","DetailPageURL":"https://www.amazon.es/dp/B083SMDP5W?tag=topinalambricos-21&linkCode=osi&th=1&psc=1","Images":{"Primary":{"Small":{"Height":75,"URL":"https://m.media-amazon.com/images/I/41h2Gfu7LiL._SL75_.jpg","Width":75}}},"ItemInfo":{"ByLineInfo":{"Brand":{"DisplayValue":"Everbellus","Label":"Brand","Locale":"es_ES"}},"Title":{"DisplayValue":"Everbellus Mujeres Cintura Alta Leggins Cuero Pantalones Cortos con Bolsillos y Pernera Ancha Negro XL","Label":"Title","Locale":"es_ES"}},"Offers":{"Summaries":[{"Condition":{"Value":"New"},"LowestPrice":{"Amount":28.99,"Currency":"EUR","DisplayAmount":"28,99 €"}}]}},{"ASIN":"B0B4FNW4XP","DetailPageURL":"https://www.amazon.es/dp/B0B4FNW4XP?tag=topinalambricos-21&linkCode=osi&th=1&psc=1","Images":{"Primary":{"Small":{"Height":75,"URL":"https://m.media-amazon.com/images/I/41u-jULrUPL._SL75_.jpg","Width":75}}},"ItemInfo":{"ByLineInfo":{"Brand":{"DisplayValue":"NUSGEAR","Label":"Brand","Locale":"es_ES"}},"Title":{"DisplayValue":"2022 Mujer Pantalones Cortos de cuero Moda Casual Verano Shorts Moda cordón PU cintura alta Slim Fit Pantalones Cortos Elástico cómodo fiesta Sexy Shorts","Label":"Title","Locale":"es_ES"}},"Offers":{"Summaries":[{"Condition":{"Value":"New"},"LowestPrice":{"Amount":6.98,"Currency":"EUR","DisplayAmount":"6,98 €"}}]}},{"ASIN":"B07QJBCHF2","DetailPageURL":"https://www.amazon.es/dp/B07QJBCHF2?tag=topinalambricos-21&linkCode=osi&th=1&psc=1","Images":{"Primary":{"Small":{"Height":35,"URL":"https://m.media-amazon.com/images/I/31ukwnZlPHL._SL75_.jpg","Width":75}}},"ItemInfo":{"ByLineInfo":{"Brand":{"DisplayValue":"Wamvp","Label":"Brand","Locale":"es_ES"}},"Title":{"DisplayValue":"Wamvp Sexy Pantalones Cortos para Mujer PU Verano Leggins Cuero Elásticos Pantalones Cortos","Label":"Title","Locale":"es_ES"}},"Offers":{"Summaries":[{"Condition":{"Value":"New"},"LowestPrice":{"Amount":15.99,"Currency":"EUR","DisplayAmount":"15,99 €"}}]}},{"ASIN":"B07QRG96TD","DetailPageURL":"https://www.amazon.es/dp/B07QRG96TD?tag=topinalambricos-21&linkCode=osi&th=1&psc=1","Images":{"Primary":{"Small":{"Height":75,"URL":"https://m.media-amazon.com/images/I/31uCIXsGiNL._SL75_.jpg","Width":57}}},"ItemInfo":{"ByLineInfo":{"Brand":{"DisplayValue":"IEFIEL","Label":"Brand","Locale":"es_ES"}},"Title":{"DisplayValue":"IEFIEL Pantalones Cortos Mujer Cuero Baratos Cintura Baja Piel Wetlook Mini Pantalones Cadera Push Up Verano Vestir Color Metálico Clubwear Negro Small","Label":"Title","Locale":"es_ES"}},"Offers":{"Summaries":[{"Condition":{"Value":"New"},"LowestPrice":{"Amount":9.69,"Currency":"EUR","DisplayAmount":"9,69 €"}}]}},{"ASIN":"B075D8H13H","DetailPageURL":"https://www.amazon.es/dp/B075D8H13H?tag=topinalambricos-21&linkCode=osi&th=1&psc=1","Images":{"Primary":{"Small":{"Height":75,"URL":"https://m.media-amazon.com/images/I/41kVZ1jZA3L._SL75_.jpg","Width":49}}},"ItemInfo":{"ByLineInfo":{"Brand":{"DisplayValue":"Zilcremo","Label":"Brand","Locale":"es_ES"}},"Title":{"DisplayValue":"La Mujer Casual Pantalones Cortos De Cuero De La PU Elastico Solido Elegante Plus Size Black S","Label":"Title","Locale":"es_ES"}},"Offers":{"Summaries":[{"Condition":{"Value":"New"},"LowestPrice":{"Amount":34.99,"Currency":"EUR","DisplayAmount":"34,99 €"}}]}},{"ASIN":"B07T67JNX9","DetailPageURL":"https://www.amazon.es/dp/B07T67JNX9?tag=topinalambricos-21&linkCode=osi&th=1&psc=1","Images":{"Primary":{"Small":{"Height":75,"URL":"https://m.media-amazon.com/images/I/41sKaM3kTZL._SL75_.jpg","Width":75}}},"ItemInfo":{"ByLineInfo":{"Brand":{"DisplayValue":"Everbellus","Label":"Brand","Locale":"es_ES"}},"Title":{"DisplayValue":"Everbellus Shorts Mujer Cintura Alta Cuero Pantalones Cortos con Cremallera Lateral Negro Medio","Label":"Title","Locale":"es_ES"}},"Offers":{"Summaries":[{"Condition":{"Value":"New"},"LowestPrice":{"Amount":27.99,"Currency":"EUR","DisplayAmount":"27,99 €"}}]}},{"ASIN":"B07N7T7SNL","DetailPageURL":"https://www.amazon.es/dp/B07N7T7SNL?tag=topinalambricos-21&linkCode=osi&th=1&psc=1","Images":{"Primary":{"Small":{"Height":75,"URL":"https://m.media-amazon.com/images/I/512H11qolJL._SL75_.jpg","Width":75}}},"ItemInfo":{"ByLineInfo":{"Brand":{"DisplayValue":"inlzdz","Label":"Brand","Locale":"es_ES"}},"Title":{"DisplayValue":"inlzdz Mujer Pantalones Cortos de Cuero Bikini Short Wetlook Brillante Pantalón de Danza Cintura Alta Elástica Hot Pants Traje de Discoteca Clubwear A Plateado 1 L","Label":"Title","Locale":"es_ES"}},"Offers":{"Summaries":[{"Condition":{"Value":"New"},"LowestPrice":{"Amount":7.89,"Currency":"EUR","DisplayAmount":"7,89 €"}}]}},{"ASIN":"B085DXZQZ8","DetailPageURL":"https://www.amazon.es/dp/B085DXZQZ8?tag=topinalambricos-21&linkCode=osi&th=1&psc=1","Images":{"Primary":{"Small":{"Height":75,"URL":"https://m.media-amazon.com/images/I/41Oo5Kc60IL._SL75_.jpg","Width":75}}},"ItemInfo":{"ByLineInfo":{"Brand":{"DisplayValue":"riou","Label":"Brand","Locale":"es_ES"}},"Title":{"DisplayValue":"riou Mujeres PU Leggins Cuero Brillante Pantalón Elásticos Pantalones cortos Sexy Verano Vestir de Alta Cintura Elásticos y Transpirables para Yoga Running","Label":"Title","Locale":"es_ES"}},"Offers":{"Summaries":[{"Condition":{"Value":"New"},"LowestPrice":{"Amount":6.02,"Currency":"EUR","DisplayAmount":"6,02 €"}}]}},{"ASIN":"B09QSNX6YY","DetailPageURL":"https://www.amazon.es/dp/B09QSNX6YY?tag=topinalambricos-21&linkCode=osi&th=1&psc=1","Images":{"Primary":{"Small":{"Height":75,"URL":"https://m.media-amazon.com/images/I/418CPq8gHlL._SL75_.jpg","Width":75}}},"ItemInfo":{"ByLineInfo":{"Brand":{"DisplayValue":"ORANDESIGNE","Label":"Brand","Locale":"es_ES"},"Manufacturer":{"DisplayValue":"ORANDESIGNE","Label":"Manufacturer","Locale":"es_ES"}},"Title":{"DisplayValue":"ORANDESIGNE Mujer Pantalones Cortos de Cuero de Imitación Brillante Cintura Alta Push Up Shorts con Apariencia de Cuero PU Pantalones de Piel Sintética Hotpants I Negro M","Label":"Title","Locale":"es_ES"}},"Offers":{"Summaries":[{"Condition":{"Value":"New"},"LowestPrice":{"Amount":28.93,"Currency":"EUR","DisplayAmount":"28,93 €"}}]}}],"SearchURL":"https://www.amazon.es/s?k=short+cuero&rh=n%3A3074062031%2Cp_n_availability%3A-1&tag=topinalambricos-21&linkCode=osi","TotalResultCount":1173}},"60":{"SearchResult":{"Items":[{"ASIN":"B0BCQKB82N","DetailPageURL":"https://www.amazon.es/dp/B0BCQKB82N?tag=topinalambricos-21&linkCode=osi&th=1&psc=1","Images":{"Primary":{"Small":{"Height":75,"URL":"https://m.media-amazon.com/images/I/31K7R7FzupL._SL75_.jpg","Width":75}}},"ItemInfo":{"ByLineInfo":{"Brand":{"DisplayValue":"NUSGEAR","Label":"Brand","Locale":"es_ES"}},"Title":{"DisplayValue":"NUSGEAR 2022 Pantalones de cuero Hombre PU Pantalones Casual Moda Deportivos Running Pants Jogging Pantalon Fitness Gym Slim Fit Pantalones Largos punk gotico moto Ropa de hombre Pantalones","Label":"Title","Locale":"es_ES"}},"Offers":{"Summaries":[{"Condition":{"Value":"New"},"LowestPrice":{"Amount":30.98,"Currency":"EUR","DisplayAmount":"30,98 €"}}]}},{"ASIN":"B09FK11JF7","DetailPageURL":"https://www.amazon.es/dp/B09FK11JF7?tag=topinalambricos-21&linkCode=osi&th=1&psc=1","Images":{"Primary":{"Small":{"Height":75,"URL":"https://m.media-amazon.com/images/I/416aLUcycvL._SL75_.jpg","Width":75}}},"ItemInfo":{"ByLineInfo":{"Brand":{"DisplayValue":"NUSGEAR","Label":"Brand","Locale":"es_ES"}},"Title":{"DisplayValue":"2021 Pantalones para Hombre de cuero Casual Moda trabajo pantalones Pants de moto Talla grande Pantalon Fitness Pantalones Chandal Hombre Largos Pantalones Ropa de hombre Pantalones de Trekking","Label":"Title","Locale":"es_ES"}},"Offers":{"Summaries":[{"Condition":{"Value":"New"},"LowestPrice":{"Amount":28.98,"Currency":"EUR","DisplayAmount":"28,98 €"}}]}},{"ASIN":"B0BCKB8TSM","DetailPageURL":"https://www.amazon.es/dp/B0BCKB8TSM?tag=topinalambricos-21&linkCode=osi&th=1&psc=1","Images":{"Primary":{"Small":{"Height":75,"URL":"https://m.media-amazon.com/images/I/416aLUcycvL._SL75_.jpg","Width":75}}},"ItemInfo":{"ByLineInfo":{"Brand":{"DisplayValue":"NUSGEAR","Label":"Brand","Locale":"es_ES"}},"Title":{"DisplayValue":"2022 Pantalones de cuero Hombre PU Pantalones Casual Moda Deportivos Running Pants Jogging Pantalon Fitness Gym Slim Fit Pantalones Largos punk gotico moto Ropa de hombre Talla grande Pantalones","Label":"Title","Locale":"es_ES"}},"Offers":{"Summaries":[{"Condition":{"Value":"New"},"LowestPrice":{"Amount":35.98,"Currency":"EUR","DisplayAmount":"35,98 €"}}]}},{"ASIN":"B07XMSTH1N","DetailPageURL":"https://www.amazon.es/dp/B07XMSTH1N?tag=topinalambricos-21&linkCode=osi&th=1&psc=1","Images":{"Primary":{"Small":{"Height":75,"URL":"https://m.media-amazon.com/images/I/31BhNdkDgmL._SL75_.jpg","Width":57}}},"ItemInfo":{"ByLineInfo":{"Brand":{"DisplayValue":"Amazon Essentials","Label":"Brand","Locale":"es_ES"},"Manufacturer":{"DisplayValue":"Amazon Essentials","Label":"Manufacturer","Locale":"es_ES"}},"Title":{"DisplayValue":"Amazon Essentials Pantalón Elástico, Ligero y Ajustado Hombre, Piedra, 32W / 30L","Label":"Title","Locale":"es_ES"}},"Offers":{"Summaries":[{"Condition":{"Value":"New"},"LowestPrice":{"Amount":30.4,"Currency":"EUR","DisplayAmount":"30,40 €"}}]}},{"ASIN":"B083JGJMVP","DetailPageURL":"https://www.amazon.es/dp/B083JGJMVP?tag=topinalambricos-21&linkCode=osi&th=1&psc=1","Images":{"Primary":{"Small":{"Height":75,"URL":"https://m.media-amazon.com/images/I/41RNePujPwL._SL75_.jpg","Width":75}}},"ItemInfo":{"ByLineInfo":{"Brand":{"DisplayValue":"NUSGEAR","Label":"Brand","Locale":"es_ES"}},"Title":{"DisplayValue":"VPASS Pantalones para Hombre,Pantalones de Cuero Casuales Moda Deportivos Color Sólido Pants Jogging Pantalon Fitness Gym Slim Fit Pantalones Largos Pantalones Ropa de Hombre Trekking Hombres","Label":"Title","Locale":"es_ES"}},"Offers":{"Summaries":[{"Condition":{"Value":"New"},"LowestPrice":{"Amount":18.98,"Currency":"EUR","DisplayAmount":"18,98 €"}}]}},{"ASIN":"B085GBYVPG","DetailPageURL":"https://www.amazon.es/dp/B085GBYVPG?tag=topinalambricos-21&linkCode=osi&th=1&psc=1","Images":{"Primary":{"Small":{"Height":75,"URL":"https://m.media-amazon.com/images/I/31adV1lldGL._SL75_.jpg","Width":57}}},"ItemInfo":{"ByLineInfo":{"Brand":{"DisplayValue":"Idopy","Label":"Brand","Locale":"es_ES"}},"Title":{"DisplayValue":"Idopy Traje de Fiesta para Hombres Pantalones de Cuero sintético Pantalones de Motociclista","Label":"Title","Locale":"es_ES"}},"Offers":{"Summaries":[{"Condition":{"Value":"New"},"LowestPrice":{"Amount":32.77,"Currency":"EUR","DisplayAmount":"32,77 €"}}]}},{"ASIN":"B0798THVJB","DetailPageURL":"https://www.amazon.es/dp/B0798THVJB?tag=topinalambricos-21&linkCode=osi&th=1&psc=1","Images":{"Primary":{"Small":{"Height":75,"URL":"https://m.media-amazon.com/images/I/3179zyl2bYL._SL75_.jpg","Width":75}}},"ItemInfo":{"ByLineInfo":{"Brand":{"DisplayValue":"Top Totty","Label":"Brand","Locale":"es_ES"}},"Title":{"DisplayValue":"Top Totty Rojo De Imitación De Cuero Hombres Legging Saucy Juego De Roles Dominatrix","Label":"Title","Locale":"es_ES"}},"Offers":{"Summaries":[{"Condition":{"Value":"New"},"LowestPrice":{"Amount":29.1,"Currency":"EUR","DisplayAmount":"29,10 €"}}]}},{"ASIN":"B09C1R9CWX","DetailPageURL":"https://www.amazon.es/dp/B09C1R9CWX?tag=topinalambricos-21&linkCode=osi&th=1&psc=1","Images":{"Primary":{"Small":{"Height":75,"URL":"https://m.media-amazon.com/images/I/31t6wvzbMqL._SL75_.jpg","Width":58}}},"ItemInfo":{"ByLineInfo":{"Brand":{"DisplayValue":"Idopy","Label":"Brand","Locale":"es_ES"}},"Title":{"DisplayValue":"Idopy Men`s Summer Business Thin Slim Fit Vestido de PU Pantalones de Cuero sintético Jeans","Label":"Title","Locale":"es_ES"}},"Offers":{"Summaries":[{"Condition":{"Value":"New"},"LowestPrice":{"Amount":29.0,"Currency":"EUR","DisplayAmount":"29,00 €"}}]}},{"ASIN":"B07JR6ZMKX","DetailPageURL":"https://www.amazon.es/dp/B07JR6ZMKX?tag=topinalambricos-21&linkCode=osi&th=1&psc=1","Images":{"Primary":{"Small":{"Height":75,"URL":"https://m.media-amazon.com/images/I/412BjNmaqlL._SL75_.jpg","Width":60}}},"ItemInfo":{"ByLineInfo":{"Brand":{"DisplayValue":"DianShaoA","Label":"Brand","Locale":"es_ES"}},"Title":{"DisplayValue":"Pantalons De PU Leather para Hombre Pantalones De Cuero Slim Fit Moto Steampunk Hip Hop Biker Pantalón Negro XL","Label":"Title","Locale":"es_ES"}},"Offers":{"Summaries":[{"Condition":{"Value":"New"},"LowestPrice":{"Amount":16.33,"Currency":"EUR","DisplayAmount":"16,33 €"}}]}},{"ASIN":"B08W594JDV","DetailPageURL":"https://www.amazon.es/dp/B08W594JDV?tag=topinalambricos-21&linkCode=osi&th=1&psc=1","Images":{"Primary":{"Small":{"Height":75,"URL":"https://m.media-amazon.com/images/I/31rVpnBuJbL._SL75_.jpg","Width":57}}},"ItemInfo":{"ByLineInfo":{"Brand":{"DisplayValue":"Pioneer","Label":"Brand","Locale":"es_ES"},"Manufacturer":{"DisplayValue":"PIONEER Jeans","Label":"Manufacturer","Locale":"es_ES"}},"Title":{"DisplayValue":"Pioneer Eric Pantaln, Cuero 8005, 33W x 34L para Hombre","Label":"Title","Locale":"es_ES"}},"Offers":{"Summaries":[{"Condition":{"Value":"New"},"LowestPrice":{"Amount":35.94,"Currency":"EUR","DisplayAmount":"35,94 €"}}]}}],"SearchURL":"https://www.amazon.es/s?k=cuero&rh=n%3A3074041031%2Cp_n_availability%3A-1&tag=topinalambricos-21&linkCode=osi","TotalResultCount":245}},"61":{"SearchResult":{"Items":[{"ASIN":"B0829Z5RQG","DetailPageURL":"https://www.amazon.es/dp/B0829Z5RQG?tag=topinalambricos-21&linkCode=osi&th=1&psc=1","Images":{"Primary":{"Small":{"Height":75,"URL":"https://m.media-amazon.com/images/I/41ky-HwNYiL._SL75_.jpg","Width":75}}},"ItemInfo":{"ByLineInfo":{"Brand":{"DisplayValue":"keepmore","Label":"Brand","Locale":"es_ES"}},"Title":{"DisplayValue":"keepmore Pantalones Cargo Cargo de Cuero para Hombres Pantalones de Negocios Pantalones de Cuero Biker","Label":"Title","Locale":"es_ES"}},"Offers":{"Summaries":[{"Condition":{"Value":"New"},"LowestPrice":{"Amount":33.95,"Currency":"EUR","DisplayAmount":"33,95 €"}}]}},{"ASIN":"B07KJWJPNG","DetailPageURL":"https://www.amazon.es/dp/B07KJWJPNG?tag=topinalambricos-21&linkCode=osi&th=1&psc=1","Images":{"Primary":{"Small":{"Height":75,"URL":"https://m.media-amazon.com/images/I/31DQ0RjRy6L._SL75_.jpg","Width":55}}},"ItemInfo":{"ByLineInfo":{"Brand":{"DisplayValue":"Anaisy","Label":"Brand","Locale":"es_ES"}},"Title":{"DisplayValue":"Anaisy Pantalones De Hombre Biker Biker Cuero De Pantalones De PU Pants Cuero Slim Joven Fit Soft Faux Leather Biker Pantalones De Moto Pantalones (Color : Silber, Size : 2XL)","Label":"Title","Locale":"es_ES"}},"Offers":{"Summaries":[{"Condition":{"Value":"New"},"LowestPrice":{"Amount":17.29,"Currency":"EUR","DisplayAmount":"17,29 €"}}]}},{"ASIN":"B07JDHSM9B","DetailPageURL":"https://www.amazon.es/dp/B07JDHSM9B?tag=topinalambricos-21&linkCode=osi&th=1&psc=1","Images":{"Primary":{"Small":{"Height":75,"URL":"https://m.media-amazon.com/images/I/41pMf+WQ9rL._SL75_.jpg","Width":55}}},"ItemInfo":{"ByLineInfo":{"Brand":{"DisplayValue":"Lanceyy","Label":"Brand","Locale":"es_ES"},"Manufacturer":{"DisplayValue":"None","Label":"Manufacturer","Locale":"es_ES"}},"Title":{"DisplayValue":"Pantalones De Hombre Biker Pants De Pantalones Biker Cuero Simple Estilo PU De Cuero Slim Fit Soft Faux Leather Biker Pantalones De Moto Pantalones (Color : Negro, Size : L)","Label":"Title","Locale":"es_ES"}},"Offers":{"Summaries":[{"Condition":{"Value":"New"},"LowestPrice":{"Amount":17.01,"Currency":"EUR","DisplayAmount":"17,01 €"}}]}},{"ASIN":"B07JYC7MTD","DetailPageURL":"https://www.amazon.es/dp/B07JYC7MTD?tag=topinalambricos-21&linkCode=osi&th=1&psc=1","Images":{"Primary":{"Small":{"Height":75,"URL":"https://m.media-amazon.com/images/I/41vCqUa+5XL._SL75_.jpg","Width":60}}},"ItemInfo":{"ByLineInfo":{"Brand":{"DisplayValue":"DianShaoA","Label":"Brand","Locale":"es_ES"}},"Title":{"DisplayValue":"Hombre Hip Hop Biker Moto Pantalones De Cuero Suave Pantalons Casuales Ajustados Pantalón De Motociclista Plateado 3XL","Label":"Title","Locale":"es_ES"}},"Offers":{"Summaries":[{"Condition":{"Value":"New"},"LowestPrice":{"Amount":15.99,"Currency":"EUR","DisplayAmount":"15,99 €"}}]}},{"ASIN":"B07JR6ZMKX","DetailPageURL":"https://www.amazon.es/dp/B07JR6ZMKX?tag=topinalambricos-21&linkCode=osi&th=1&psc=1","Images":{"Primary":{"Small":{"Height":75,"URL":"https://m.media-amazon.com/images/I/412BjNmaqlL._SL75_.jpg","Width":60}}},"ItemInfo":{"ByLineInfo":{"Brand":{"DisplayValue":"DianShaoA","Label":"Brand","Locale":"es_ES"}},"Title":{"DisplayValue":"Pantalons De PU Leather para Hombre Pantalones De Cuero Slim Fit Moto Steampunk Hip Hop Biker Pantalón Negro XL","Label":"Title","Locale":"es_ES"}},"Offers":{"Summaries":[{"Condition":{"Value":"New"},"LowestPrice":{"Amount":16.33,"Currency":"EUR","DisplayAmount":"16,33 €"}}]}},{"ASIN":"B09C1R9CWX","DetailPageURL":"https://www.amazon.es/dp/B09C1R9CWX?tag=topinalambricos-21&linkCode=osi&th=1&psc=1","Images":{"Primary":{"Small":{"Height":75,"URL":"https://m.media-amazon.com/images/I/31t6wvzbMqL._SL75_.jpg","Width":58}}},"ItemInfo":{"ByLineInfo":{"Brand":{"DisplayValue":"Idopy","Label":"Brand","Locale":"es_ES"}},"Title":{"DisplayValue":"Idopy Men`s Summer Business Thin Slim Fit Vestido de PU Pantalones de Cuero sintético Jeans","Label":"Title","Locale":"es_ES"}},"Offers":{"Summaries":[{"Condition":{"Value":"New"},"LowestPrice":{"Amount":29.0,"Currency":"EUR","DisplayAmount":"29,00 €"}}]}},{"ASIN":"B085GBYVPG","DetailPageURL":"https://www.amazon.es/dp/B085GBYVPG?tag=topinalambricos-21&linkCode=osi&th=1&psc=1","Images":{"Primary":{"Small":{"Height":75,"URL":"https://m.media-amazon.com/images/I/31adV1lldGL._SL75_.jpg","Width":57}}},"ItemInfo":{"ByLineInfo":{"Brand":{"DisplayValue":"Idopy","Label":"Brand","Locale":"es_ES"}},"Title":{"DisplayValue":"Idopy Traje de Fiesta para Hombres Pantalones de Cuero sintético Pantalones de Motociclista","Label":"Title","Locale":"es_ES"}},"Offers":{"Summaries":[{"Condition":{"Value":"New"},"LowestPrice":{"Amount":32.77,"Currency":"EUR","DisplayAmount":"32,77 €"}}]}},{"ASIN":"B0BB98CCFM","DetailPageURL":"https://www.amazon.es/dp/B0BB98CCFM?tag=topinalambricos-21&linkCode=osi&th=1&psc=1","Images":{"Primary":{"Small":{"Height":75,"URL":"https://m.media-amazon.com/images/I/31QaOI3VwnL._SL75_.jpg","Width":75}}},"ItemInfo":{"ByLineInfo":{"Brand":{"DisplayValue":"Sliktaa","Label":"Brand","Locale":"es_ES"}},"Title":{"DisplayValue":"Sliktaa Hombre Pantalones de Cuero de Terciopelo Infomel para Clubwear Baile Noche Placer, Negro , 38 W","Label":"Title","Locale":"es_ES"}},"Offers":{"Summaries":[{"Condition":{"Value":"New"},"LowestPrice":{"Amount":35.99,"Currency":"EUR","DisplayAmount":"35,99 €"}}]}},{"ASIN":"B07XT2X4J5","DetailPageURL":"https://www.amazon.es/dp/B07XT2X4J5?tag=topinalambricos-21&linkCode=osi&th=1&psc=1","Images":{"Primary":{"Small":{"Height":75,"URL":"https://m.media-amazon.com/images/I/41sm5n5DQxL._SL75_.jpg","Width":75}}},"ItemInfo":{"ByLineInfo":{"Brand":{"DisplayValue":"Loeay","Label":"Brand","Locale":"es_ES"}},"Title":{"DisplayValue":"Loeay Vaqueros Pitillo para Hombre Vaqueros de Corte Ajustado Agujero Otoño Invierno Plus Terciopelo Hip Hop Biker Punk Streetwear Pantalones de Mezclilla","Label":"Title","Locale":"es_ES"}},"Offers":{"Summaries":[{"Condition":{"Value":"New"},"LowestPrice":{"Amount":36.19,"Currency":"EUR","DisplayAmount":"36,19 €"}}]}},{"ASIN":"B06XGHP8MM","DetailPageURL":"https://www.amazon.es/dp/B06XGHP8MM?tag=topinalambricos-21&linkCode=osi&th=1&psc=1","Images":{"Primary":{"Small":{"Height":75,"URL":"https://m.media-amazon.com/images/I/418z5eHV93L._SL75_.jpg","Width":57}}},"ItemInfo":{"ByLineInfo":{"Brand":{"DisplayValue":"Idopy","Label":"Brand","Locale":"es_ES"}},"Title":{"DisplayValue":"Idopy Hombres `s Negro Slim Fit Soft PU Faux Leather Biker Pants (W30(Cintura 74cm), Negro 1)","Label":"Title","Locale":"es_ES"}},"Offers":{"Summaries":[{"Condition":{"Value":"New"},"LowestPrice":{"Amount":40.99,"Currency":"EUR","DisplayAmount":"40,99 €"}}]}}],"SearchURL":"https://www.amazon.es/s?k=cuero+biker&rh=n%3A3074041031%2Cp_n_availability%3A-1&tag=topinalambricos-21&linkCode=osi","TotalResultCount":135}},"62":{"SearchResult":{"Items":[{"ASIN":"B00X7VM5Q6","DetailPageURL":"https://www.amazon.es/dp/B00X7VM5Q6?tag=topinalambricos-21&linkCode=osi&th=1&psc=1","Images":{"Primary":{"Small":{"Height":75,"URL":"https://m.media-amazon.com/images/I/41ARuWL0evL._SL75_.jpg","Width":49}}},"ItemInfo":{"ByLineInfo":{"Brand":{"DisplayValue":"Vero Moda","Label":"Brand","Locale":"es_ES"},"Manufacturer":{"DisplayValue":"VERO MODA","Label":"Manufacturer","Locale":"es_ES"}},"Title":{"DisplayValue":"Vero Moda Mujer Vmseven Nw S.slim Smooth Coated Pants Pantalones, Negro (Black/Coated), M/32","Label":"Title","Locale":"es_ES"}},"Offers":{"Summaries":[{"Condition":{"Value":"New"},"LowestPrice":{"Amount":24.98,"Currency":"EUR","DisplayAmount":"24,98 €"}}]}},{"ASIN":"B09NDQF1NL","DetailPageURL":"https://www.amazon.es/dp/B09NDQF1NL?tag=topinalambricos-21&linkCode=osi&th=1&psc=1","Images":{"Primary":{"Small":{"Height":75,"URL":"https://m.media-amazon.com/images/I/31QuIINYhsL._SL75_.jpg","Width":75}}},"ItemInfo":{"ByLineInfo":{"Brand":{"DisplayValue":"ORANDESIGNE","Label":"Brand","Locale":"es_ES"}},"Title":{"DisplayValue":"ORANDESIGNE Pantalones de Cuero Sintético para Mujer de Cintura Alta Sexy Pantalones de Cuero Imitación Góticos Punk Y2K Streetwear Pantalones Recto de Ajuste Delgado Ropa de Club C Marrón XL","Label":"Title","Locale":"es_ES"}},"Offers":{"Summaries":[{"Condition":{"Value":"New"},"LowestPrice":{"Amount":18.53,"Currency":"EUR","DisplayAmount":"18,53 €"}}]}},{"ASIN":"B07TJ9GGDP","DetailPageURL":"https://www.amazon.es/dp/B07TJ9GGDP?tag=topinalambricos-21&linkCode=osi&th=1&psc=1","Images":{"Primary":{"Small":{"Height":75,"URL":"https://m.media-amazon.com/images/I/31+X7TbBBRL._SL75_.jpg","Width":26}}},"ItemInfo":{"ByLineInfo":{"Brand":{"DisplayValue":"Urban Classics","Label":"Brand","Locale":"es_ES"},"Manufacturer":{"DisplayValue":"Urban Classics","Label":"Manufacturer","Locale":"es_ES"}},"Title":{"DisplayValue":"Urban Classics Ladies Faux Leather High Waist Leggings, Leggings Mujer, Negro (Black 00007), 40 (Talla del fabricante: Medium)","Label":"Title","Locale":"es_ES"}},"Offers":{"Summaries":[{"Condition":{"Value":"New"},"LowestPrice":{"Amount":23.09,"Currency":"EUR","DisplayAmount":"23,09 €"}}]}},{"ASIN":"B07DJQZFMC","DetailPageURL":"https://www.amazon.es/dp/B07DJQZFMC?tag=topinalambricos-21&linkCode=osi&th=1&psc=1","Images":{"Primary":{"Small":{"Height":75,"URL":"https://m.media-amazon.com/images/I/31pbYITuQrL._SL75_.jpg","Width":51}}},"ItemInfo":{"ByLineInfo":{"Brand":{"DisplayValue":"FITTOO","Label":"Brand","Locale":"es_ES"}},"Title":{"DisplayValue":"FITTOO PU Leggings Cuero Imitación Pantalón Elásticos Cintura Alta Push Up para Mujer #1 Bolsillo Falso Poca Terciopelo Negro L","Label":"Title","Locale":"es_ES"}},"Offers":{"Summaries":[{"Condition":{"Value":"New"},"LowestPrice":{"Amount":27.99,"Currency":"EUR","DisplayAmount":"27,99 €"}}]}},{"ASIN":"B015IO2X98","DetailPageURL":"https://www.amazon.es/dp/B015IO2X98?tag=topinalambricos-21&linkCode=osi&th=1&psc=1","Images":{"Primary":{"Small":{"Height":75,"URL":"https://m.media-amazon.com/images/I/31mMMQSWvnL._SL75_.jpg","Width":44}}},"ItemInfo":{"ByLineInfo":{"Brand":{"DisplayValue":"Everbellus","Label":"Brand","Locale":"es_ES"},"Manufacturer":{"DisplayValue":"Everbellus","Label":"Manufacturer","Locale":"es_ES"}},"Title":{"DisplayValue":"Everbellus Mujeres PU Leggins Cuero Skinny Elásticos Pantalones Negro L","Label":"Title","Locale":"es_ES"}},"Offers":{"Summaries":[{"Condition":{"Value":"New"},"LowestPrice":{"Amount":23.99,"Currency":"EUR","DisplayAmount":"23,99 €"}}]}},{"ASIN":"B06XSW4YJW","DetailPageURL":"https://www.amazon.es/dp/B06XSW4YJW?tag=topinalambricos-21&linkCode=osi&th=1&psc=1","Images":{"Primary":{"Small":{"Height":75,"URL":"https://m.media-amazon.com/images/I/314ofuIgMtL._SL75_.jpg","Width":57}}},"ItemInfo":{"ByLineInfo":{"Brand":{"DisplayValue":"find.","Label":"Brand","Locale":"es_ES"},"Manufacturer":{"DisplayValue":"FIND","Label":"Manufacturer","Locale":"es_ES"}},"Title":{"DisplayValue":"Marca Amazon - find. Pantalones Mujer, Negro, 40, Label: M","Label":"Title","Locale":"es_ES"}},"Offers":{"Summaries":[{"Condition":{"Value":"New"},"LowestPrice":{"Amount":43.5,"Currency":"EUR","DisplayAmount":"43,50 €"}}]}},{"ASIN":"B08QXB33NZ","DetailPageURL":"https://www.amazon.es/dp/B08QXB33NZ?tag=topinalambricos-21&linkCode=osi&th=1&psc=1","Images":{"Primary":{"Small":{"Height":75,"URL":"https://m.media-amazon.com/images/I/31VLxDOFdSL._SL75_.jpg","Width":44}}},"ItemInfo":{"ByLineInfo":{"Brand":{"DisplayValue":"Fashion Design","Label":"Brand","Locale":"es_ES"}},"Title":{"DisplayValue":"Fashion Design Wetlook - Mallas térmicas para mujer, burdeos, S-M","Label":"Title","Locale":"es_ES"}},"Offers":{"Summaries":[{"Condition":{"Value":"New"},"LowestPrice":{"Amount":17.95,"Currency":"EUR","DisplayAmount":"17,95 €"}}]}},{"ASIN":"B01MTQY4L4","DetailPageURL":"https://www.amazon.es/dp/B01MTQY4L4?tag=topinalambricos-21&linkCode=osi&th=1&psc=1","Images":{"Primary":{"Small":{"Height":75,"URL":"https://m.media-amazon.com/images/I/41ARuWL0evL._SL75_.jpg","Width":49}}},"ItemInfo":{"ByLineInfo":{"Brand":{"DisplayValue":"Vero Moda","Label":"Brand","Locale":"es_ES"},"Manufacturer":{"DisplayValue":"VERO MODA","Label":"Manufacturer","Locale":"es_ES"}},"Title":{"DisplayValue":"Vero Moda Vmseven NW SS Smooth Pants Noos Pantalones, Negro (Black/Coated), L / 30L para Mujer","Label":"Title","Locale":"es_ES"}},"Offers":{"Summaries":[{"Condition":{"Value":"New"},"LowestPrice":{"Amount":24.98,"Currency":"EUR","DisplayAmount":"24,98 €"}}]}},{"ASIN":"B07CJHCC1K","DetailPageURL":"https://www.amazon.es/dp/B07CJHCC1K?tag=topinalambricos-21&linkCode=osi&th=1&psc=1","Images":{"Primary":{"Small":{"Height":75,"URL":"https://m.media-amazon.com/images/I/31G64pJd7US._SL75_.jpg","Width":57}}},"ItemInfo":{"ByLineInfo":{"Brand":{"DisplayValue":"Only","Label":"Brand","Locale":"es_ES"},"Manufacturer":{"DisplayValue":"ONLY","Label":"Manufacturer","Locale":"es_ES"}},"Title":{"DisplayValue":"ONLY Onlanne Mid Coated Skinny Fit Jeans, Black, 29W / 34L para Mujer","Label":"Title","Locale":"es_ES"}},"Offers":{"Summaries":[{"Condition":{"Value":"New"},"LowestPrice":{"Amount":28.63,"Currency":"EUR","DisplayAmount":"28,63 €"}}]}},{"ASIN":"B07XZGYR9N","DetailPageURL":"https://www.amazon.es/dp/B07XZGYR9N?tag=topinalambricos-21&linkCode=osi&th=1&psc=1","Images":{"Primary":{"Small":{"Height":75,"URL":"https://m.media-amazon.com/images/I/419760gs3vL._SL75_.jpg","Width":75}}},"ItemInfo":{"ByLineInfo":{"Brand":{"DisplayValue":"Keybella","Label":"Brand","Locale":"es_ES"}},"Title":{"DisplayValue":"Keybella Leggings de piel sintética de cintura alta para mujer, Negro , L","Label":"Title","Locale":"es_ES"}},"Offers":{"Summaries":[{"Condition":{"Value":"New"},"LowestPrice":{"Amount":11.49,"Currency":"EUR","DisplayAmount":"11,49 €"}}]}}],"SearchURL":"https://www.amazon.es/s?k=pantalones+efecto+cuero&rh=p_n_availability%3A-1&tag=topinalambricos-21&linkCode=osi","TotalResultCount":306}},"63":{"SearchResult":{"Items":[{"ASIN":"B07NJ6NG3P","DetailPageURL":"https://www.amazon.es/dp/B07NJ6NG3P?tag=topinalambricos-21&linkCode=osi&th=1&psc=1","Images":{"Primary":{"Small":{"Height":75,"URL":"https://m.media-amazon.com/images/I/313i8TQTcyL._SL75_.jpg","Width":49}}},"ItemInfo":{"ByLineInfo":{"Brand":{"DisplayValue":"Glook","Label":"Brand","Locale":"es_ES"},"Manufacturer":{"DisplayValue":"Glook","Label":"Manufacturer","Locale":"es_ES"}},"Title":{"DisplayValue":"Glook Las Mujeres de Cuero PU Leg Leggings Treggins de Cintura Alta Flaco elástico lápiz Jeggings Leggings Pantalones (40, Roja)","Label":"Title","Locale":"es_ES"}},"Offers":{"Summaries":[{"Condition":{"Value":"New"},"LowestPrice":{"Amount":32.9,"Currency":"EUR","DisplayAmount":"32,90 €"}}]}},{"ASIN":"B01ETE1P10","DetailPageURL":"https://www.amazon.es/dp/B01ETE1P10?tag=topinalambricos-21&linkCode=osi&th=1&psc=1","Images":{"Primary":{"Small":{"Height":75,"URL":"https://m.media-amazon.com/images/I/31J5iXY3TXL._SL75_.jpg","Width":49}}},"ItemInfo":{"ByLineInfo":{"Brand":{"DisplayValue":"Crazy Lover","Label":"Brand","Locale":"es_ES"},"Manufacturer":{"DisplayValue":"Crazy Lover","Label":"Manufacturer","Locale":"es_ES"}},"Title":{"DisplayValue":"Leggings ajustados para mujer, con aspecto de cuero 36 EU ,S","Label":"Title","Locale":"es_ES"}},"Offers":{"Summaries":[{"Condition":{"Value":"New"},"LowestPrice":{"Amount":32.9,"Currency":"EUR","DisplayAmount":"32,90 €"}}]}},{"ASIN":"B0B7NRVH7B","DetailPageURL":"https://www.amazon.es/dp/B0B7NRVH7B?tag=topinalambricos-21&linkCode=osi&th=1&psc=1","Images":{"Primary":{"Small":{"Height":75,"URL":"https://m.media-amazon.com/images/I/31TNcyZKB4L._SL75_.jpg","Width":54}}},"ItemInfo":{"ByLineInfo":{"Brand":{"DisplayValue":"Navneet","Label":"Brand","Locale":"es_ES"},"Manufacturer":{"DisplayValue":"Navneet","Label":"Manufacturer","Locale":"es_ES"}},"Title":{"DisplayValue":"Navneet Leggins Cuero Leggings Mujer Push Up Cintura Alta Pantalones Elasticos Leggins Termicos Invierno Disfraz Halloween, D1 Rojo, M","Label":"Title","Locale":"es_ES"}},"Offers":{"Summaries":[{"Condition":{"Value":"New"},"LowestPrice":{"Amount":22.99,"Currency":"EUR","DisplayAmount":"22,99 €"}}]}},{"ASIN":"B01LX4K9F4","DetailPageURL":"https://www.amazon.es/dp/B01LX4K9F4?tag=topinalambricos-21&linkCode=osi&th=1&psc=1","Images":{"Primary":{"Small":{"Height":75,"URL":"https://m.media-amazon.com/images/I/31i0-CazS5L._SL75_.jpg","Width":49}}},"ItemInfo":{"ByLineInfo":{"Brand":{"DisplayValue":"Crazy Lover","Label":"Brand","Locale":"es_ES"},"Manufacturer":{"DisplayValue":"Crazy Lover","Label":"Manufacturer","Locale":"es_ES"}},"Title":{"DisplayValue":"Crazy Lover Mujer Sexy Leggins Cuero con Bolsillo Skinny Elástico Pantalón (38, Biker Borgoña)","Label":"Title","Locale":"es_ES"}},"Offers":{"Summaries":[{"Condition":{"Value":"New"},"LowestPrice":{"Amount":32.9,"Currency":"EUR","DisplayAmount":"32,90 €"}}]}},{"ASIN":"B095YVB3YC","DetailPageURL":"https://www.amazon.es/dp/B095YVB3YC?tag=topinalambricos-21&linkCode=osi&th=1&psc=1","Images":{"Primary":{"Small":{"Height":75,"URL":"https://m.media-amazon.com/images/I/31910JMoYfS._SL75_.jpg","Width":56}}},"ItemInfo":{"ByLineInfo":{"Brand":{"DisplayValue":"Onsoyours","Label":"Brand","Locale":"es_ES"}},"Title":{"DisplayValue":"Onsoyours Leggings De PU Cuero Mujeres Cintura Alta Delgados Elástico Pantalón Imitación Cuero Pantalones Pantalón Clásico De Piel Sintética con Pantalón Acampanado para Mujer Vino Tinto XS","Label":"Title","Locale":"es_ES"}},"Offers":{"Summaries":[{"Condition":{"Value":"New"},"LowestPrice":{"Amount":14.99,"Currency":"EUR","DisplayAmount":"14,99 €"}}]}},{"ASIN":"B0B855RSG7","DetailPageURL":"https://www.amazon.es/dp/B0B855RSG7?tag=topinalambricos-21&linkCode=osi&th=1&psc=1","Images":{"Primary":{"Small":{"Height":75,"URL":"https://m.media-amazon.com/images/I/31D1DqfseWL._SL75_.jpg","Width":75}}},"ItemInfo":{"ByLineInfo":{"Brand":{"DisplayValue":"MJGkhiy","Label":"Brand","Locale":"es_ES"},"Manufacturer":{"DisplayValue":"MJGkhiy","Label":"Manufacturer","Locale":"es_ES"}},"Title":{"DisplayValue":"Pantalones de mujer de otoño e invierno pantalones de cuero sintético sólido con botones cintura pantalones pantalones casuales de caza pantalones de cuero, rojo, XL","Label":"Title","Locale":"es_ES"}},"Offers":{"Summaries":[{"Condition":{"Value":"New"},"LowestPrice":{"Amount":22.61,"Currency":"EUR","DisplayAmount":"22,61 €"}}]}},{"ASIN":"B074KHG9J3","DetailPageURL":"https://www.amazon.es/dp/B074KHG9J3?tag=topinalambricos-21&linkCode=osi&th=1&psc=1","Images":{"Primary":{"Small":{"Height":75,"URL":"https://m.media-amazon.com/images/I/41J0OchzrML._SL75_.jpg","Width":55}}},"ItemInfo":{"ByLineInfo":{"Brand":{"DisplayValue":"Schöneberger Trachten Couture","Label":"Brand","Locale":"es_ES"}},"Title":{"DisplayValue":"Pantalones de Cuero para Damas Hannah Corto con cinturón Tradicional - Hotpants Pantalones de Cuero Tradicional cinturón Rojo Oscuro (36, Rojo)","Label":"Title","Locale":"es_ES"}},"Offers":{"Summaries":[{"Condition":{"Value":"New"},"LowestPrice":{"Amount":599.0,"Currency":"EUR","DisplayAmount":"599,00 €"}}]}},{"ASIN":"B078VGJ195","DetailPageURL":"https://www.amazon.es/dp/B078VGJ195?tag=topinalambricos-21&linkCode=osi&th=1&psc=1","Images":{"Primary":{"Small":{"Height":75,"URL":"https://m.media-amazon.com/images/I/31Fj3UjtkNL._SL75_.jpg","Width":57}}},"ItemInfo":{"ByLineInfo":{"Brand":{"DisplayValue":"find.","Label":"Brand","Locale":"es_ES"},"Manufacturer":{"DisplayValue":"FIND","Label":"Manufacturer","Locale":"es_ES"}},"Title":{"DisplayValue":"FIND Pu Coated, Pantalones Mujer, Rojo (Cranberry), 46 (Talla del fabricante: XX-Large)","Label":"Title","Locale":"es_ES"}},"Offers":{"Summaries":[{"Condition":{"Value":"New"},"LowestPrice":{"Amount":43.5,"Currency":"EUR","DisplayAmount":"43,50 €"}}]}},{"ASIN":"B00X7VM5RA","DetailPageURL":"https://www.amazon.es/dp/B00X7VM5RA?tag=topinalambricos-21&linkCode=osi&th=1&psc=1","Images":{"Primary":{"Small":{"Height":75,"URL":"https://m.media-amazon.com/images/I/41ARuWL0evL._SL75_.jpg","Width":49}}},"ItemInfo":{"ByLineInfo":{"Brand":{"DisplayValue":"Vero Moda","Label":"Brand","Locale":"es_ES"},"Manufacturer":{"DisplayValue":"VERO MODA","Label":"Manufacturer","Locale":"es_ES"}},"Title":{"DisplayValue":"Vero Moda Mujer Vmseven Nw S.slim Smooth Coated Pants Pantalones, Negro (Black/Coated), XL / 34L","Label":"Title","Locale":"es_ES"}},"Offers":{"Summaries":[{"Condition":{"Value":"New"},"LowestPrice":{"Amount":24.98,"Currency":"EUR","DisplayAmount":"24,98 €"}}]}},{"ASIN":"B093QFB86Q","DetailPageURL":"https://www.amazon.es/dp/B093QFB86Q?tag=topinalambricos-21&linkCode=osi&th=1&psc=1","Images":{"Primary":{"Small":{"Height":75,"URL":"https://m.media-amazon.com/images/I/31FWTe7xoKL._SL75_.jpg","Width":57}}},"ItemInfo":{"ByLineInfo":{"Brand":{"DisplayValue":"BOSS","Label":"Brand","Locale":"es_ES"},"Manufacturer":{"DisplayValue":"HUGO BOSS","Label":"Manufacturer","Locale":"es_ES"}},"Title":{"DisplayValue":"BOSS C_teruna Pantalón de Vestir, Rojo Oscuro, 42 para Mujer","Label":"Title","Locale":"es_ES"}},"Offers":{"Summaries":[{"Condition":{"Value":"New"},"LowestPrice":{"Amount":159.95,"Currency":"EUR","DisplayAmount":"159,95 €"}}]}}],"SearchURL":"https://www.amazon.es/s?k=cuero+rojo&rh=n%3A3074063031%2Cp_n_availability%3A-1&tag=topinalambricos-21&linkCode=osi","TotalResultCount":735}},"64":{"SearchResult":{"Items":[{"ASIN":"B08B63LGRB","DetailPageURL":"https://www.amazon.es/dp/B08B63LGRB?tag=topinalambricos-21&linkCode=osi&th=1&psc=1","Images":{"Primary":{"Small":{"Height":75,"URL":"https://m.media-amazon.com/images/I/319oCp5hthL._SL75_.jpg","Width":57}}},"ItemInfo":{"ByLineInfo":{"Brand":{"DisplayValue":"Only","Label":"Brand","Locale":"es_ES"},"Manufacturer":{"DisplayValue":"Only","Label":"Manufacturer","Locale":"es_ES"}},"Title":{"DisplayValue":"ONLY ONLPOPTRASH EASY COATED PANT PNT NOOS, Pantalón Mujer, Negro (Black), XS/32","Label":"Title","Locale":"es_ES"}},"Offers":{"Summaries":[{"Condition":{"Value":"New"},"LowestPrice":{"Amount":25.98,"Currency":"EUR","DisplayAmount":"25,98 €"}}]}},{"ASIN":"B089WH41DQ","DetailPageURL":"https://www.amazon.es/dp/B089WH41DQ?tag=topinalambricos-21&linkCode=osi&th=1&psc=1","Images":{"Primary":{"Small":{"Height":75,"URL":"https://m.media-amazon.com/images/I/31rPyUWFCyL._SL75_.jpg","Width":57}}},"ItemInfo":{"ByLineInfo":{"Brand":{"DisplayValue":"Only","Label":"Brand","Locale":"es_ES"},"Manufacturer":{"DisplayValue":"Only","Label":"Manufacturer","Locale":"es_ES"}},"Title":{"DisplayValue":"Only ONLROYAL HW Coated Button Pant PNT RP Pantalón, Black, M/32 para Mujer","Label":"Title","Locale":"es_ES"}},"Offers":{"Summaries":[{"Condition":{"Value":"New"},"LowestPrice":{"Amount":21.37,"Currency":"EUR","DisplayAmount":"21,37 €"}}]}},{"ASIN":"B089PTW5LH","DetailPageURL":"https://www.amazon.es/dp/B089PTW5LH?tag=topinalambricos-21&linkCode=osi&th=1&psc=1","Images":{"Primary":{"Small":{"Height":75,"URL":"https://m.media-amazon.com/images/I/31BRakglBcL._SL75_.jpg","Width":57}}},"ItemInfo":{"ByLineInfo":{"Brand":{"DisplayValue":"JDY","Label":"Brand","Locale":"es_ES"},"Manufacturer":{"DisplayValue":"Bestseler A/S","Label":"Manufacturer","Locale":"es_ES"}},"Title":{"DisplayValue":"JDY geggo New Long Pant Jrs Noos Pantalones, Negro, Large/34 para Mujer","Label":"Title","Locale":"es_ES"}},"Offers":{"Summaries":[{"Condition":{"Value":"New"},"LowestPrice":{"Amount":18.51,"Currency":"EUR","DisplayAmount":"18,51 €"}}]}},{"ASIN":"B00X7VM5Q6","DetailPageURL":"https://www.amazon.es/dp/B00X7VM5Q6?tag=topinalambricos-21&linkCode=osi&th=1&psc=1","Images":{"Primary":{"Small":{"Height":75,"URL":"https://m.media-amazon.com/images/I/41ARuWL0evL._SL75_.jpg","Width":49}}},"ItemInfo":{"ByLineInfo":{"Brand":{"DisplayValue":"Vero Moda","Label":"Brand","Locale":"es_ES"},"Manufacturer":{"DisplayValue":"VERO MODA","Label":"Manufacturer","Locale":"es_ES"}},"Title":{"DisplayValue":"Vero Moda Mujer Vmseven Nw S.slim Smooth Coated Pants Pantalones, Negro (Black/Coated), M/32","Label":"Title","Locale":"es_ES"}},"Offers":{"Summaries":[{"Condition":{"Value":"New"},"LowestPrice":{"Amount":24.98,"Currency":"EUR","DisplayAmount":"24,98 €"}}]}},{"ASIN":"B07VW8MBLF","DetailPageURL":"https://www.amazon.es/dp/B07VW8MBLF?tag=topinalambricos-21&linkCode=osi&th=1&psc=1","Images":{"Primary":{"Small":{"Height":75,"URL":"https://m.media-amazon.com/images/I/31vpYoqU2WL._SL75_.jpg","Width":56}}},"ItemInfo":{"ByLineInfo":{"Brand":{"DisplayValue":"Only","Label":"Brand","Locale":"es_ES"},"Manufacturer":{"DisplayValue":"ONLY NOS","Label":"Manufacturer","Locale":"es_ES"}},"Title":{"DisplayValue":"Only Onlfhush Mid SK ANK Coat BB Bj14019 Noos Pantalones, Negro (Black), L/30L para Mujer","Label":"Title","Locale":"es_ES"}},"Offers":{"Summaries":[{"Condition":{"Value":"New"},"LowestPrice":{"Amount":45.99,"Currency":"EUR","DisplayAmount":"45,99 €"}}]}},{"ASIN":"B082KHVXQ1","DetailPageURL":"https://www.amazon.es/dp/B082KHVXQ1?tag=topinalambricos-21&linkCode=osi&th=1&psc=1","Images":{"Primary":{"Small":{"Height":75,"URL":"https://m.media-amazon.com/images/I/31G-RGXP36L._SL75_.jpg","Width":56}}},"ItemInfo":{"ByLineInfo":{"Brand":{"DisplayValue":"Only","Label":"Brand","Locale":"es_ES"},"Manufacturer":{"DisplayValue":"ONLY","Label":"Manufacturer","Locale":"es_ES"}},"Title":{"DisplayValue":"Only ONLPOPTRASH YO PU Easy Paperbag PNT Pantalón, Black, XL/32 para Mujer","Label":"Title","Locale":"es_ES"}},"Offers":{"Summaries":[{"Condition":{"Value":"New"},"LowestPrice":{"Amount":15.32,"Currency":"EUR","DisplayAmount":"15,32 €"}}]}},{"ASIN":"B09XVC73KD","DetailPageURL":"https://www.amazon.es/dp/B09XVC73KD?tag=topinalambricos-21&linkCode=osi&th=1&psc=1","Images":{"Primary":{"Small":{"Height":75,"URL":"https://m.media-amazon.com/images/I/31BWTxph4rL._SL75_.jpg","Width":57}}},"ItemInfo":{"ByLineInfo":{"Brand":{"DisplayValue":"Jack & Jones","Label":"Brand","Locale":"es_ES"},"Manufacturer":{"DisplayValue":"Bestseller A/S","Label":"Manufacturer","Locale":"es_ES"}},"Title":{"DisplayValue":"Jack & Jones Jjxx Jxkenya HW Straight-Pantalones de Piel sintética, Negro. Detalles: Brillante-Largo, L para Mujer","Label":"Title","Locale":"es_ES"}},"Offers":{"Summaries":[{"Condition":{"Value":"New"},"LowestPrice":{"Amount":46.99,"Currency":"EUR","DisplayAmount":"46,99 €"}}]}},{"ASIN":"B089Q8SR2N","DetailPageURL":"https://www.amazon.es/dp/B089Q8SR2N?tag=topinalambricos-21&linkCode=osi&th=1&psc=1","Images":{"Primary":{"Small":{"Height":75,"URL":"https://m.media-amazon.com/images/I/31rulNM87mL._SL75_.jpg","Width":56}}},"ItemInfo":{"ByLineInfo":{"Brand":{"DisplayValue":"JDY","Label":"Brand","Locale":"es_ES"},"Manufacturer":{"DisplayValue":"JdY","Label":"Manufacturer","Locale":"es_ES"}},"Title":{"DisplayValue":"JDY JDYNEWTHUNDER Coated REG SKN PNT Noos Pantalón, Black, XS 30 para Mujer","Label":"Title","Locale":"es_ES"}},"Offers":{"Summaries":[{"Condition":{"Value":"New"},"LowestPrice":{"Amount":21.98,"Currency":"EUR","DisplayAmount":"21,98 €"}}]}},{"ASIN":"B0B7MXPQMK","DetailPageURL":"https://www.amazon.es/dp/B0B7MXPQMK?tag=topinalambricos-21&linkCode=osi&th=1&psc=1","Images":{"Primary":{"Small":{"Height":75,"URL":"https://m.media-amazon.com/images/I/31dMqV4Q6RL._SL75_.jpg","Width":48}}},"ItemInfo":{"ByLineInfo":{"Brand":{"DisplayValue":"Navneet","Label":"Brand","Locale":"es_ES"},"Manufacturer":{"DisplayValue":"Navneet","Label":"Manufacturer","Locale":"es_ES"}},"Title":{"DisplayValue":"Navneet Leggins Cuero Leggings Mujer Push Up Cintura Alta Pantalones Elasticos Leggins Termicos Invierno Disfraz Halloween, C1 Negro, XL","Label":"Title","Locale":"es_ES"}},"Offers":{"Summaries":[{"Condition":{"Value":"New"},"LowestPrice":{"Amount":19.99,"Currency":"EUR","DisplayAmount":"19,99 €"}}]}},{"ASIN":"B07TB4R8CP","DetailPageURL":"https://www.amazon.es/dp/B07TB4R8CP?tag=topinalambricos-21&linkCode=osi&th=1&psc=1","Images":{"Primary":{"Small":{"Height":75,"URL":"https://m.media-amazon.com/images/I/31VmDHH2i7L._SL75_.jpg","Width":57}}},"ItemInfo":{"ByLineInfo":{"Brand":{"DisplayValue":"Vero Moda","Label":"Brand","Locale":"es_ES"},"Manufacturer":{"DisplayValue":"Vero Moda","Label":"Manufacturer","Locale":"es_ES"}},"Title":{"DisplayValue":"Vero Moda Vmeva Mr Loose String Coated Pnt Ga Noos Pantalones, Negro (Black), XL para Mujer","Label":"Title","Locale":"es_ES"}},"Offers":{"Summaries":[{"Condition":{"Value":"New"},"LowestPrice":{"Amount":28.98,"Currency":"EUR","DisplayAmount":"28,98 €"}}]}}],"SearchURL":"https://www.amazon.es/s?k=cuero+negro&rh=n%3A3074063031%2Cp_n_availability%3A-1&tag=topinalambricos-21&linkCode=osi","TotalResultCount":789}},"65":{"SearchResult":{"Items":[{"ASIN":"B09BZFDDV8","DetailPageURL":"https://www.amazon.es/dp/B09BZFDDV8?tag=topinalambricos-21&linkCode=osi&th=1&psc=1","Images":{"Primary":{"Small":{"Height":75,"URL":"https://m.media-amazon.com/images/I/312aaSzpRSL._SL75_.jpg","Width":75}}},"ItemInfo":{"ByLineInfo":{"Brand":{"DisplayValue":"SOGNO D'ORO","Label":"Brand","Locale":"es_ES"}},"Title":{"DisplayValue":"SOGNO D'ORO Leggings Cuero para Mujer Pantalones Medias de Cuero de imitación Pantalones de Cuero Sexy Pantalones de PU elásticos de Cintura Alta Ajustados Sexy","Label":"Title","Locale":"es_ES"}},"Offers":{"Summaries":[{"Condition":{"Value":"New"},"LowestPrice":{"Amount":24.99,"Currency":"EUR","DisplayAmount":"24,99 €"}}]}},{"ASIN":"B0B7MPF5KY","DetailPageURL":"https://www.amazon.es/dp/B0B7MPF5KY?tag=topinalambricos-21&linkCode=osi&th=1&psc=1","Images":{"Primary":{"Small":{"Height":75,"URL":"https://m.media-amazon.com/images/I/31y2Sd6TnuL._SL75_.jpg","Width":54}}},"ItemInfo":{"ByLineInfo":{"Brand":{"DisplayValue":"Navneet","Label":"Brand","Locale":"es_ES"},"Manufacturer":{"DisplayValue":"Navneet","Label":"Manufacturer","Locale":"es_ES"}},"Title":{"DisplayValue":"Navneet Leggins Cuero Leggings Mujer Push Up Cintura Alta Pantalones Elasticos Leggins Termicos Invierno Disfraz Halloween, B1 Negro Mate, M","Label":"Title","Locale":"es_ES"}}},{"ASIN":"B015IO2X98","DetailPageURL":"https://www.amazon.es/dp/B015IO2X98?tag=topinalambricos-21&linkCode=osi&th=1&psc=1","Images":{"Primary":{"Small":{"Height":75,"URL":"https://m.media-amazon.com/images/I/31mMMQSWvnL._SL75_.jpg","Width":44}}},"ItemInfo":{"ByLineInfo":{"Brand":{"DisplayValue":"Everbellus","Label":"Brand","Locale":"es_ES"},"Manufacturer":{"DisplayValue":"Everbellus","Label":"Manufacturer","Locale":"es_ES"}},"Title":{"DisplayValue":"Everbellus Mujeres PU Leggins Cuero Skinny Elásticos Pantalones Negro L","Label":"Title","Locale":"es_ES"}},"Offers":{"Summaries":[{"Condition":{"Value":"New"},"LowestPrice":{"Amount":23.99,"Currency":"EUR","DisplayAmount":"23,99 €"}}]}},{"ASIN":"B07T1NRDCB","DetailPageURL":"https://www.amazon.es/dp/B07T1NRDCB?tag=topinalambricos-21&linkCode=osi&th=1&psc=1","Images":{"Primary":{"Small":{"Height":75,"URL":"https://m.media-amazon.com/images/I/31SBveImq5L._SL75_.jpg","Width":57}}},"ItemInfo":{"ByLineInfo":{"Brand":{"DisplayValue":"Only","Label":"Brand","Locale":"es_ES"},"Manufacturer":{"DisplayValue":"ONLY NOS","Label":"Manufacturer","Locale":"es_ES"}},"Title":{"DisplayValue":"Only Coated Leggings Polainas, Black, XL para Mujer","Label":"Title","Locale":"es_ES"}},"Offers":{"Summaries":[{"Condition":{"Value":"New"},"LowestPrice":{"Amount":14.99,"Currency":"EUR","DisplayAmount":"14,99 €"}}]}},{"ASIN":"B07XZGYR9N","DetailPageURL":"https://www.amazon.es/dp/B07XZGYR9N?tag=topinalambricos-21&linkCode=osi&th=1&psc=1","Images":{"Primary":{"Small":{"Height":75,"URL":"https://m.media-amazon.com/images/I/419760gs3vL._SL75_.jpg","Width":75}}},"ItemInfo":{"ByLineInfo":{"Brand":{"DisplayValue":"Keybella","Label":"Brand","Locale":"es_ES"}},"Title":{"DisplayValue":"Keybella Leggings de piel sintética de cintura alta para mujer, Negro , L","Label":"Title","Locale":"es_ES"}},"Offers":{"Summaries":[{"Condition":{"Value":"New"},"LowestPrice":{"Amount":11.49,"Currency":"EUR","DisplayAmount":"11,49 €"}}]}},{"ASIN":"B07GKYGKGT","DetailPageURL":"https://www.amazon.es/dp/B07GKYGKGT?tag=topinalambricos-21&linkCode=osi&th=1&psc=1","Images":{"Primary":{"Small":{"Height":75,"URL":"https://m.media-amazon.com/images/I/31qdJHKwUDL._SL75_.jpg","Width":51}}},"ItemInfo":{"ByLineInfo":{"Brand":{"DisplayValue":"FITTOO","Label":"Brand","Locale":"es_ES"},"Manufacturer":{"DisplayValue":"FITTOO","Label":"Manufacturer","Locale":"es_ES"}},"Title":{"DisplayValue":"FITTOO PU Leggings Cuero Imitación Pantalón Elásticos Cintura Alta Push Up para Mujer #2 Clásico Negro Mate M","Label":"Title","Locale":"es_ES"}},"Offers":{"Summaries":[{"Condition":{"Value":"New"},"LowestPrice":{"Amount":21.99,"Currency":"EUR","DisplayAmount":"21,99 €"}}]}},{"ASIN":"B07ZGMHJ8F","DetailPageURL":"https://www.amazon.es/dp/B07ZGMHJ8F?tag=topinalambricos-21&linkCode=osi&th=1&psc=1","Images":{"Primary":{"Small":{"Height":75,"URL":"https://m.media-amazon.com/images/I/31KOALD04CL._SL75_.jpg","Width":54}}},"ItemInfo":{"ByLineInfo":{"Brand":{"DisplayValue":"heekpek","Label":"Brand","Locale":"es_ES"}},"Title":{"DisplayValue":"heekpek Leggings Cuero para Mujer Pantalón Elásticos Cintura Alta Pantalones de PU con Forro Polar Pantalones Ajustados Mate Brillante Polainas Térmicas para Otoño Invierno(A1-Negro,L)","Label":"Title","Locale":"es_ES"}},"Offers":{"Summaries":[{"Condition":{"Value":"New"},"LowestPrice":{"Amount":21.99,"Currency":"EUR","DisplayAmount":"21,99 €"}}]}},{"ASIN":"B07FMZLTXY","DetailPageURL":"https://www.amazon.es/dp/B07FMZLTXY?tag=topinalambricos-21&linkCode=osi&th=1&psc=1","Images":{"Primary":{"Small":{"Height":75,"URL":"https://m.media-amazon.com/images/I/31liL-yum2L._SL75_.jpg","Width":62}}},"ItemInfo":{"ByLineInfo":{"Brand":{"DisplayValue":"Everbellus","Label":"Brand","Locale":"es_ES"}},"Title":{"DisplayValue":"Everbellus Mujer Sexy Negro Leggins Cuero con Bolsillo Skinny Elástico Pantalón Medio","Label":"Title","Locale":"es_ES"}},"Offers":{"Summaries":[{"Condition":{"Value":"New"},"LowestPrice":{"Amount":21.99,"Currency":"EUR","DisplayAmount":"21,99 €"}}]}},{"ASIN":"B085WHF152","DetailPageURL":"https://www.amazon.es/dp/B085WHF152?tag=topinalambricos-21&linkCode=osi&th=1&psc=1","Images":{"Primary":{"Small":{"Height":75,"URL":"https://m.media-amazon.com/images/I/31JXvlWly8L._SL75_.jpg","Width":57}}},"ItemInfo":{"ByLineInfo":{"Brand":{"DisplayValue":"Urban Classics","Label":"Brand","Locale":"es_ES"},"Manufacturer":{"DisplayValue":"Urban Classics","Label":"Manufacturer","Locale":"es_ES"}},"Title":{"DisplayValue":"Urban Classics Leggings de Piel de imitación para Mujer, Negro, M","Label":"Title","Locale":"es_ES"}},"Offers":{"Summaries":[{"Condition":{"Value":"New"},"LowestPrice":{"Amount":17.01,"Currency":"EUR","DisplayAmount":"17,01 €"}}]}},{"ASIN":"B0B5HCK3Q4","DetailPageURL":"https://www.amazon.es/dp/B0B5HCK3Q4?tag=topinalambricos-21&linkCode=osi&th=1&psc=1","Images":{"Primary":{"Small":{"Height":75,"URL":"https://m.media-amazon.com/images/I/31VMXJoblWL._SL75_.jpg","Width":51}}},"ItemInfo":{"ByLineInfo":{"Brand":{"DisplayValue":"Tuopuda","Label":"Brand","Locale":"es_ES"},"Manufacturer":{"DisplayValue":"GHF-Direct","Label":"Manufacturer","Locale":"es_ES"}},"Title":{"DisplayValue":"Tuopuda Mujeres PU Leggins Mujer Leggings Cuero Mujer Negro Cintura Alta Brillante Mate Pantalón Elásticos Skinny Sexy Sintetico PU Pantalones(Negro (Sin vellón),XL)","Label":"Title","Locale":"es_ES"}},"Offers":{"Summaries":[{"Condition":{"Value":"New"},"LowestPrice":{"Amount":21.99,"Currency":"EUR","DisplayAmount":"21,99 €"}}]}}],"SearchURL":"https://www.amazon.es/s?k=leggins+cuero&rh=n%3A3074057031%2Cp_n_availability%3A-1&tag=topinalambricos-21&linkCode=osi","TotalResultCount":7448}},"66":{"SearchResult":{"Items":[{"ASIN":"B015IO2X98","DetailPageURL":"https://www.amazon.es/dp/B015IO2X98?tag=topinalambricos-21&linkCode=osi&th=1&psc=1","Images":{"Primary":{"Small":{"Height":75,"URL":"https://m.media-amazon.com/images/I/31mMMQSWvnL._SL75_.jpg","Width":44}}},"ItemInfo":{"ByLineInfo":{"Brand":{"DisplayValue":"Everbellus","Label":"Brand","Locale":"es_ES"},"Manufacturer":{"DisplayValue":"Everbellus","Label":"Manufacturer","Locale":"es_ES"}},"Title":{"DisplayValue":"Everbellus Mujeres PU Leggins Cuero Skinny Elásticos Pantalones Negro L","Label":"Title","Locale":"es_ES"}},"Offers":{"Summaries":[{"Condition":{"Value":"New"},"LowestPrice":{"Amount":23.99,"Currency":"EUR","DisplayAmount":"23,99 €"}}]}},{"ASIN":"B09BZFDDV8","DetailPageURL":"https://www.amazon.es/dp/B09BZFDDV8?tag=topinalambricos-21&linkCode=osi&th=1&psc=1","Images":{"Primary":{"Small":{"Height":75,"URL":"https://m.media-amazon.com/images/I/312aaSzpRSL._SL75_.jpg","Width":75}}},"ItemInfo":{"ByLineInfo":{"Brand":{"DisplayValue":"SOGNO D'ORO","Label":"Brand","Locale":"es_ES"}},"Title":{"DisplayValue":"SOGNO D'ORO Leggings Cuero para Mujer Pantalones Medias de Cuero de imitación Pantalones de Cuero Sexy Pantalones de PU elásticos de Cintura Alta Ajustados Sexy","Label":"Title","Locale":"es_ES"}},"Offers":{"Summaries":[{"Condition":{"Value":"New"},"LowestPrice":{"Amount":24.99,"Currency":"EUR","DisplayAmount":"24,99 €"}}]}},{"ASIN":"B0B5HBWZRW","DetailPageURL":"https://www.amazon.es/dp/B0B5HBWZRW?tag=topinalambricos-21&linkCode=osi&th=1&psc=1","Images":{"Primary":{"Small":{"Height":75,"URL":"https://m.media-amazon.com/images/I/31VMXJoblWL._SL75_.jpg","Width":51}}},"ItemInfo":{"ByLineInfo":{"Brand":{"DisplayValue":"Tuopuda","Label":"Brand","Locale":"es_ES"},"Manufacturer":{"DisplayValue":"GHF-Direct","Label":"Manufacturer","Locale":"es_ES"}},"Title":{"DisplayValue":"Tuopuda Mujeres PU Leggins Mujer Leggings Cuero Mujer Negro Cintura Alta Brillante Mate Pantalón Elásticos Skinny Sexy Sintetico PU Pantalones(Negro (Sin vellón),M)","Label":"Title","Locale":"es_ES"}},"Offers":{"Summaries":[{"Condition":{"Value":"New"},"LowestPrice":{"Amount":21.99,"Currency":"EUR","DisplayAmount":"21,99 €"}}]}},{"ASIN":"B085WHF152","DetailPageURL":"https://www.amazon.es/dp/B085WHF152?tag=topinalambricos-21&linkCode=osi&th=1&psc=1","Images":{"Primary":{"Small":{"Height":75,"URL":"https://m.media-amazon.com/images/I/31JXvlWly8L._SL75_.jpg","Width":57}}},"ItemInfo":{"ByLineInfo":{"Brand":{"DisplayValue":"Urban Classics","Label":"Brand","Locale":"es_ES"},"Manufacturer":{"DisplayValue":"Urban Classics","Label":"Manufacturer","Locale":"es_ES"}},"Title":{"DisplayValue":"Urban Classics Leggings de Piel de imitación para Mujer, Negro, M","Label":"Title","Locale":"es_ES"}},"Offers":{"Summaries":[{"Condition":{"Value":"New"},"LowestPrice":{"Amount":17.01,"Currency":"EUR","DisplayAmount":"17,01 €"}}]}},{"ASIN":"B07X1YT8GK","DetailPageURL":"https://www.amazon.es/dp/B07X1YT8GK?tag=topinalambricos-21&linkCode=osi&th=1&psc=1","Images":{"Primary":{"Small":{"Height":75,"URL":"https://m.media-amazon.com/images/I/31ijiCWQ6xL._SL75_.jpg","Width":58}}},"ItemInfo":{"ByLineInfo":{"Brand":{"DisplayValue":"CALZITALY","Label":"Brand","Locale":"es_ES"}},"Title":{"DisplayValue":"CALZITALY Leggings Térmicos Efecto Piel, Mallas de Cuero Invernales| Negro | XS, S, M, L, XL | Made in Italy (M, Negro)","Label":"Title","Locale":"es_ES"}},"Offers":{"Summaries":[{"Condition":{"Value":"New"},"LowestPrice":{"Amount":19.95,"Currency":"EUR","DisplayAmount":"19,95 €"}}]}},{"ASIN":"B08R1Q254V","DetailPageURL":"https://www.amazon.es/dp/B08R1Q254V?tag=topinalambricos-21&linkCode=osi&th=1&psc=1","Images":{"Primary":{"Small":{"Height":75,"URL":"https://m.media-amazon.com/images/I/31dDEhGEpLL._SL75_.jpg","Width":75}}},"ItemInfo":{"ByLineInfo":{"Brand":{"DisplayValue":"Pelisy","Label":"Brand","Locale":"es_ES"}},"Title":{"DisplayValue":"Mujer Sexy Push Up Cuero Leggings Cintura Alta Elasticos Skinny Slim PU Pantalones","Label":"Title","Locale":"es_ES"}},"Offers":{"Summaries":[{"Condition":{"Value":"New"},"LowestPrice":{"Amount":18.99,"Currency":"EUR","DisplayAmount":"18,99 €"}}]}},{"ASIN":"B07JR3TSMY","DetailPageURL":"https://www.amazon.es/dp/B07JR3TSMY?tag=topinalambricos-21&linkCode=osi&th=1&psc=1","Images":{"Primary":{"Small":{"Height":75,"URL":"https://m.media-amazon.com/images/I/31h8xZWQaIL._SL75_.jpg","Width":47}}},"ItemInfo":{"ByLineInfo":{"Brand":{"DisplayValue":"heekpek","Label":"Brand","Locale":"es_ES"},"Manufacturer":{"DisplayValue":"heekpek","Label":"Manufacturer","Locale":"es_ES"}},"Title":{"DisplayValue":"heekpek Leggings Cuero para Mujer Pantalón Elásticos Cintura Alta Pantalones de PU con Forro Polar Pantalones Ajustados Mate Brillante Polainas Térmicas para Otoño Invierno(B2-Negro,L)","Label":"Title","Locale":"es_ES"}},"Offers":{"Summaries":[{"Condition":{"Value":"New"},"LowestPrice":{"Amount":20.99,"Currency":"EUR","DisplayAmount":"20,99 €"}}]}},{"ASIN":"B09H7HS13C","DetailPageURL":"https://www.amazon.es/dp/B09H7HS13C?tag=topinalambricos-21&linkCode=osi&th=1&psc=1","Images":{"Primary":{"Small":{"Height":75,"URL":"https://m.media-amazon.com/images/I/31X5H-hUyTL._SL75_.jpg","Width":75}}},"ItemInfo":{"ByLineInfo":{"Brand":{"DisplayValue":"TBSCWYF","Label":"Brand","Locale":"es_ES"}},"Title":{"DisplayValue":"TBSCWYF Mujeres PU Leggins Cuero Skinny Elásticos Pantalones Leggings Cuero para Mujer Pantalones Medias de Cuero de imitación Pantalones de Cuero Pantalones de PU elásticos de Cintura Alta Ajustados","Label":"Title","Locale":"es_ES"}},"Offers":{"Summaries":[{"Condition":{"Value":"New"},"LowestPrice":{"Amount":16.99,"Currency":"EUR","DisplayAmount":"16,99 €"}}]}},{"ASIN":"B07GKYGKGT","DetailPageURL":"https://www.amazon.es/dp/B07GKYGKGT?tag=topinalambricos-21&linkCode=osi&th=1&psc=1","Images":{"Primary":{"Small":{"Height":75,"URL":"https://m.media-amazon.com/images/I/31qdJHKwUDL._SL75_.jpg","Width":51}}},"ItemInfo":{"ByLineInfo":{"Brand":{"DisplayValue":"FITTOO","Label":"Brand","Locale":"es_ES"},"Manufacturer":{"DisplayValue":"FITTOO","Label":"Manufacturer","Locale":"es_ES"}},"Title":{"DisplayValue":"FITTOO PU Leggings Cuero Imitación Pantalón Elásticos Cintura Alta Push Up para Mujer #2 Clásico Negro Mate M","Label":"Title","Locale":"es_ES"}},"Offers":{"Summaries":[{"Condition":{"Value":"New"},"LowestPrice":{"Amount":21.99,"Currency":"EUR","DisplayAmount":"21,99 €"}}]}},{"ASIN":"B08QXB33NZ","DetailPageURL":"https://www.amazon.es/dp/B08QXB33NZ?tag=topinalambricos-21&linkCode=osi&th=1&psc=1","Images":{"Primary":{"Small":{"Height":75,"URL":"https://m.media-amazon.com/images/I/31VLxDOFdSL._SL75_.jpg","Width":44}}},"ItemInfo":{"ByLineInfo":{"Brand":{"DisplayValue":"Fashion Design","Label":"Brand","Locale":"es_ES"}},"Title":{"DisplayValue":"Fashion Design Wetlook - Mallas térmicas para mujer, burdeos, S-M","Label":"Title","Locale":"es_ES"}},"Offers":{"Summaries":[{"Condition":{"Value":"New"},"LowestPrice":{"Amount":17.95,"Currency":"EUR","DisplayAmount":"17,95 €"}}]}}],"SearchURL":"https://www.amazon.es/s?k=cuero&rh=n%3A3074057031%2Cp_n_availability%3A-1&tag=topinalambricos-21&linkCode=osi","TotalResultCount":608}},"67":{"SearchResult":{"Items":[{"ASIN":"B09HKX6BX5","DetailPageURL":"https://www.amazon.es/dp/B09HKX6BX5?tag=topinalambricos-21&linkCode=osi&th=1&psc=1","Images":{"Primary":{"Small":{"Height":75,"URL":"https://m.media-amazon.com/images/I/31kq+19KV7L._SL75_.jpg","Width":60}}},"ItemInfo":{"ByLineInfo":{"Brand":{"DisplayValue":"Minus","Label":"Brand","Locale":"es_ES"},"Manufacturer":{"DisplayValue":"Redefined Fashion","Label":"Manufacturer","Locale":"es_ES"}},"Title":{"DisplayValue":"Minus Ivory Leather Dress, Vestido de piel para Mujer, Multicolor (9405 Patcwork), 36","Label":"Title","Locale":"es_ES"}},"Offers":{"Summaries":[{"Condition":{"Value":"New"},"LowestPrice":{"Amount":129.49,"Currency":"EUR","DisplayAmount":"129,49 €"}}]}},{"ASIN":"B01HUNA2LG","DetailPageURL":"https://www.amazon.es/dp/B01HUNA2LG?tag=topinalambricos-21&linkCode=osi&th=1&psc=1","Images":{"Primary":{"Small":{"Height":75,"URL":"https://m.media-amazon.com/images/I/31PVOlsqFTL._SL75_.jpg","Width":51}}},"ItemInfo":{"ByLineInfo":{"Brand":{"DisplayValue":"Urban Classics","Label":"Brand","Locale":"es_ES"},"Manufacturer":{"DisplayValue":"Urban Classics","Label":"Manufacturer","Locale":"es_ES"}},"Title":{"DisplayValue":"Urban Classics Vestido de Costilla para Mujer, Negro (Black 7), XL","Label":"Title","Locale":"es_ES"}},"Offers":{"Summaries":[{"Condition":{"Value":"New"},"LowestPrice":{"Amount":18.9,"Currency":"EUR","DisplayAmount":"18,90 €"}}]}},{"ASIN":"B084MFJLWQ","DetailPageURL":"https://www.amazon.es/dp/B084MFJLWQ?tag=topinalambricos-21&linkCode=osi&th=1&psc=1","Images":{"Primary":{"Small":{"Height":75,"URL":"https://m.media-amazon.com/images/I/41iyoy5ZG8L._SL75_.jpg","Width":75}}},"ItemInfo":{"ByLineInfo":{"Brand":{"DisplayValue":"Loalirando","Label":"Brand","Locale":"es_ES"},"Manufacturer":{"DisplayValue":"Loalirando","Label":"Manufacturer","Locale":"es_ES"}},"Title":{"DisplayValue":"Vestido Ajustado para Mujer Vestidos Sexy de Manga Corta Falda de Lápiz de Cuero de PU con Un Hombro Descubierto Ropa Vestido para Cóctel Club Fiesta Noche (Negro, XL)","Label":"Title","Locale":"es_ES"}},"Offers":{"Summaries":[{"Condition":{"Value":"New"},"LowestPrice":{"Amount":13.85,"Currency":"EUR","DisplayAmount":"13,85 €"}}]}},{"ASIN":"B07YS6TZ25","DetailPageURL":"https://www.amazon.es/dp/B07YS6TZ25?tag=topinalambricos-21&linkCode=osi&th=1&psc=1","Images":{"Primary":{"Small":{"Height":75,"URL":"https://m.media-amazon.com/images/I/41OnC9qkQ-L._SL75_.jpg","Width":49}}},"ItemInfo":{"ByLineInfo":{"Brand":{"DisplayValue":"HOMEYEE","Label":"Brand","Locale":"es_ES"}},"Title":{"DisplayValue":"HOMEYEE Cuello Corto de Cuero del Negocio de la Manga Corta del Cuello del Soporte de la Vendimia B430 (L, Rojo + Manga Larga)","Label":"Title","Locale":"es_ES"}},"Offers":{"Summaries":[{"Condition":{"Value":"New"},"LowestPrice":{"Amount":39.99,"Currency":"EUR","DisplayAmount":"39,99 €"}}]}},{"ASIN":"B01HUN9XOS","DetailPageURL":"https://www.amazon.es/dp/B01HUN9XOS?tag=topinalambricos-21&linkCode=osi&th=1&psc=1","Images":{"Primary":{"Small":{"Height":75,"URL":"https://m.media-amazon.com/images/I/31N55pOlTvL._SL75_.jpg","Width":52}}},"ItemInfo":{"ByLineInfo":{"Brand":{"DisplayValue":"Urban Classics","Label":"Brand","Locale":"es_ES"},"Manufacturer":{"DisplayValue":"Urban Classics","Label":"Manufacturer","Locale":"es_ES"}},"Title":{"DisplayValue":"Urban Classics Vestido de Tortuga para Mujer L/S, Grün (Olive 176), S","Label":"Title","Locale":"es_ES"}},"Offers":{"Summaries":[{"Condition":{"Value":"New"},"LowestPrice":{"Amount":17.36,"Currency":"EUR","DisplayAmount":"17,36 €"}}]}},{"ASIN":"B0B8XTQ2YJ","DetailPageURL":"https://www.amazon.es/dp/B0B8XTQ2YJ?tag=topinalambricos-21&linkCode=osi&th=1&psc=1","Images":{"Primary":{"Small":{"Height":75,"URL":"https://m.media-amazon.com/images/I/31pzfOrLk6L._SL75_.jpg","Width":57}}},"ItemInfo":{"ByLineInfo":{"Brand":{"DisplayValue":"Only","Label":"Brand","Locale":"es_ES"},"Manufacturer":{"DisplayValue":"Only","Label":"Manufacturer","Locale":"es_ES"}},"Title":{"DisplayValue":"Vestido corto efecto piel Only Onllina Negro - S","Label":"Title","Locale":"es_ES"}},"Offers":{"Summaries":[{"Condition":{"Value":"New"},"LowestPrice":{"Amount":49.99,"Currency":"EUR","DisplayAmount":"49,99 €"}}]}},{"ASIN":"B09T6XZXD6","DetailPageURL":"https://www.amazon.es/dp/B09T6XZXD6?tag=topinalambricos-21&linkCode=osi&th=1&psc=1","Images":{"Primary":{"Small":{"Height":75,"URL":"https://m.media-amazon.com/images/I/51-Htq2kRnL._SL75_.jpg","Width":75}}},"ItemInfo":{"ByLineInfo":{"Brand":{"DisplayValue":"NUSGEAR","Label":"Brand","Locale":"es_ES"}},"Title":{"DisplayValue":"2022 Vestidos corto para Mujer, Vestido de vestir encaje Manga Larga Floral impresión primavera Casual Cuello en V Elegante Suelto Vestidos Fiesta Moda Vestido de Noche mini Vestidos vacaciones","Label":"Title","Locale":"es_ES"}},"Offers":{"Summaries":[{"Condition":{"Value":"New"},"LowestPrice":{"Amount":10.98,"Currency":"EUR","DisplayAmount":"10,98 €"}}]}},{"ASIN":"B0BFH9C9RN","DetailPageURL":"https://www.amazon.es/dp/B0BFH9C9RN?tag=topinalambricos-21&linkCode=osi&th=1&psc=1","Images":{"Primary":{"Small":{"Height":75,"URL":"https://m.media-amazon.com/images/I/41Gch0dcJbL._SL75_.jpg","Width":45}}},"ItemInfo":{"ByLineInfo":{"Brand":{"DisplayValue":"Koucla","Label":"Brand","Locale":"es_ES"}},"Title":{"DisplayValue":"Mini vestido de fiesta de cuero sintético con efecto plisado, rojo, S","Label":"Title","Locale":"es_ES"}},"Offers":{"Summaries":[{"Condition":{"Value":"New"},"LowestPrice":{"Amount":36.22,"Currency":"EUR","DisplayAmount":"36,22 €"}}]}},{"ASIN":"B08JLV2V1P","DetailPageURL":"https://www.amazon.es/dp/B08JLV2V1P?tag=topinalambricos-21&linkCode=osi&th=1&psc=1","Images":{"Primary":{"Small":{"Height":75,"URL":"https://m.media-amazon.com/images/I/31DkLkphg+L._SL75_.jpg","Width":56}}},"ItemInfo":{"ByLineInfo":{"Brand":{"DisplayValue":"Freebily","Label":"Brand","Locale":"es_ES"}},"Title":{"DisplayValue":"Freebily Vestido de Cuero Sexy Mujer Vestido Ajustado de Club Ropa Erotica Falda de Charol Latex Wetlook Body Picardias Bodycon Clubwear Negro 2XL","Label":"Title","Locale":"es_ES"}},"Offers":{"Summaries":[{"Condition":{"Value":"New"},"LowestPrice":{"Amount":16.69,"Currency":"EUR","DisplayAmount":"16,69 €"}}]}},{"ASIN":"B0839B18QC","DetailPageURL":"https://www.amazon.es/dp/B0839B18QC?tag=topinalambricos-21&linkCode=osi&th=1&psc=1","Images":{"Primary":{"Small":{"Height":75,"URL":"https://m.media-amazon.com/images/I/31u7PPDGk+L._SL75_.jpg","Width":75}}},"ItemInfo":{"ByLineInfo":{"Brand":{"DisplayValue":"riou","Label":"Brand","Locale":"es_ES"}},"Title":{"DisplayValue":"riou Mujer Vestido Cuello Redondo Manga Larga Vestido de Trabajo Informal Ajustado con Rayas Transparentes de Malla Bodycon Sexy Mini Vestido para Fiesta","Label":"Title","Locale":"es_ES"}},"Offers":{"Summaries":[{"Condition":{"Value":"New"},"LowestPrice":{"Amount":4.68,"Currency":"EUR","DisplayAmount":"4,68 €"}}]}}],"SearchURL":"https://www.amazon.es/s?k=cuero&rh=n%3A3074074031%2Cp_n_availability%3A-1&tag=topinalambricos-21&linkCode=osi","TotalResultCount":859}},"68":{"SearchResult":{"Items":[{"ASIN":"B08747MJ7F","DetailPageURL":"https://www.amazon.es/dp/B08747MJ7F?tag=topinalambricos-21&linkCode=osi&th=1&psc=1","Images":{"Primary":{"Small":{"Height":75,"URL":"https://m.media-amazon.com/images/I/415lL4UlAnL._SL75_.jpg","Width":44}}},"ItemInfo":{"ByLineInfo":{"Brand":{"DisplayValue":"Loalirando","Label":"Brand","Locale":"es_ES"},"Manufacturer":{"DisplayValue":"Loalirando","Label":"Manufacturer","Locale":"es_ES"}},"Title":{"DisplayValue":"Mujer Mini Vestido Sexy sin Manga Vestido Ajustado de Cuero de PU con Cuello Cuadrado Bodycon de Lápiz con Correa Ajustable Clubwear de Moda sin Respaldo para Noche Fiesta Cóctel (Negro, M)","Label":"Title","Locale":"es_ES"}},"Offers":{"Summaries":[{"Condition":{"Value":"New"},"LowestPrice":{"Amount":18.0,"Currency":"EUR","DisplayAmount":"18,00 €"}}]}},{"ASIN":"B09TSQ613G","DetailPageURL":"https://www.amazon.es/dp/B09TSQ613G?tag=topinalambricos-21&linkCode=osi&th=1&psc=1","Images":{"Primary":{"Small":{"Height":75,"URL":"https://m.media-amazon.com/images/I/41G5f4Hg7kL._SL75_.jpg","Width":75}}},"ItemInfo":{"ByLineInfo":{"Brand":{"DisplayValue":"Only","Label":"Brand","Locale":"es_ES"},"Manufacturer":{"DisplayValue":"Only","Label":"Manufacturer","Locale":"es_ES"}},"Title":{"DisplayValue":"Only - Vestido Cuero Sintetico Negro Mujer 15238145 - Negro, XS","Label":"Title","Locale":"es_ES"}},"Offers":{"Summaries":[{"Condition":{"Value":"New"},"LowestPrice":{"Amount":39.99,"Currency":"EUR","DisplayAmount":"39,99 €"}}]}},{"ASIN":"B07Z9GRV3L","DetailPageURL":"https://www.amazon.es/dp/B07Z9GRV3L?tag=topinalambricos-21&linkCode=osi&th=1&psc=1","Images":{"Primary":{"Small":{"Height":65,"URL":"https://m.media-amazon.com/images/I/31r3dWtsyoL._SL75_.jpg","Width":75}}},"ItemInfo":{"ByLineInfo":{"Brand":{"DisplayValue":"Top Totty","Label":"Brand","Locale":"es_ES"}},"Title":{"DisplayValue":"Top Totty Vestido sexy para mujer, de piel sintética, con cremallera frontal, para jugar a rol, para club, Negro, L","Label":"Title","Locale":"es_ES"}},"Offers":{"Summaries":[{"Condition":{"Value":"New"},"LowestPrice":{"Amount":38.33,"Currency":"EUR","DisplayAmount":"38,33 €"}}]}},{"ASIN":"B07WFQJ4GX","DetailPageURL":"https://www.amazon.es/dp/B07WFQJ4GX?tag=topinalambricos-21&linkCode=osi&th=1&psc=1","Images":{"Primary":{"Small":{"Height":75,"URL":"https://m.media-amazon.com/images/I/319pOua+mWL._SL75_.jpg","Width":57}}},"ItemInfo":{"ByLineInfo":{"Brand":{"DisplayValue":"Only","Label":"Brand","Locale":"es_ES"},"Manufacturer":{"DisplayValue":"ONLY NOS","Label":"Manufacturer","Locale":"es_ES"}},"Title":{"DisplayValue":"Only Onlalma L/S O-Neck Dress Knt Noos Vestido, Negro (Black Black), XL para Mujer","Label":"Title","Locale":"es_ES"}},"Offers":{"Summaries":[{"Condition":{"Value":"New"},"LowestPrice":{"Amount":25.98,"Currency":"EUR","DisplayAmount":"25,98 €"}}]}},{"ASIN":"B01HUNA2LG","DetailPageURL":"https://www.amazon.es/dp/B01HUNA2LG?tag=topinalambricos-21&linkCode=osi&th=1&psc=1","Images":{"Primary":{"Small":{"Height":75,"URL":"https://m.media-amazon.com/images/I/31PVOlsqFTL._SL75_.jpg","Width":51}}},"ItemInfo":{"ByLineInfo":{"Brand":{"DisplayValue":"Urban Classics","Label":"Brand","Locale":"es_ES"},"Manufacturer":{"DisplayValue":"Urban Classics","Label":"Manufacturer","Locale":"es_ES"}},"Title":{"DisplayValue":"Urban Classics Vestido de Costilla para Mujer, Negro (Black 7), XL","Label":"Title","Locale":"es_ES"}},"Offers":{"Summaries":[{"Condition":{"Value":"New"},"LowestPrice":{"Amount":18.9,"Currency":"EUR","DisplayAmount":"18,90 €"}}]}},{"ASIN":"B0839B3VPM","DetailPageURL":"https://www.amazon.es/dp/B0839B3VPM?tag=topinalambricos-21&linkCode=osi&th=1&psc=1","Images":{"Primary":{"Small":{"Height":75,"URL":"https://m.media-amazon.com/images/I/51i4WDhIGvL._SL75_.jpg","Width":75}}},"ItemInfo":{"ByLineInfo":{"Brand":{"DisplayValue":"riou","Label":"Brand","Locale":"es_ES"}},"Title":{"DisplayValue":"riou Vestidos de Fiesta para Mujer Vestidos de Autocultivo con Cuello en V Elegante y Delgado Lentejuelas Bodycon Brillante Manga Larga Otoño Invierno Brillante Mini Vestido","Label":"Title","Locale":"es_ES"}},"Offers":{"Summaries":[{"Condition":{"Value":"New"},"LowestPrice":{"Amount":13.99,"Currency":"EUR","DisplayAmount":"13,99 €"}}]}},{"ASIN":"B084MFJLWQ","DetailPageURL":"https://www.amazon.es/dp/B084MFJLWQ?tag=topinalambricos-21&linkCode=osi&th=1&psc=1","Images":{"Primary":{"Small":{"Height":75,"URL":"https://m.media-amazon.com/images/I/41iyoy5ZG8L._SL75_.jpg","Width":75}}},"ItemInfo":{"ByLineInfo":{"Brand":{"DisplayValue":"Loalirando","Label":"Brand","Locale":"es_ES"},"Manufacturer":{"DisplayValue":"Loalirando","Label":"Manufacturer","Locale":"es_ES"}},"Title":{"DisplayValue":"Vestido Ajustado para Mujer Vestidos Sexy de Manga Corta Falda de Lápiz de Cuero de PU con Un Hombro Descubierto Ropa Vestido para Cóctel Club Fiesta Noche (Negro, XL)","Label":"Title","Locale":"es_ES"}},"Offers":{"Summaries":[{"Condition":{"Value":"New"},"LowestPrice":{"Amount":13.85,"Currency":"EUR","DisplayAmount":"13,85 €"}}]}},{"ASIN":"B09PRDB4SS","DetailPageURL":"https://www.amazon.es/dp/B09PRDB4SS?tag=topinalambricos-21&linkCode=osi&th=1&psc=1","Images":{"Primary":{"Small":{"Height":75,"URL":"https://m.media-amazon.com/images/I/41zt9rZV4TL._SL75_.jpg","Width":40}}},"ItemInfo":{"ByLineInfo":{"Brand":{"DisplayValue":"JFAN","Label":"Brand","Locale":"es_ES"},"Manufacturer":{"DisplayValue":"JFAN","Label":"Manufacturer","Locale":"es_ES"}},"Title":{"DisplayValue":"JFAN Lencería para Mujer Vestido de Cuero Sin Espalda Mini Vestido Fascinante PU Charol Ropa de Dormir Talla única Negro","Label":"Title","Locale":"es_ES"}},"Offers":{"Summaries":[{"Condition":{"Value":"New"},"LowestPrice":{"Amount":10.99,"Currency":"EUR","DisplayAmount":"10,99 €"}}]}},{"ASIN":"B08QZXPYYH","DetailPageURL":"https://www.amazon.es/dp/B08QZXPYYH?tag=topinalambricos-21&linkCode=osi&th=1&psc=1","Images":{"Primary":{"Small":{"Height":75,"URL":"https://m.media-amazon.com/images/I/31gOQU9wx5L._SL75_.jpg","Width":37}}},"ItemInfo":{"ByLineInfo":{"Brand":{"DisplayValue":"Koucla","Label":"Brand","Locale":"es_ES"}},"Title":{"DisplayValue":"Koucla Vestido de fiesta para mujer, aspecto mojado, minivestido fruncido, Negro , talla única grande","Label":"Title","Locale":"es_ES"}},"Offers":{"Summaries":[{"Condition":{"Value":"New"},"LowestPrice":{"Amount":29.29,"Currency":"EUR","DisplayAmount":"29,29 €"}}]}},{"ASIN":"B0B8XTQ2YJ","DetailPageURL":"https://www.amazon.es/dp/B0B8XTQ2YJ?tag=topinalambricos-21&linkCode=osi&th=1&psc=1","Images":{"Primary":{"Small":{"Height":75,"URL":"https://m.media-amazon.com/images/I/31pzfOrLk6L._SL75_.jpg","Width":57}}},"ItemInfo":{"ByLineInfo":{"Brand":{"DisplayValue":"Only","Label":"Brand","Locale":"es_ES"},"Manufacturer":{"DisplayValue":"Only","Label":"Manufacturer","Locale":"es_ES"}},"Title":{"DisplayValue":"Vestido corto efecto piel Only Onllina Negro - S","Label":"Title","Locale":"es_ES"}},"Offers":{"Summaries":[{"Condition":{"Value":"New"},"LowestPrice":{"Amount":49.99,"Currency":"EUR","DisplayAmount":"49,99 €"}}]}}],"SearchURL":"https://www.amazon.es/s?k=cuero+negro&rh=n%3A3074074031%2Cp_n_availability%3A-1&tag=topinalambricos-21&linkCode=osi","TotalResultCount":393}},"69":{"SearchResult":{"Items":[{"ASIN":"B08745GJPL","DetailPageURL":"https://www.amazon.es/dp/B08745GJPL?tag=topinalambricos-21&linkCode=osi&th=1&psc=1","Images":{"Primary":{"Small":{"Height":75,"URL":"https://m.media-amazon.com/images/I/41gPcFO-xcL._SL75_.jpg","Width":52}}},"ItemInfo":{"ByLineInfo":{"Brand":{"DisplayValue":"Loalirando","Label":"Brand","Locale":"es_ES"},"Manufacturer":{"DisplayValue":"Loalirando","Label":"Manufacturer","Locale":"es_ES"}},"Title":{"DisplayValue":"Mujer Mini Vestido Sexy sin Manga Vestido Ajustado de Cuero de PU con Cuello Cuadrado Bodycon de Lápiz con Correa Ajustable Clubwear de Moda sin Respaldo para Noche Fiesta Cóctel (Rojo, S)","Label":"Title","Locale":"es_ES"}},"Offers":{"Summaries":[{"Condition":{"Value":"New"},"LowestPrice":{"Amount":18.0,"Currency":"EUR","DisplayAmount":"18,00 €"}}]}},{"ASIN":"B09QX3CTNB","DetailPageURL":"https://www.amazon.es/dp/B09QX3CTNB?tag=topinalambricos-21&linkCode=osi&th=1&psc=1","Images":{"Primary":{"Small":{"Height":75,"URL":"https://m.media-amazon.com/images/I/31fce4As-vL._SL75_.jpg","Width":75}}},"ItemInfo":{"ByLineInfo":{"Brand":{"DisplayValue":"FeMereina","Label":"Brand","Locale":"es_ES"},"Manufacturer":{"DisplayValue":"FeMereina","Label":"Manufacturer","Locale":"es_ES"}},"Title":{"DisplayValue":"Vestido sin mangas de cuero para mujer, vestido ajustado sexy con cuello en U metálico brillante con cremallera para club, fiesta, vestido de látex mini, rosa, M","Label":"Title","Locale":"es_ES"}},"Offers":{"Summaries":[{"Condition":{"Value":"New"},"LowestPrice":{"Amount":14.96,"Currency":"EUR","DisplayAmount":"14,96 €"}}]}},{"ASIN":"B09292P371","DetailPageURL":"https://www.amazon.es/dp/B09292P371?tag=topinalambricos-21&linkCode=osi&th=1&psc=1","Images":{"Primary":{"Small":{"Height":75,"URL":"https://m.media-amazon.com/images/I/41q+GPqO07L._SL75_.jpg","Width":75}}},"ItemInfo":{"ByLineInfo":{"Brand":{"DisplayValue":"Gnohnay","Label":"Brand","Locale":"es_ES"},"Manufacturer":{"DisplayValue":"Gnohnay","Label":"Manufacturer","Locale":"es_ES"}},"Title":{"DisplayValue":"Vestido de Tubo Sin Mangas Elástico de Cuero Sexy para Mujer, Corte Ajustado, Superficie Brillante, Vestido Ajustado Elástico de Látex de Corte Bajo, Ropa de Club Metálica Brillante,Rojo,S","Label":"Title","Locale":"es_ES"}},"Offers":{"Summaries":[{"Condition":{"Value":"New"},"LowestPrice":{"Amount":25.0,"Currency":"EUR","DisplayAmount":"25,00 €"}}]}},{"ASIN":"B0B4HJVXC9","DetailPageURL":"https://www.amazon.es/dp/B0B4HJVXC9?tag=topinalambricos-21&linkCode=osi&th=1&psc=1","Images":{"Primary":{"Small":{"Height":75,"URL":"https://m.media-amazon.com/images/I/31itCnE3hhL._SL75_.jpg","Width":74}}},"ItemInfo":{"ByLineInfo":{"Brand":{"DisplayValue":"TOSHIKII","Label":"Brand","Locale":"es_ES"}},"Title":{"DisplayValue":"Mini Vestido sin Mangas de Cuero metálico Brillante para Mujer, Vestido de Baile para Fiesta de Halloween con Spakle láser para Mujer","Label":"Title","Locale":"es_ES"}},"Offers":{"Summaries":[{"Condition":{"Value":"New"},"LowestPrice":{"Amount":10.55,"Currency":"EUR","DisplayAmount":"10,55 €"}}]}},{"ASIN":"B0BGYHVSRY","DetailPageURL":"https://www.amazon.es/dp/B0BGYHVSRY?tag=topinalambricos-21&linkCode=osi&th=1&psc=1","Images":{"Primary":{"Small":{"Height":75,"URL":"https://m.media-amazon.com/images/I/41+MV1DZHRL._SL75_.jpg","Width":49}}},"ItemInfo":{"ByLineInfo":{"Brand":{"DisplayValue":"Whisverse","Label":"Brand","Locale":"es_ES"},"Manufacturer":{"DisplayValue":"Whisverse","Label":"Manufacturer","Locale":"es_ES"}},"Title":{"DisplayValue":"Whisverse Mini Vestido Clubwear Metálico Cuero Sintético Mujer Negro, plata, Talla única","Label":"Title","Locale":"es_ES"}},"Offers":{"Summaries":[{"Condition":{"Value":"New"},"LowestPrice":{"Amount":9.37,"Currency":"EUR","DisplayAmount":"9,37 €"}}]}},{"ASIN":"B09S2Y8SZN","DetailPageURL":"https://www.amazon.es/dp/B09S2Y8SZN?tag=topinalambricos-21&linkCode=osi&th=1&psc=1","Images":{"Primary":{"Small":{"Height":75,"URL":"https://m.media-amazon.com/images/I/415SJ2JGoML._SL75_.jpg","Width":56}}},"ItemInfo":{"ByLineInfo":{"Brand":{"DisplayValue":"Dubute","Label":"Brand","Locale":"es_ES"},"Manufacturer":{"DisplayValue":"Dubute","Label":"Manufacturer","Locale":"es_ES"}},"Title":{"DisplayValue":"Vestido de cuero atractivo de las mujeres brillante metálico manga larga cuello redondo bodycon mini vestido, rosa, XXL","Label":"Title","Locale":"es_ES"}},"Offers":{"Summaries":[{"Condition":{"Value":"New"},"LowestPrice":{"Amount":16.1,"Currency":"EUR","DisplayAmount":"16,10 €"}}]}},{"ASIN":"B09LM67PRK","DetailPageURL":"https://www.amazon.es/dp/B09LM67PRK?tag=topinalambricos-21&linkCode=osi&th=1&psc=1","Images":{"Primary":{"Small":{"Height":75,"URL":"https://m.media-amazon.com/images/I/41EKo9zZAvL._SL75_.jpg","Width":56}}},"ItemInfo":{"ByLineInfo":{"Brand":{"DisplayValue":"NINALUNA","Label":"Brand","Locale":"es_ES"},"Manufacturer":{"DisplayValue":"NINALUNA","Label":"Manufacturer","Locale":"es_ES"}},"Title":{"DisplayValue":"NINALUNA Vestido ajustado de cuero ajustado mini vestido metálico brillante manga larga cuello redondo club vestido para otoño, azul, XXL","Label":"Title","Locale":"es_ES"}},"Offers":{"Summaries":[{"Condition":{"Value":"New"},"LowestPrice":{"Amount":11.91,"Currency":"EUR","DisplayAmount":"11,91 €"}}]}},{"ASIN":"B0B6FHLZ3K","DetailPageURL":"https://www.amazon.es/dp/B0B6FHLZ3K?tag=topinalambricos-21&linkCode=osi&th=1&psc=1","Images":{"Primary":{"Small":{"Height":75,"URL":"https://m.media-amazon.com/images/I/41LMpcvNUJL._SL75_.jpg","Width":75}}},"ItemInfo":{"ByLineInfo":{"Brand":{"DisplayValue":"ULSUE","Label":"Brand","Locale":"es_ES"},"Manufacturer":{"DisplayValue":"ULSUE","Label":"Manufacturer","Locale":"es_ES"}},"Title":{"DisplayValue":"ULSUE Mini vestido de cuero sexy Vestido de cuero de imitación de mujeres Club de cuello de metal brillante club de fiesta (Color : Black, Size : XL)","Label":"Title","Locale":"es_ES"}},"Offers":{"Summaries":[{"Condition":{"Value":"New"},"LowestPrice":{"Amount":48.82,"Currency":"EUR","DisplayAmount":"48,82 €"}}]}},{"ASIN":"B09FT7FTCP","DetailPageURL":"https://www.amazon.es/dp/B09FT7FTCP?tag=topinalambricos-21&linkCode=osi&th=1&psc=1","Images":{"Primary":{"Small":{"Height":75,"URL":"https://m.media-amazon.com/images/I/414PPU8UMKL._SL75_.jpg","Width":75}}},"ItemInfo":{"ByLineInfo":{"Brand":{"DisplayValue":"ranrann","Label":"Brand","Locale":"es_ES"}},"Title":{"DisplayValue":"ranrann Mini Vestido con Tirantes para Mujer Vestido Metálico de Fiesta Club Correas Ajustables Vestido de Cóctel Noche Ropa Disco Pole Dance Plata S","Label":"Title","Locale":"es_ES"}},"Offers":{"Summaries":[{"Condition":{"Value":"New"},"LowestPrice":{"Amount":6.79,"Currency":"EUR","DisplayAmount":"6,79 €"}}]}},{"ASIN":"B0BLCWQFG5","DetailPageURL":"https://www.amazon.es/dp/B0BLCWQFG5?tag=topinalambricos-21&linkCode=osi&th=1&psc=1","Images":{"Primary":{"Small":{"Height":75,"URL":"https://m.media-amazon.com/images/I/41Aoh7X2xLL._SL75_.jpg","Width":75}}},"ItemInfo":{"ByLineInfo":{"Brand":{"DisplayValue":"ZXCVBnN","Label":"Brand","Locale":"es_ES"},"Manufacturer":{"DisplayValue":"ZXCVBnN","Label":"Manufacturer","Locale":"es_ES"}},"Title":{"DisplayValue":"ZXCVBnN Vestido de Cuero metálico Brillante de Las señoras, Vestido de Cuero de la PU con la Cremallera, Estiramiento Bodycon Mini-Vestido, sin Mangas Wetlook Clubwear, Cuerpo de una Pieza,Púrpura,XL","Label":"Title","Locale":"es_ES"}},"Offers":{"Summaries":[{"Condition":{"Value":"New"},"LowestPrice":{"Amount":25.56,"Currency":"EUR","DisplayAmount":"25,56 €"}}]}}],"SearchURL":"https://www.amazon.es/s?k=cuero+mini+metalico&rh=n%3A3074074031%2Cp_n_availability%3A-1&tag=topinalambricos-21&linkCode=osi","TotalResultCount":266}},"71":{"SearchResult":{"Items":[{"ASIN":"B07YMSR6Y5","DetailPageURL":"https://www.amazon.es/dp/B07YMSR6Y5?tag=topinalambricos-21&linkCode=osi&th=1&psc=1","Images":{"Primary":{"Small":{"Height":75,"URL":"https://m.media-amazon.com/images/I/41I6445WUBL._SL75_.jpg","Width":75}}},"ItemInfo":{"ByLineInfo":{"Brand":{"DisplayValue":"COMPILO","Label":"Brand","Locale":"es_ES"},"Manufacturer":{"DisplayValue":"MOTOCAT.NET","Label":"Manufacturer","Locale":"es_ES"}},"Title":{"DisplayValue":"COMPILO Mono de cuero 2 Piezas CM-1071 (XL (54))","Label":"Title","Locale":"es_ES"}},"Offers":{"Summaries":[{"Condition":{"Value":"New"},"LowestPrice":{"Amount":234.9,"Currency":"EUR","DisplayAmount":"234,90 €"}}]}},{"ASIN":"B07YN6SNM6","DetailPageURL":"https://www.amazon.es/dp/B07YN6SNM6?tag=topinalambricos-21&linkCode=osi&th=1&psc=1","Images":{"Primary":{"Small":{"Height":75,"URL":"https://m.media-amazon.com/images/I/31vLb8PyHaL._SL75_.jpg","Width":75}}},"ItemInfo":{"ByLineInfo":{"Brand":{"DisplayValue":"COMPILO","Label":"Brand","Locale":"es_ES"},"Manufacturer":{"DisplayValue":"MOTOCAT.NET","Label":"Manufacturer","Locale":"es_ES"}},"Title":{"DisplayValue":"COMPILO Monode moto 2 piezas CM-1075 (XL (54))","Label":"Title","Locale":"es_ES"}},"Offers":{"Summaries":[{"Condition":{"Value":"New"},"LowestPrice":{"Amount":234.9,"Currency":"EUR","DisplayAmount":"234,90 €"}}]}},{"ASIN":"B07Z3R8SKG","DetailPageURL":"https://www.amazon.es/dp/B07Z3R8SKG?tag=topinalambricos-21&linkCode=osi&th=1&psc=1","Images":{"Primary":{"Small":{"Height":75,"URL":"https://m.media-amazon.com/images/I/41AsAIAkO0L._SL75_.jpg","Width":75}}},"ItemInfo":{"ByLineInfo":{"Brand":{"DisplayValue":"Dainese","Label":"Brand","Locale":"es_ES"},"Manufacturer":{"DisplayValue":"Dainese","Label":"Manufacturer","Locale":"es_ES"}},"Title":{"DisplayValue":"Dainese Mistel - Mono de cuero para moto","Label":"Title","Locale":"es_ES"}},"Offers":{"Summaries":[{"Condition":{"Value":"New"},"LowestPrice":{"Amount":895.4,"Currency":"EUR","DisplayAmount":"895,40 €"}}]}},{"ASIN":"B08HHQR3FQ","DetailPageURL":"https://www.amazon.es/dp/B08HHQR3FQ?tag=topinalambricos-21&linkCode=osi&th=1&psc=1","Images":{"Primary":{"Small":{"Height":75,"URL":"https://m.media-amazon.com/images/I/41CRW4Lw0tL._SL75_.jpg","Width":75}}},"ItemInfo":{"ByLineInfo":{"Brand":{"DisplayValue":"Corso Fashion","Label":"Brand","Locale":"es_ES"},"Manufacturer":{"DisplayValue":"Corso Fashion","Label":"Manufacturer","Locale":"es_ES"}},"Title":{"DisplayValue":"Corso Fashion Traje de Carreras de Motocicleta Chamarra y Protección Completa de Cuero de hombre para Motoristas profesionales certificado por CE Disponible en Todos los Tamaños","Label":"Title","Locale":"es_ES"}},"Offers":{"Summaries":[{"Condition":{"Value":"New"},"LowestPrice":{"Amount":299.0,"Currency":"EUR","DisplayAmount":"299,00 €"}}]}},{"ASIN":"B075G2ZJ17","DetailPageURL":"https://www.amazon.es/dp/B075G2ZJ17?tag=topinalambricos-21&linkCode=osi&th=1&psc=1","Images":{"Primary":{"Small":{"Height":75,"URL":"https://m.media-amazon.com/images/I/41J4mqSiLJL._SL75_.jpg","Width":41}}},"ItemInfo":{"ByLineInfo":{"Brand":{"DisplayValue":"Belezza","Label":"Brand","Locale":"es_ES"},"Manufacturer":{"DisplayValue":"XLS","Label":"Manufacturer","Locale":"es_ES"}},"Title":{"DisplayValue":"Mono de cuero de racing de Belezza, una sola pieza, traje de moto en negro","Label":"Title","Locale":"es_ES"}},"Offers":{"Summaries":[{"Condition":{"Value":"New"},"LowestPrice":{"Amount":249.0,"Currency":"EUR","DisplayAmount":"249,00 €"}}]}},{"ASIN":"B093YG215V","DetailPageURL":"https://www.amazon.es/dp/B093YG215V?tag=topinalambricos-21&linkCode=osi&th=1&psc=1","Images":{"Primary":{"Small":{"Height":75,"URL":"https://m.media-amazon.com/images/I/31zpg72TlgS._SL75_.jpg","Width":75}}},"ItemInfo":{"ByLineInfo":{"Brand":{"DisplayValue":"COMPILO","Label":"Brand","Locale":"es_ES"},"Manufacturer":{"DisplayValue":"Motocat.net","Label":"Manufacturer","Locale":"es_ES"}},"Title":{"DisplayValue":"Mono de moto cuero 2 piezas Stoner Amarillo Flúor (48 (S))","Label":"Title","Locale":"es_ES"}},"Offers":{"Summaries":[{"Condition":{"Value":"New"},"LowestPrice":{"Amount":245.9,"Currency":"EUR","DisplayAmount":"245,90 €"}}]}},{"ASIN":"B06Y6FYPZW","DetailPageURL":"https://www.amazon.es/dp/B06Y6FYPZW?tag=topinalambricos-21&linkCode=osi&th=1&psc=1","Images":{"Primary":{"Small":{"Height":56,"URL":"https://m.media-amazon.com/images/I/31UJzUvJO3L._SL75_.jpg","Width":75}}},"ItemInfo":{"ByLineInfo":{"Brand":{"DisplayValue":"Alpinestars","Label":"Brand","Locale":"es_ES"},"Manufacturer":{"DisplayValue":"Alpinestars","Label":"Manufacturer","Locale":"es_ES"}},"Title":{"DisplayValue":"Alpinestars Challenger V2 - Mono de cuero de 1 pieza (talla 50), color negro, blanco y amarillo","Label":"Title","Locale":"es_ES"}},"Offers":{"Summaries":[{"Condition":{"Value":"New"},"LowestPrice":{"Amount":740.95,"Currency":"EUR","DisplayAmount":"740,95 €"}}]}},{"ASIN":"B01N4X2N8T","DetailPageURL":"https://www.amazon.es/dp/B01N4X2N8T?tag=topinalambricos-21&linkCode=osi&th=1&psc=1","Images":{"Primary":{"Small":{"Height":75,"URL":"https://m.media-amazon.com/images/I/414RlpnT79L._SL75_.jpg","Width":75}}},"ItemInfo":{"ByLineInfo":{"Brand":{"DisplayValue":"Alpinestars","Label":"Brand","Locale":"es_ES"},"Manufacturer":{"DisplayValue":"Alpinestars","Label":"Manufacturer","Locale":"es_ES"}},"Title":{"DisplayValue":"Alpinestars Motegi V2 - Mono de cuero de 1 pieza 50 negro/blanco/rojo","Label":"Title","Locale":"es_ES"}},"Offers":{"Summaries":[{"Condition":{"Value":"New"},"LowestPrice":{"Amount":807.45,"Currency":"EUR","DisplayAmount":"807,45 €"}}]}},{"ASIN":"B01DGS0FFM","DetailPageURL":"https://www.amazon.es/dp/B01DGS0FFM?tag=topinalambricos-21&linkCode=osi&th=1&psc=1","Images":{"Primary":{"Small":{"Height":75,"URL":"https://m.media-amazon.com/images/I/41AWQz6CeTL._SL75_.jpg","Width":75}}},"ItemInfo":{"ByLineInfo":{"Brand":{"DisplayValue":"SIXS","Label":"Brand","Locale":"es_ES"},"Manufacturer":{"DisplayValue":"SIXS","Label":"Manufacturer","Locale":"es_ES"}},"Title":{"DisplayValue":"SIXS - Mono de adulto Stx, negro carbono, talla XL","Label":"Title","Locale":"es_ES"}},"Offers":{"Summaries":[{"Condition":{"Value":"New"},"LowestPrice":{"Amount":77.0,"Currency":"EUR","DisplayAmount":"77,00 €"}}]}},{"ASIN":"B00PL8SBJ8","DetailPageURL":"https://www.amazon.es/dp/B00PL8SBJ8?tag=topinalambricos-21&linkCode=osi&th=1&psc=1","Images":{"Primary":{"Small":{"Height":75,"URL":"https://m.media-amazon.com/images/I/41ZFkW3ThqL._SL75_.jpg","Width":75}}},"ItemInfo":{"ByLineInfo":{"Brand":{"DisplayValue":"Alpinestars","Label":"Brand","Locale":"es_ES"},"Manufacturer":{"DisplayValue":"Alpinestars","Label":"Manufacturer","Locale":"es_ES"}},"Title":{"DisplayValue":"Alpinestars - Mono Cuero Mujer 2 Piezas Motegi Negro Blanco - 9","Label":"Title","Locale":"es_ES"}},"Offers":{"Summaries":[{"Condition":{"Value":"New"},"LowestPrice":{"Amount":599.0,"Currency":"EUR","DisplayAmount":"599,00 €"}}]}}],"SearchURL":"https://www.amazon.es/s?k=mono+cuero&rh=n%3A2425316031%2Cp_n_availability%3A-1&tag=topinalambricos-21&linkCode=osi","TotalResultCount":125}},"72":{"SearchResult":{"Items":[{"ASIN":"B09ZQVYWPK","DetailPageURL":"https://www.amazon.es/dp/B09ZQVYWPK?tag=topinalambricos-21&linkCode=osi&th=1&psc=1","Images":{"Primary":{"Small":{"Height":74,"URL":"https://m.media-amazon.com/images/I/41wIsDVN6TL._SL75_.jpg","Width":75}}},"ItemInfo":{"ByLineInfo":{"Brand":{"DisplayValue":"VIVICOLOR","Label":"Brand","Locale":"es_ES"}},"Title":{"DisplayValue":"Mono Corto de Cuero Negro para Mujer, con Hombros Descubiertos, Sexy, de Verano, Informal, de Piel sintética sintética, con cinturón","Label":"Title","Locale":"es_ES"}},"Offers":{"Summaries":[{"Condition":{"Value":"New"},"LowestPrice":{"Amount":18.55,"Currency":"EUR","DisplayAmount":"18,55 €"}}]}},{"ASIN":"B07NDYCHJZ","DetailPageURL":"https://www.amazon.es/dp/B07NDYCHJZ?tag=topinalambricos-21&linkCode=osi&th=1&psc=1","Images":{"Primary":{"Small":{"Height":75,"URL":"https://m.media-amazon.com/images/I/31M22cI6GDL._SL75_.jpg","Width":52}}},"ItemInfo":{"ByLineInfo":{"Brand":{"DisplayValue":"Top Totty","Label":"Brand","Locale":"es_ES"}},"Title":{"DisplayValue":"Top Totty Mono sexy de piel de vinilo Dominatrix con cadena para mujer, Negro, 38","Label":"Title","Locale":"es_ES"}},"Offers":{"Summaries":[{"Condition":{"Value":"New"},"LowestPrice":{"Amount":42.99,"Currency":"EUR","DisplayAmount":"42,99 €"}}]}},{"ASIN":"B09JGPXSPR","DetailPageURL":"https://www.amazon.es/dp/B09JGPXSPR?tag=topinalambricos-21&linkCode=osi&th=1&psc=1","Images":{"Primary":{"Small":{"Height":75,"URL":"https://m.media-amazon.com/images/I/311fsTND1qL._SL75_.jpg","Width":37}}},"ItemInfo":{"ByLineInfo":{"Brand":{"DisplayValue":"Koucla","Label":"Brand","Locale":"es_ES"}},"Title":{"DisplayValue":"Koucla Mono de gato con cremallera de 2 vías, cuello alto, aspecto mojado, aspecto de piel, Cebra Negro, Talla única","Label":"Title","Locale":"es_ES"}},"Offers":{"Summaries":[{"Condition":{"Value":"New"},"LowestPrice":{"Amount":41.3,"Currency":"EUR","DisplayAmount":"41,30 €"}}]}},{"ASIN":"B07S94KP72","DetailPageURL":"https://www.amazon.es/dp/B07S94KP72?tag=topinalambricos-21&linkCode=osi&th=1&psc=1","Images":{"Primary":{"Small":{"Height":75,"URL":"https://m.media-amazon.com/images/I/31kYZOmp-jL._SL75_.jpg","Width":57}}},"ItemInfo":{"ByLineInfo":{"Brand":{"DisplayValue":"YOOJIA","Label":"Brand","Locale":"es_ES"}},"Title":{"DisplayValue":"YOOJIA Body Cuero Mujer Mono Metálico Brillante Catsuit Push Up Maillot de Charol Bodycon con Cremallera Traje Bailarina Discoteca Plateado Medium","Label":"Title","Locale":"es_ES"}},"Offers":{"Summaries":[{"Condition":{"Value":"New"},"LowestPrice":{"Amount":14.49,"Currency":"EUR","DisplayAmount":"14,49 €"}}]}},{"ASIN":"B07VPH8QJ2","DetailPageURL":"https://www.amazon.es/dp/B07VPH8QJ2?tag=topinalambricos-21&linkCode=osi&th=1&psc=1","Images":{"Primary":{"Small":{"Height":75,"URL":"https://m.media-amazon.com/images/I/41E55oy-ZjL._SL75_.jpg","Width":75}}},"ItemInfo":{"ByLineInfo":{"Brand":{"DisplayValue":"GGT Boutique","Label":"Brand","Locale":"es_ES"}},"Title":{"DisplayValue":"GGT Boutique Top Totty - Overol sexy de piel sintética con cuello alto y piel de serpiente para mujer (talla S)","Label":"Title","Locale":"es_ES"}},"Offers":{"Summaries":[{"Condition":{"Value":"New"},"LowestPrice":{"Amount":39.26,"Currency":"EUR","DisplayAmount":"39,26 €"}}]}},{"ASIN":"B07BBTFMLG","DetailPageURL":"https://www.amazon.es/dp/B07BBTFMLG?tag=topinalambricos-21&linkCode=osi&th=1&psc=1","Images":{"Primary":{"Small":{"Height":75,"URL":"https://m.media-amazon.com/images/I/31s0e5r1ILL._SL75_.jpg","Width":38}}},"ItemInfo":{"ByLineInfo":{"Brand":{"DisplayValue":"Boowhol","Label":"Brand","Locale":"es_ES"}},"Title":{"DisplayValue":"BROWOL Disfraz sexy de gato de piel de serpiente a rayas, Club DS lacado, traje ajustado, mono de piel de serpiente, Catwoman, traje estilo mono, disfraz completo de fiesta, Negro , L","Label":"Title","Locale":"es_ES"}},"Offers":{"Summaries":[{"Condition":{"Value":"New"},"LowestPrice":{"Amount":16.2,"Currency":"EUR","DisplayAmount":"16,20 €"}}]}},{"ASIN":"B07TLWQ89P","DetailPageURL":"https://www.amazon.es/dp/B07TLWQ89P?tag=topinalambricos-21&linkCode=osi&th=1&psc=1","Images":{"Primary":{"Small":{"Height":75,"URL":"https://m.media-amazon.com/images/I/41sfFCDaKTL._SL75_.jpg","Width":75}}},"ItemInfo":{"ByLineInfo":{"Brand":{"DisplayValue":"WYGH","Label":"Brand","Locale":"es_ES"},"Manufacturer":{"DisplayValue":"WYGH","Label":"Manufacturer","Locale":"es_ES"}},"Title":{"DisplayValue":"WYGH Disfraz Catsuit para Mujer Jumpsuit Piel de Serpiente Modelo Brillante Mono Patentar Cuero Apariencia mojada Traje Catwomen Partido Cosplay Carnavales Ideal para Amante Regalo,Gold-L","Label":"Title","Locale":"es_ES"}},"Offers":{"Summaries":[{"Condition":{"Value":"New"},"LowestPrice":{"Amount":27.99,"Currency":"EUR","DisplayAmount":"27,99 €"}}]}},{"ASIN":"B08XY7DKB8","DetailPageURL":"https://www.amazon.es/dp/B08XY7DKB8?tag=topinalambricos-21&linkCode=osi&th=1&psc=1","Images":{"Primary":{"Small":{"Height":75,"URL":"https://m.media-amazon.com/images/I/41DhqWq9W8L._SL75_.jpg","Width":46}}},"ItemInfo":{"ByLineInfo":{"Brand":{"DisplayValue":"Koucla","Label":"Brand","Locale":"es_ES"},"Manufacturer":{"DisplayValue":"Koucla","Label":"Manufacturer","Locale":"es_ES"}},"Title":{"DisplayValue":"Koucla Mono de piel sintética de aspecto de piel sintética con cinturón, rojo, S","Label":"Title","Locale":"es_ES"}},"Offers":{"Summaries":[{"Condition":{"Value":"New"},"LowestPrice":{"Amount":44.23,"Currency":"EUR","DisplayAmount":"44,23 €"}}]}},{"ASIN":"B077GW6JBH","DetailPageURL":"https://www.amazon.es/dp/B077GW6JBH?tag=topinalambricos-21&linkCode=osi&th=1&psc=1","Images":{"Primary":{"Small":{"Height":75,"URL":"https://m.media-amazon.com/images/I/21EW+PYdIoL._SL75_.jpg","Width":50}}},"ItemInfo":{"ByLineInfo":{"Brand":{"DisplayValue":"GGTBOUTIQUE","Label":"Brand","Locale":"es_ES"}},"Title":{"DisplayValue":"GGTBOUTIQUE Mono de cuero plateado, plata, M","Label":"Title","Locale":"es_ES"}},"Offers":{"Summaries":[{"Condition":{"Value":"New"},"LowestPrice":{"Amount":43.62,"Currency":"EUR","DisplayAmount":"43,62 €"}}]}},{"ASIN":"B09YM5YLM6","DetailPageURL":"https://www.amazon.es/dp/B09YM5YLM6?tag=topinalambricos-21&linkCode=osi&th=1&psc=1","Images":{"Primary":{"Small":{"Height":75,"URL":"https://m.media-amazon.com/images/I/41dIGE-hpQL._SL75_.jpg","Width":49}}},"ItemInfo":{"ByLineInfo":{"Brand":{"DisplayValue":"Maeau","Label":"Brand","Locale":"es_ES"}},"Title":{"DisplayValue":"Maeau - Mono de mujer de una pieza, aspecto mojado, de piel, con cremallera., rojo-2, M-36/38/40","Label":"Title","Locale":"es_ES"}},"Offers":{"Summaries":[{"Condition":{"Value":"New"},"LowestPrice":{"Amount":28.0,"Currency":"EUR","DisplayAmount":"28,00 €"}}]}}],"SearchURL":"https://www.amazon.es/s?k=cuero+piel&rh=n%3A3074059031%2Cp_n_availability%3A-1&tag=topinalambricos-21&linkCode=osi","TotalResultCount":171}},"74":{"SearchResult":{"Items":[{"ASIN":"B098847D7V","DetailPageURL":"https://www.amazon.es/dp/B098847D7V?tag=topinalambricos-21&linkCode=osi&th=1&psc=1","Images":{"Primary":{"Small":{"Height":75,"URL":"https://m.media-amazon.com/images/I/31y2GeP7jMS._SL75_.jpg","Width":75}}},"ItemInfo":{"ByLineInfo":{"Brand":{"DisplayValue":"Leatherick","Label":"Brand","Locale":"es_ES"}},"Title":{"DisplayValue":"Leatherick Chaleco de cuero auténtico de piel de vacuno de grano superior para hombre Chaleco clásico negro con cordones laterales y bolsillos de transporte ocultos - Negro - M","Label":"Title","Locale":"es_ES"}},"Offers":{"Summaries":[{"Condition":{"Value":"New"},"LowestPrice":{"Amount":45.99,"Currency":"EUR","DisplayAmount":"45,99 €"}}]}},{"ASIN":"B09MKJCXVZ","DetailPageURL":"https://www.amazon.es/dp/B09MKJCXVZ?tag=topinalambricos-21&linkCode=osi&th=1&psc=1","Images":{"Primary":{"Small":{"Height":75,"URL":"https://m.media-amazon.com/images/I/416rZiGqS3L._SL75_.jpg","Width":75}}},"ItemInfo":{"ByLineInfo":{"Brand":{"DisplayValue":"Leatherick","Label":"Brand","Locale":"es_ES"}},"Title":{"DisplayValue":"Leatherick Groove Club Chaleco Cuero Hombre - Forro Tradicional De Satén De Cachemira Con Costuras De Diamantes Blancos (2XL)","Label":"Title","Locale":"es_ES"}},"Offers":{"Summaries":[{"Condition":{"Value":"New"},"LowestPrice":{"Amount":104.99,"Currency":"EUR","DisplayAmount":"104,99 €"}}]}},{"ASIN":"B09M9MZ9B7","DetailPageURL":"https://www.amazon.es/dp/B09M9MZ9B7?tag=topinalambricos-21&linkCode=osi&th=1&psc=1","Images":{"Primary":{"Small":{"Height":75,"URL":"https://m.media-amazon.com/images/I/41XSfk7HdJL._SL75_.jpg","Width":75}}},"ItemInfo":{"ByLineInfo":{"Brand":{"DisplayValue":"NUSGEAR","Label":"Brand","Locale":"es_ES"}},"Title":{"DisplayValue":"2022 Hombres Chaqueta de Cuero,Invierno Espesar Cuero de la Piel Chaqueta de béisbol Forro de lana Abrigo de solapa Impermeable a Prueba de Viento Ropa de moto Talla grande PU cremallera Abrigo Largo","Label":"Title","Locale":"es_ES"}},"Offers":{"Summaries":[{"Condition":{"Value":"New"},"LowestPrice":{"Amount":71.98,"Currency":"EUR","DisplayAmount":"71,98 €"}}]}},{"ASIN":"B07CQVVLSK","DetailPageURL":"https://www.amazon.es/dp/B07CQVVLSK?tag=topinalambricos-21&linkCode=osi&th=1&psc=1","Images":{"Primary":{"Small":{"Height":75,"URL":"https://m.media-amazon.com/images/I/31pvs2yb1BL._SL75_.jpg","Width":57}}},"ItemInfo":{"ByLineInfo":{"Brand":{"DisplayValue":"Leatherick","Label":"Brand","Locale":"es_ES"},"Manufacturer":{"DisplayValue":"Leatherick","Label":"Manufacturer","Locale":"es_ES"}},"Title":{"DisplayValue":"Leatherick Chaleco de cuero real para hombre, estilo motorista Moda casual","Label":"Title","Locale":"es_ES"}},"Offers":{"Summaries":[{"Condition":{"Value":"New"},"LowestPrice":{"Amount":44.99,"Currency":"EUR","DisplayAmount":"44,99 €"}}]}},{"ASIN":"B00BE6G6OI","DetailPageURL":"https://www.amazon.es/dp/B00BE6G6OI?tag=topinalambricos-21&linkCode=osi&th=1&psc=1","Images":{"Primary":{"Small":{"Height":75,"URL":"https://m.media-amazon.com/images/I/41kTHgFRgoL._SL75_.jpg","Width":75}}},"ItemInfo":{"ByLineInfo":{"Brand":{"DisplayValue":"Bikers Gear Australia","Label":"Brand","Locale":"es_ES"},"Manufacturer":{"DisplayValue":"Bikers Gear Australia","Label":"Manufacturer","Locale":"es_ES"}},"Title":{"DisplayValue":"Bikers Gear Australia - Chaleco de piel para moto, color negro revolver, estilo Sons of Anarchy","Label":"Title","Locale":"es_ES"}},"Offers":{"Summaries":[{"Condition":{"Value":"New"},"LowestPrice":{"Amount":72.79,"Currency":"EUR","DisplayAmount":"72,79 €"}}]}},{"ASIN":"B01M15LKI2","DetailPageURL":"https://www.amazon.es/dp/B01M15LKI2?tag=topinalambricos-21&linkCode=osi&th=1&psc=1","Images":{"Primary":{"Small":{"Height":75,"URL":"https://m.media-amazon.com/images/I/412OurC2NIL._SL75_.jpg","Width":54}}},"ItemInfo":{"ByLineInfo":{"Brand":{"DisplayValue":"MDM","Label":"Brand","Locale":"es_ES"}},"Title":{"DisplayValue":"MDM Chaleco de piel para hombre Negro XL","Label":"Title","Locale":"es_ES"}},"Offers":{"Summaries":[{"Condition":{"Value":"New"},"LowestPrice":{"Amount":49.99,"Currency":"EUR","DisplayAmount":"49,99 €"}}]}},{"ASIN":"B094RD3LZS","DetailPageURL":"https://www.amazon.es/dp/B094RD3LZS?tag=topinalambricos-21&linkCode=osi&th=1&psc=1","Images":{"Primary":{"Small":{"Height":75,"URL":"https://m.media-amazon.com/images/I/4180JfGrnmS._SL75_.jpg","Width":49}}},"ItemInfo":{"ByLineInfo":{"Brand":{"DisplayValue":"Iguana Custom","Label":"Brand","Locale":"es_ES"}},"Title":{"DisplayValue":"Iguana Custom Chaleco SOA de cuero negro de estilo motero fabricado en autentica Piel perfecto para parches de clubs o free biker, como el que usan en Sons of Anarchy (2XL)","Label":"Title","Locale":"es_ES"}},"Offers":{"Summaries":[{"Condition":{"Value":"New"},"LowestPrice":{"Amount":69.0,"Currency":"EUR","DisplayAmount":"69,00 €"}}]}},{"ASIN":"B07CGSPBLM","DetailPageURL":"https://www.amazon.es/dp/B07CGSPBLM?tag=topinalambricos-21&linkCode=osi&th=1&psc=1","Images":{"Primary":{"Small":{"Height":75,"URL":"https://m.media-amazon.com/images/I/41rji6xEfsL._SL75_.jpg","Width":75}}},"ItemInfo":{"ByLineInfo":{"Brand":{"DisplayValue":"Leatherick","Label":"Brand","Locale":"es_ES"}},"Title":{"DisplayValue":"Leatherick SOA Chaleco de motociclista de grano superior para hombre, marrón envejecido, sin cuello para montar y a la moda, corte de estilo chaleco, con bolsillos profundos","Label":"Title","Locale":"es_ES"}},"Offers":{"Summaries":[{"Condition":{"Value":"New"},"LowestPrice":{"Amount":67.99,"Currency":"EUR","DisplayAmount":"67,99 €"}}]}},{"ASIN":"B00ZRBW30C","DetailPageURL":"https://www.amazon.es/dp/B00ZRBW30C?tag=topinalambricos-21&linkCode=osi&th=1&psc=1","Images":{"Primary":{"Small":{"Height":75,"URL":"https://m.media-amazon.com/images/I/41KeQmI5ixL._SL75_.jpg","Width":50}}},"ItemInfo":{"ByLineInfo":{"Brand":{"DisplayValue":"Gaudi-Leathers","Label":"Brand","Locale":"es_ES"}},"Title":{"DisplayValue":"Gaudi-Leathers Chaleco de Cuero para Hombre Moto o Motocicleta Biker Moto Brando Style 3XL","Label":"Title","Locale":"es_ES"}},"Offers":{"Summaries":[{"Condition":{"Value":"New"},"LowestPrice":{"Amount":59.9,"Currency":"EUR","DisplayAmount":"59,90 €"}}]}},{"ASIN":"B00X0W9NVM","DetailPageURL":"https://www.amazon.es/dp/B00X0W9NVM?tag=topinalambricos-21&linkCode=osi&th=1&psc=1","Images":{"Primary":{"Small":{"Height":75,"URL":"https://m.media-amazon.com/images/I/31pCG0lBKEL._SL75_.jpg","Width":57}}},"ItemInfo":{"ByLineInfo":{"Brand":{"DisplayValue":"Tommy Hilfiger","Label":"Brand","Locale":"es_ES"},"Manufacturer":{"DisplayValue":"T.H. Deutschland GmbH","Label":"Manufacturer","Locale":"es_ES"}},"Title":{"DisplayValue":"Tommy Hilfiger Billetera Hombre Johnson Mini Cc Flap Coin Pocket de Cuero, Marrón(Brown), Onesize","Label":"Title","Locale":"es_ES"}},"Offers":{"Summaries":[{"Condition":{"Value":"New"},"LowestPrice":{"Amount":47.64,"Currency":"EUR","DisplayAmount":"47,64 €"}}]}}],"SearchURL":"https://www.amazon.es/s?k=chaleco+piel+cuero&rh=n%3A3074027031%2Cp_n_availability%3A-1&tag=topinalambricos-21&linkCode=osi","TotalResultCount":426}},"75":{"SearchResult":{"Items":[{"ASIN":"B07L129L48","DetailPageURL":"https://www.amazon.es/dp/B07L129L48?tag=topinalambricos-21&linkCode=osi&th=1&psc=1","Images":{"Primary":{"Small":{"Height":75,"URL":"https://m.media-amazon.com/images/I/419UixeUwqL._SL75_.jpg","Width":75}}},"ItemInfo":{"ByLineInfo":{"Brand":{"DisplayValue":"riou Mujer","Label":"Brand","Locale":"es_ES"}},"Title":{"DisplayValue":"Chaleco Peludo de Moda para Mujer Chaleco de Piel sintética Cuello de pie Abrigo de Piel sintética Chaleco Chaqueta Camisa de Ropa Deportiva riou","Label":"Title","Locale":"es_ES"}},"Offers":{"Summaries":[{"Condition":{"Value":"New"},"LowestPrice":{"Amount":11.99,"Currency":"EUR","DisplayAmount":"11,99 €"}}]}},{"ASIN":"B07YX4WTVR","DetailPageURL":"https://www.amazon.es/dp/B07YX4WTVR?tag=topinalambricos-21&linkCode=osi&th=1&psc=1","Images":{"Primary":{"Small":{"Height":75,"URL":"https://m.media-amazon.com/images/I/419UixeUwqL._SL75_.jpg","Width":75}}},"ItemInfo":{"ByLineInfo":{"Brand":{"DisplayValue":"NUSGEAR","Label":"Brand","Locale":"es_ES"}},"Title":{"DisplayValue":"Chaleco de Mujer Moda Chaqueta sin Mangas Ligero Plegable de Abrigo de Invierno Piel sintética Cazadoras Calentar vpass","Label":"Title","Locale":"es_ES"}},"Offers":{"Summaries":[{"Condition":{"Value":"New"},"LowestPrice":{"Amount":5.98,"Currency":"EUR","DisplayAmount":"5,98 €"}}]}},{"ASIN":"B0BDMLXFPY","DetailPageURL":"https://www.amazon.es/dp/B0BDMLXFPY?tag=topinalambricos-21&linkCode=osi&th=1&psc=1","Images":{"Primary":{"Small":{"Height":75,"URL":"https://m.media-amazon.com/images/I/41HU-gAfm-L._SL75_.jpg","Width":75}}},"ItemInfo":{"ByLineInfo":{"Brand":{"DisplayValue":"Ghemdilmn","Label":"Brand","Locale":"es_ES"}},"Title":{"DisplayValue":"Ghemdilmn Chaleco de mujer de manga larga chaqueta de cuero para motocicleta, chaqueta de piel sintética, chaqueta de moda para mujer, abrigo de invierno negro, Negro , L","Label":"Title","Locale":"es_ES"}},"Offers":{"Summaries":[{"Condition":{"Value":"New"},"LowestPrice":{"Amount":48.89,"Currency":"EUR","DisplayAmount":"48,89 €"}}]}},{"ASIN":"B09HXWYV8K","DetailPageURL":"https://www.amazon.es/dp/B09HXWYV8K?tag=topinalambricos-21&linkCode=osi&th=1&psc=1","Images":{"Primary":{"Small":{"Height":75,"URL":"https://m.media-amazon.com/images/I/513Grya5vgL._SL75_.jpg","Width":75}}},"ItemInfo":{"ByLineInfo":{"Brand":{"DisplayValue":"NUSGEAR","Label":"Brand","Locale":"es_ES"}},"Title":{"DisplayValue":"2021 Chaquetas Mujer Elegantes Lujo Moda Leopardo Abrigo Invierno otoño Señora Piel de imitación Cardigans Moda Piel sintética Ropa de Abrigo de Solapa Tallas Grandes caliente Rompevientos Clásico","Label":"Title","Locale":"es_ES"}},"Offers":{"Summaries":[{"Condition":{"Value":"New"},"LowestPrice":{"Amount":19.98,"Currency":"EUR","DisplayAmount":"19,98 €"}}]}},{"ASIN":"B09NDR7FP6","DetailPageURL":"https://www.amazon.es/dp/B09NDR7FP6?tag=topinalambricos-21&linkCode=osi&th=1&psc=1","Images":{"Primary":{"Small":{"Height":75,"URL":"https://m.media-amazon.com/images/I/41uV+VKWhNL._SL75_.jpg","Width":75}}},"ItemInfo":{"ByLineInfo":{"Brand":{"DisplayValue":"VEMOW","Label":"Brand","Locale":"es_ES"}},"Title":{"DisplayValue":"Chaleco Peludo de Moda para Mujer Chaleco de Piel Sintética Cuello de pie Invierno Chaquetas Pelo Abrigo sin Mangas de Piel Sintética Chaleco Chaqueta Camisa de Ropa Deportiva(Blanco,XL)","Label":"Title","Locale":"es_ES"}},"Offers":{"Summaries":[{"Condition":{"Value":"New"},"LowestPrice":{"Amount":20.99,"Currency":"EUR","DisplayAmount":"20,99 €"}}]}},{"ASIN":"B07L8LBFVB","DetailPageURL":"https://www.amazon.es/dp/B07L8LBFVB?tag=topinalambricos-21&linkCode=osi&th=1&psc=1","Images":{"Primary":{"Small":{"Height":75,"URL":"https://m.media-amazon.com/images/I/41qTkrDGRVL._SL75_.jpg","Width":56}}},"ItemInfo":{"ByLineInfo":{"Brand":{"DisplayValue":"Vero Moda","Label":"Brand","Locale":"es_ES"},"Manufacturer":{"DisplayValue":"Vero Moda NOS","Label":"Manufacturer","Locale":"es_ES"}},"Title":{"DisplayValue":"Vero Moda Vmria FAV Short Faux Leather Jacket Noos Chaqueta, Negro (Black Black), 40 (Talla del Fabricante: Medium) para Mujer","Label":"Title","Locale":"es_ES"}},"Offers":{"Summaries":[{"Condition":{"Value":"New"},"LowestPrice":{"Amount":28.0,"Currency":"EUR","DisplayAmount":"28,00 €"}}]}},{"ASIN":"B00DVI6V1U","DetailPageURL":"https://www.amazon.es/dp/B00DVI6V1U?tag=topinalambricos-21&linkCode=osi&th=1&psc=1","Images":{"Primary":{"Small":{"Height":75,"URL":"https://m.media-amazon.com/images/I/51g9CIj6jsL._SL75_.jpg","Width":56}}},"ItemInfo":{"ByLineInfo":{"Brand":{"DisplayValue":"Only","Label":"Brand","Locale":"es_ES"},"Contributors":[{"Locale":"es_ES","Name":"Only","Role":"Diseñador","RoleType":"designer"}],"Manufacturer":{"DisplayValue":"ONLY","Label":"Manufacturer","Locale":"es_ES"}},"Title":{"DisplayValue":"Only Bandit PU Biker Chaqueta, Negro (Black C N 010), 38 (M) para Mujer","Label":"Title","Locale":"es_ES"}},"Offers":{"Summaries":[{"Condition":{"Value":"New"},"LowestPrice":{"Amount":32.0,"Currency":"EUR","DisplayAmount":"32,00 €"}}]}},{"ASIN":"B08JG9RPDD","DetailPageURL":"https://www.amazon.es/dp/B08JG9RPDD?tag=topinalambricos-21&linkCode=osi&th=1&psc=1","Images":{"Primary":{"Small":{"Height":75,"URL":"https://m.media-amazon.com/images/I/31XnBCIMpUL._SL75_.jpg","Width":54}}},"ItemInfo":{"ByLineInfo":{"Brand":{"DisplayValue":"Only","Label":"Brand","Locale":"es_ES"},"Manufacturer":{"DisplayValue":"Bestseller A/S","Label":"Manufacturer","Locale":"es_ES"}},"Title":{"DisplayValue":"Only Onldemy Otw Noos-Abrigo Acolchado Chaqueta, Negro, M para Mujer","Label":"Title","Locale":"es_ES"}},"Offers":{"Summaries":[{"Condition":{"Value":"New"},"LowestPrice":{"Amount":46.47,"Currency":"EUR","DisplayAmount":"46,47 €"}}]}},{"ASIN":"B08PG3Z5FQ","DetailPageURL":"https://www.amazon.es/dp/B08PG3Z5FQ?tag=topinalambricos-21&linkCode=osi&th=1&psc=1","Images":{"Primary":{"Small":{"Height":75,"URL":"https://m.media-amazon.com/images/I/41MB0KW2EHL._SL75_.jpg","Width":49}}},"ItemInfo":{"ByLineInfo":{"Brand":{"DisplayValue":"Miss Noir","Label":"Brand","Locale":"es_ES"},"Manufacturer":{"DisplayValue":"Miss Noir","Label":"Manufacturer","Locale":"es_ES"}},"Title":{"DisplayValue":"Miss Noir 19627 Chaleco de Vinilo para Mujer Aspecto de Piel Tallas S-3XL Cremallera Frontal Vesta Corta Top de Piel Sintétic Fiesta Wetlook Clubwear, Negro (196271-bk), L","Label":"Title","Locale":"es_ES"}},"Offers":{"Summaries":[{"Condition":{"Value":"New"},"LowestPrice":{"Amount":34.9,"Currency":"EUR","DisplayAmount":"34,90 €"}}]}},{"ASIN":"B07ZXDX9B8","DetailPageURL":"https://www.amazon.es/dp/B07ZXDX9B8?tag=topinalambricos-21&linkCode=osi&th=1&psc=1","Images":{"Primary":{"Small":{"Height":73,"URL":"https://m.media-amazon.com/images/I/41nd+CLvMFL._SL75_.jpg","Width":75}}},"ItemInfo":{"ByLineInfo":{"Brand":{"DisplayValue":"Leatherick","Label":"Brand","Locale":"es_ES"},"Manufacturer":{"DisplayValue":"Leatherick Limited","Label":"Manufacturer","Locale":"es_ES"}},"Title":{"DisplayValue":"Chaleco de cuero vintage para mujer, chaqueta / chaleco sin mangas de cuero de búfalo de grano superior genuino marrón envejecido S (8)","Label":"Title","Locale":"es_ES"}},"Offers":{"Summaries":[{"Condition":{"Value":"New"},"LowestPrice":{"Amount":44.99,"Currency":"EUR","DisplayAmount":"44,99 €"}}]}}],"SearchURL":"https://www.amazon.es/s?k=chaleco+piel+cuero&rh=n%3A3074028031%2Cp_n_availability%3A-1&tag=topinalambricos-21&linkCode=osi","TotalResultCount":444}},"76":{"SearchResult":{"Items":[{"ASIN":"B019XT4KAY","DetailPageURL":"https://www.amazon.es/dp/B019XT4KAY?tag=topinalambricos-21&linkCode=osi&th=1&psc=1","Images":{"Primary":{"Small":{"Height":75,"URL":"https://m.media-amazon.com/images/I/414G51obbUL._SL75_.jpg","Width":44}}},"ItemInfo":{"ByLineInfo":{"Brand":{"DisplayValue":"MDM","Label":"Brand","Locale":"es_ES"}},"Title":{"DisplayValue":"Chaqueta de piel para hombre, chaleco para ocio, chaqueta, chaqueta de caza, de pesca, chaleco para moto chopper, chaqueta rockera, chaqueta de moto. negro Negro XXXXXL","Label":"Title","Locale":"es_ES"}},"Offers":{"Summaries":[{"Condition":{"Value":"New"},"LowestPrice":{"Amount":105.0,"Currency":"EUR","DisplayAmount":"105,00 €"}}]}},{"ASIN":"B00YTHIENK","DetailPageURL":"https://www.amazon.es/dp/B00YTHIENK?tag=topinalambricos-21&linkCode=osi&th=1&psc=1","Images":{"Primary":{"Small":{"Height":75,"URL":"https://m.media-amazon.com/images/I/41-SteDlLtL._SL75_.jpg","Width":49}}},"ItemInfo":{"ByLineInfo":{"Brand":{"DisplayValue":"German Wear","Label":"Brand","Locale":"es_ES"},"Manufacturer":{"DisplayValue":"German Wear","Label":"Manufacturer","Locale":"es_ES"}},"Title":{"DisplayValue":"German Wear piel moto Sotana Chaleco, Negro","Label":"Title","Locale":"es_ES"}},"Offers":{"Summaries":[{"Condition":{"Value":"New"},"LowestPrice":{"Amount":35.15,"Currency":"EUR","DisplayAmount":"35,15 €"}}]}},{"ASIN":"B00URY0CT8","DetailPageURL":"https://www.amazon.es/dp/B00URY0CT8?tag=topinalambricos-21&linkCode=osi&th=1&psc=1","Images":{"Primary":{"Small":{"Height":75,"URL":"https://m.media-amazon.com/images/I/41c2PZJwaxL._SL75_.jpg","Width":75}}},"ItemInfo":{"ByLineInfo":{"Brand":{"DisplayValue":"Bikers Gear Australia","Label":"Brand","Locale":"es_ES"},"Manufacturer":{"DisplayValue":"Australian Bikers Gear","Label":"Manufacturer","Locale":"es_ES"}},"Title":{"DisplayValue":"Bikers Gear Sons Of Anarchy - Chaleco de cuero para hombre, Negro, XL","Label":"Title","Locale":"es_ES"}},"Offers":{"Summaries":[{"Condition":{"Value":"New"},"LowestPrice":{"Amount":59.99,"Currency":"EUR","DisplayAmount":"59,99 €"}}]}},{"ASIN":"B09MKW7NGN","DetailPageURL":"https://www.amazon.es/dp/B09MKW7NGN?tag=topinalambricos-21&linkCode=osi&th=1&psc=1","Images":{"Primary":{"Small":{"Height":75,"URL":"https://m.media-amazon.com/images/I/41ITnm6sdwL._SL75_.jpg","Width":75}}},"ItemInfo":{"ByLineInfo":{"Brand":{"DisplayValue":"Leatherick","Label":"Brand","Locale":"es_ES"}},"Title":{"DisplayValue":"Leatherick Groove Club Chaleco Cuero Hombre - Forro Tradicional De Satén De Cachemira Con Costuras Rojas (2XL60)","Label":"Title","Locale":"es_ES"}},"Offers":{"Summaries":[{"Condition":{"Value":"New"},"LowestPrice":{"Amount":104.99,"Currency":"EUR","DisplayAmount":"104,99 €"}}]}},{"ASIN":"B09PCZT7CQ","DetailPageURL":"https://www.amazon.es/dp/B09PCZT7CQ?tag=topinalambricos-21&linkCode=osi&th=1&psc=1","Images":{"Primary":{"Small":{"Height":75,"URL":"https://m.media-amazon.com/images/I/41RVVt3YUAL._SL75_.jpg","Width":75}}},"ItemInfo":{"ByLineInfo":{"Brand":{"DisplayValue":"ZENGKER","Label":"Brand","Locale":"es_ES"},"Manufacturer":{"DisplayValue":"ZENGKER","Label":"Manufacturer","Locale":"es_ES"}},"Title":{"DisplayValue":"Hombres Chaleco de cuero V La chaqueta de motocicleta de la motocicleta de un solo traje de pecho sin mangas Slim Fit (Color : Red, Size : XXXX-large)","Label":"Title","Locale":"es_ES"}},"Offers":{"Summaries":[{"Condition":{"Value":"New"},"LowestPrice":{"Amount":30.0,"Currency":"EUR","DisplayAmount":"30,00 €"}}]}},{"ASIN":"B08L3P5636","DetailPageURL":"https://www.amazon.es/dp/B08L3P5636?tag=topinalambricos-21&linkCode=osi&th=1&psc=1","Images":{"Primary":{"Small":{"Height":75,"URL":"https://m.media-amazon.com/images/I/41YuHB5eG7S._SL75_.jpg","Width":63}}},"ItemInfo":{"ByLineInfo":{"Brand":{"DisplayValue":"BI ESSE","Label":"Brand","Locale":"es_ES"},"Manufacturer":{"DisplayValue":"BI ESSE","Label":"Manufacturer","Locale":"es_ES"}},"Title":{"DisplayValue":"BI ESSE - Chaqueta de piel para moto, estilo vintage, con protección y chaqueta certificada (negro/blanco, 4XL)","Label":"Title","Locale":"es_ES"}},"Offers":{"Summaries":[{"Condition":{"Value":"New"},"LowestPrice":{"Amount":109.99,"Currency":"EUR","DisplayAmount":"109,99 €"}}]}},{"ASIN":"B00VBOSEZ2","DetailPageURL":"https://www.amazon.es/dp/B00VBOSEZ2?tag=topinalambricos-21&linkCode=osi&th=1&psc=1","Images":{"Primary":{"Small":{"Height":75,"URL":"https://m.media-amazon.com/images/I/413Gk9r4tpL._SL75_.jpg","Width":51}}},"ItemInfo":{"ByLineInfo":{"Brand":{"DisplayValue":"MDM","Label":"Brand","Locale":"es_ES"},"Manufacturer":{"DisplayValue":"MDM","Label":"Manufacturer","Locale":"es_ES"}},"Title":{"DisplayValue":"MDM Chaleco Cuero Biker Negro Hombres (XL)","Label":"Title","Locale":"es_ES"}},"Offers":{"Summaries":[{"Condition":{"Value":"New"},"LowestPrice":{"Amount":79.9,"Currency":"EUR","DisplayAmount":"79,90 €"}}]}},{"ASIN":"B00VEFH5Y4","DetailPageURL":"https://www.amazon.es/dp/B00VEFH5Y4?tag=topinalambricos-21&linkCode=osi&th=1&psc=1","Images":{"Primary":{"Small":{"Height":75,"URL":"https://m.media-amazon.com/images/I/413Gk9r4tpL._SL75_.jpg","Width":51}}},"ItemInfo":{"ByLineInfo":{"Brand":{"DisplayValue":"MDM","Label":"Brand","Locale":"es_ES"},"Manufacturer":{"DisplayValue":"MDM","Label":"Manufacturer","Locale":"es_ES"}},"Title":{"DisplayValue":"MDM Chaleco de piel para hombre, chaleco de piel de vacuno, chaleco de club,, Negro , XXXXL","Label":"Title","Locale":"es_ES"}},"Offers":{"Summaries":[{"Condition":{"Value":"New"},"LowestPrice":{"Amount":89.9,"Currency":"EUR","DisplayAmount":"89,90 €"}}]}},{"ASIN":"B01C33LP82","DetailPageURL":"https://www.amazon.es/dp/B01C33LP82?tag=topinalambricos-21&linkCode=osi&th=1&psc=1","Images":{"Primary":{"Small":{"Height":75,"URL":"https://m.media-amazon.com/images/I/417qlvCiYML._SL75_.jpg","Width":67}}},"ItemInfo":{"ByLineInfo":{"Brand":{"DisplayValue":"Bikers Gear Australia","Label":"Brand","Locale":"es_ES"},"Manufacturer":{"DisplayValue":"Australian Bikers Gear","Label":"Manufacturer","Locale":"es_ES"}},"Title":{"DisplayValue":"Marrón clásico Encerada y engrasado Cuero Vacuno Motociclismo emperrada blindado por Ciclistas Gear UK Marrón marrón Talla:L","Label":"Title","Locale":"es_ES"}},"Offers":{"Summaries":[{"Condition":{"Value":"New"},"LowestPrice":{"Amount":137.82,"Currency":"EUR","DisplayAmount":"137,82 €"}},{"Condition":{"Value":"Used"},"LowestPrice":{"Amount":132.1,"Currency":"EUR","DisplayAmount":"132,10 €"}}]}},{"ASIN":"B09G3G1TXS","DetailPageURL":"https://www.amazon.es/dp/B09G3G1TXS?tag=topinalambricos-21&linkCode=osi&th=1&psc=1","Images":{"Primary":{"Small":{"Height":75,"URL":"https://m.media-amazon.com/images/I/51fV85Stv2S._SL75_.jpg","Width":55}}},"ItemInfo":{"ByLineInfo":{"Brand":{"DisplayValue":"Jorde Calf","Label":"Brand","Locale":"es_ES"},"Manufacturer":{"DisplayValue":"Jorde Calf","Label":"Manufacturer","Locale":"es_ES"}},"Title":{"DisplayValue":"Cafe Racer Retro 2 Cazadora motera de cuero envejecido de estilo vintage para hombre, negro, Raya dorada, XXL","Label":"Title","Locale":"es_ES"}},"Offers":{"Summaries":[{"Condition":{"Value":"New"},"LowestPrice":{"Amount":104.78,"Currency":"EUR","DisplayAmount":"104,78 €"}}]}}],"SearchURL":"https://www.amazon.es/s?k=chaleco+cuero&rh=n%3A2425315031%2Cp_n_availability%3A-1&tag=topinalambricos-21&linkCode=osi","TotalResultCount":931}},"78":{"SearchResult":{"Items":[{"ASIN":"B07585XPN2","DetailPageURL":"https://www.amazon.es/dp/B07585XPN2?tag=topinalambricos-21&linkCode=osi&th=1&psc=1","Images":{"Primary":{"Small":{"Height":75,"URL":"https://m.media-amazon.com/images/I/41pZ+yXH54L._SL75_.jpg","Width":56}}},"ItemInfo":{"ByLineInfo":{"Brand":{"DisplayValue":"NAME IT","Label":"Brand","Locale":"es_ES"},"Manufacturer":{"DisplayValue":"NOISY MAY","Label":"Manufacturer","Locale":"es_ES"}},"Title":{"DisplayValue":"NAME IT Nmrebel L/s PU Jacket-Noos Chaqueta, Negro (Black), 42 (Talla del Fabricante: X-Large) para Mujer","Label":"Title","Locale":"es_ES"}},"Offers":{"Summaries":[{"Condition":{"Value":"New"},"LowestPrice":{"Amount":30.1,"Currency":"EUR","DisplayAmount":"30,10 €"}}]}},{"ASIN":"B09DT1L185","DetailPageURL":"https://www.amazon.es/dp/B09DT1L185?tag=topinalambricos-21&linkCode=osi&th=1&psc=1","Images":{"Primary":{"Small":{"Height":75,"URL":"https://m.media-amazon.com/images/I/31QbVdg9MwL._SL75_.jpg","Width":56}}},"ItemInfo":{"ByLineInfo":{"Brand":{"DisplayValue":"JJXX","Label":"Brand","Locale":"es_ES"},"Manufacturer":{"DisplayValue":"Bestseller A/S","Label":"Manufacturer","Locale":"es_ES"}},"Title":{"DisplayValue":"JJXX Jxgail Faux Leather Biker Jacket Noos Chaqueta de Cuero sinttico, Negro, M para Mujer","Label":"Title","Locale":"es_ES"}},"Offers":{"Summaries":[{"Condition":{"Value":"New"},"LowestPrice":{"Amount":48.99,"Currency":"EUR","DisplayAmount":"48,99 €"}}]}},{"ASIN":"B09HHKH5VW","DetailPageURL":"https://www.amazon.es/dp/B09HHKH5VW?tag=topinalambricos-21&linkCode=osi&th=1&psc=1","Images":{"Primary":{"Small":{"Height":75,"URL":"https://m.media-amazon.com/images/I/411Q4YitSQL._SL75_.jpg","Width":56}}},"ItemInfo":{"ByLineInfo":{"Brand":{"DisplayValue":"NOISY MAY","Label":"Brand","Locale":"es_ES"},"Manufacturer":{"DisplayValue":"Bestseller Textilhandels GmbH","Label":"Manufacturer","Locale":"es_ES"}},"Title":{"DisplayValue":"NOISY MAY Rebel PU Jacket Mujer Chaqueta imitación cuero Negro XXL 100% poliéster","Label":"Title","Locale":"es_ES"}},"Offers":{"Summaries":[{"Condition":{"Value":"New"},"LowestPrice":{"Amount":29.4,"Currency":"EUR","DisplayAmount":"29,40 €"}}]}},{"ASIN":"B07L8LBFVB","DetailPageURL":"https://www.amazon.es/dp/B07L8LBFVB?tag=topinalambricos-21&linkCode=osi&th=1&psc=1","Images":{"Primary":{"Small":{"Height":75,"URL":"https://m.media-amazon.com/images/I/41qTkrDGRVL._SL75_.jpg","Width":56}}},"ItemInfo":{"ByLineInfo":{"Brand":{"DisplayValue":"Vero Moda","Label":"Brand","Locale":"es_ES"},"Manufacturer":{"DisplayValue":"Vero Moda NOS","Label":"Manufacturer","Locale":"es_ES"}},"Title":{"DisplayValue":"Vero Moda Vmria FAV Short Faux Leather Jacket Noos Chaqueta, Negro (Black Black), 40 (Talla del Fabricante: Medium) para Mujer","Label":"Title","Locale":"es_ES"}},"Offers":{"Summaries":[{"Condition":{"Value":"New"},"LowestPrice":{"Amount":28.0,"Currency":"EUR","DisplayAmount":"28,00 €"}}]}},{"ASIN":"B0769MYKNH","DetailPageURL":"https://www.amazon.es/dp/B0769MYKNH?tag=topinalambricos-21&linkCode=osi&th=1&psc=1","Images":{"Primary":{"Small":{"Height":75,"URL":"https://m.media-amazon.com/images/I/31vQO+faWRL._SL75_.jpg","Width":56}}},"ItemInfo":{"ByLineInfo":{"Brand":{"DisplayValue":"Only","Label":"Brand","Locale":"es_ES"},"Manufacturer":{"DisplayValue":"ONLY","Label":"Manufacturer","Locale":"es_ES"}},"Title":{"DisplayValue":"Only ONLGEMMA Faux Leather Biker OTW Noos Chaqueta, Negro (Black Black), 38 para Mujer","Label":"Title","Locale":"es_ES"}},"Offers":{"Summaries":[{"Condition":{"Value":"New"},"LowestPrice":{"Amount":30.0,"Currency":"EUR","DisplayAmount":"30,00 €"}}]}},{"ASIN":"B00DVI6UZW","DetailPageURL":"https://www.amazon.es/dp/B00DVI6UZW?tag=topinalambricos-21&linkCode=osi&th=1&psc=1","Images":{"Primary":{"Small":{"Height":75,"URL":"https://m.media-amazon.com/images/I/51g9CIj6jsL._SL75_.jpg","Width":56}}},"ItemInfo":{"ByLineInfo":{"Brand":{"DisplayValue":"Only","Label":"Brand","Locale":"es_ES"},"Contributors":[{"Locale":"es_ES","Name":"Only","Role":"Diseñador","RoleType":"designer"}],"Manufacturer":{"DisplayValue":"ONLY","Label":"Manufacturer","Locale":"es_ES"}},"Title":{"DisplayValue":"Only Bandit PU Biker Chaqueta, Negro (Black C N 010), 36 (S) para Mujer","Label":"Title","Locale":"es_ES"}},"Offers":{"Summaries":[{"Condition":{"Value":"New"},"LowestPrice":{"Amount":32.0,"Currency":"EUR","DisplayAmount":"32,00 €"}}]}},{"ASIN":"B07RJXJ6TR","DetailPageURL":"https://www.amazon.es/dp/B07RJXJ6TR?tag=topinalambricos-21&linkCode=osi&th=1&psc=1","Images":{"Primary":{"Small":{"Height":75,"URL":"https://m.media-amazon.com/images/I/413xXxAVWoL._SL75_.jpg","Width":57}}},"ItemInfo":{"ByLineInfo":{"Brand":{"DisplayValue":"ONLY CARMAKOMA","Label":"Brand","Locale":"es_ES"},"Manufacturer":{"DisplayValue":"ONLY Carmakoma NOS","Label":"Manufacturer","Locale":"es_ES"}},"Title":{"DisplayValue":"ONLY CARMAKOMA Caremmy Faux Leather Biker Noos Chaqueta, Negro (Black), 44 para Mujer","Label":"Title","Locale":"es_ES"}},"Offers":{"Summaries":[{"Condition":{"Value":"New"},"LowestPrice":{"Amount":48.4,"Currency":"EUR","DisplayAmount":"48,40 €"}}]}},{"ASIN":"B09DT1RPGR","DetailPageURL":"https://www.amazon.es/dp/B09DT1RPGR?tag=topinalambricos-21&linkCode=osi&th=1&psc=1","Images":{"Primary":{"Small":{"Height":75,"URL":"https://m.media-amazon.com/images/I/31QbVdg9MwL._SL75_.jpg","Width":56}}},"ItemInfo":{"ByLineInfo":{"Brand":{"DisplayValue":"JJXX","Label":"Brand","Locale":"es_ES"},"Manufacturer":{"DisplayValue":"Bestseller A/S","Label":"Manufacturer","Locale":"es_ES"}},"Title":{"DisplayValue":"JJXX Jxgail Faux Leather Biker Jacket Noos Chaqueta de Cuero sinttico, Negro, L para Mujer","Label":"Title","Locale":"es_ES"}},"Offers":{"Summaries":[{"Condition":{"Value":"New"},"LowestPrice":{"Amount":48.99,"Currency":"EUR","DisplayAmount":"48,99 €"}}]}},{"ASIN":"B099N6CYP1","DetailPageURL":"https://www.amazon.es/dp/B099N6CYP1?tag=topinalambricos-21&linkCode=osi&th=1&psc=1","Images":{"Primary":{"Small":{"Height":75,"URL":"https://m.media-amazon.com/images/I/41ESZitoRAS._SL75_.jpg","Width":54}}},"ItemInfo":{"ByLineInfo":{"Brand":{"DisplayValue":"FLYCHEN","Label":"Brand","Locale":"es_ES"}},"Title":{"DisplayValue":"FLYCHEN Mujer Chaqueta Cuero Sintético Biker Chaqueta Saco Blazer Leather Jacket Chaqueta para Mujer Chaqueta con cremallera, Rojo, L","Label":"Title","Locale":"es_ES"}},"Offers":{"Summaries":[{"Condition":{"Value":"New"},"LowestPrice":{"Amount":38.99,"Currency":"EUR","DisplayAmount":"38,99 €"}}]}},{"ASIN":"B01HZQ034O","DetailPageURL":"https://www.amazon.es/dp/B01HZQ034O?tag=topinalambricos-21&linkCode=osi&th=1&psc=1","Images":{"Primary":{"Small":{"Height":75,"URL":"https://m.media-amazon.com/images/I/41AlPbNgQ5L._SL75_.jpg","Width":49}}},"ItemInfo":{"ByLineInfo":{"Brand":{"DisplayValue":"Urban Leather","Label":"Brand","Locale":"es_ES"},"Manufacturer":{"DisplayValue":"Ur Leather","Label":"Manufacturer","Locale":"es_ES"}},"Title":{"DisplayValue":"Urban Leather Corto Biker - Chaqueta de piel, Mujer, negro, S","Label":"Title","Locale":"es_ES"}},"Offers":{"Summaries":[{"Condition":{"Value":"New"},"LowestPrice":{"Amount":116.14,"Currency":"EUR","DisplayAmount":"116,14 €"}}]}}],"SearchURL":"https://www.amazon.es/s?k=chaqueta+cuero+biker&rh=n%3A3074066031%2Cp_n_availability%3A-1&tag=topinalambricos-21&linkCode=osi","TotalResultCount":11673}},"79":{"SearchResult":{"Items":[{"ASIN":"B07KKMBLRP","DetailPageURL":"https://www.amazon.es/dp/B07KKMBLRP?tag=topinalambricos-21&linkCode=osi&th=1&psc=1","Images":{"Primary":{"Small":{"Height":75,"URL":"https://m.media-amazon.com/images/I/41VWGoKa9dL._SL75_.jpg","Width":56}}},"ItemInfo":{"ByLineInfo":{"Brand":{"DisplayValue":"Redbridge","Label":"Brand","Locale":"es_ES"},"Manufacturer":{"DisplayValue":"Redbridge","Label":"Manufacturer","Locale":"es_ES"}},"Title":{"DisplayValue":"Redbridge Chaqueta de imitación de cuero para hombre con capucha Negro L","Label":"Title","Locale":"es_ES"}},"Offers":{"Summaries":[{"Condition":{"Value":"New"},"LowestPrice":{"Amount":139.7,"Currency":"EUR","DisplayAmount":"139,70 €"}}]}},{"ASIN":"B09LVNGWF8","DetailPageURL":"https://www.amazon.es/dp/B09LVNGWF8?tag=topinalambricos-21&linkCode=osi&th=1&psc=1","Images":{"Primary":{"Small":{"Height":75,"URL":"https://m.media-amazon.com/images/I/41gbxIMv3EL._SL75_.jpg","Width":75}}},"ItemInfo":{"ByLineInfo":{"Brand":{"DisplayValue":"NUSGEAR","Label":"Brand","Locale":"es_ES"}},"Title":{"DisplayValue":"Hombres Chaqueta de Cuero,Otoño Invierno Espesar Cuero de la Chaqueta de béisbol Largo Cuello alto Abrigo de Pieles Coincidencia de colores Chaqueta Impermeable a Prueba de Viento Ropa de moto PU","Label":"Title","Locale":"es_ES"}},"Offers":{"Summaries":[{"Condition":{"Value":"New"},"LowestPrice":{"Amount":77.99,"Currency":"EUR","DisplayAmount":"77,99 €"}}]}},{"ASIN":"B0BBSXMNKN","DetailPageURL":"https://www.amazon.es/dp/B0BBSXMNKN?tag=topinalambricos-21&linkCode=osi&th=1&psc=1","Images":{"Primary":{"Small":{"Height":75,"URL":"https://m.media-amazon.com/images/I/41dOkYn58hL._SL75_.jpg","Width":51}}},"ItemInfo":{"ByLineInfo":{"Brand":{"DisplayValue":"KOROSHI MANIAKS GRAPHIC DESIGN TM","Label":"Brand","Locale":"es_ES"},"Manufacturer":{"DisplayValue":"Koroshi","Label":"Manufacturer","Locale":"es_ES"}},"Title":{"DisplayValue":"Koroshi Chaqueta Cazadora Efecto Piel con Cuello Mao con Capucha para Hombre Color Negro Negro, L","Label":"Title","Locale":"es_ES"}},"Offers":{"Summaries":[{"Condition":{"Value":"New"},"LowestPrice":{"Amount":69.99,"Currency":"EUR","DisplayAmount":"69,99 €"}}]}},{"ASIN":"B07G4RY53C","DetailPageURL":"https://www.amazon.es/dp/B07G4RY53C?tag=topinalambricos-21&linkCode=osi&th=1&psc=1","Images":{"Primary":{"Small":{"Height":75,"URL":"https://m.media-amazon.com/images/I/414cwoFkFJL._SL75_.jpg","Width":57}}},"ItemInfo":{"ByLineInfo":{"Brand":{"DisplayValue":"Only & Sons","Label":"Brand","Locale":"es_ES"},"Manufacturer":{"DisplayValue":"ONLY & SONS","Label":"Manufacturer","Locale":"es_ES"}},"Title":{"DisplayValue":"Only & Sons Onsal PU Noos Otw Chaqueta, Negro (Black), Medium para Hombre","Label":"Title","Locale":"es_ES"}},"Offers":{"Summaries":[{"Condition":{"Value":"New"},"LowestPrice":{"Amount":34.28,"Currency":"EUR","DisplayAmount":"34,28 €"}}]}},{"ASIN":"B07JZXLYZB","DetailPageURL":"https://www.amazon.es/dp/B07JZXLYZB?tag=topinalambricos-21&linkCode=osi&th=1&psc=1","Images":{"Primary":{"Small":{"Height":75,"URL":"https://m.media-amazon.com/images/I/51LC87Fsk-S._SL75_.jpg","Width":75}}},"ItemInfo":{"ByLineInfo":{"Brand":{"DisplayValue":"Jack & Jones","Label":"Brand","Locale":"es_ES"},"Manufacturer":{"DisplayValue":"JACK & JONES","Label":"Manufacturer","Locale":"es_ES"}},"Title":{"DisplayValue":"Jack & Jones Jjerocky Jacket Noos Chaqueta, Negro, M para Hombre","Label":"Title","Locale":"es_ES"}},"Offers":{"Summaries":[{"Condition":{"Value":"Used"},"LowestPrice":{"Amount":40.73,"Currency":"EUR","DisplayAmount":"40,73 €"}},{"Condition":{"Value":"New"},"LowestPrice":{"Amount":51.11,"Currency":"EUR","DisplayAmount":"51,11 €"}}]}},{"ASIN":"B09M9MF284","DetailPageURL":"https://www.amazon.es/dp/B09M9MF284?tag=topinalambricos-21&linkCode=osi&th=1&psc=1","Images":{"Primary":{"Small":{"Height":75,"URL":"https://m.media-amazon.com/images/I/51fhiQCqwEL._SL75_.jpg","Width":75}}},"ItemInfo":{"ByLineInfo":{"Brand":{"DisplayValue":"NUSGEAR","Label":"Brand","Locale":"es_ES"}},"Title":{"DisplayValue":"NUSGEAR 2022 Hombres Chaqueta de Cuero,Invierno Espesar Cuero de la Piel Chaqueta de béisbol Forro de lana Abrigo de solapa Impermeable a Prueba de Viento Ropa de moto Talla grande PU cremallera","Label":"Title","Locale":"es_ES"}},"Offers":{"Summaries":[{"Condition":{"Value":"New"},"LowestPrice":{"Amount":30.99,"Currency":"EUR","DisplayAmount":"30,99 €"}}]}},{"ASIN":"B09M428JSN","DetailPageURL":"https://www.amazon.es/dp/B09M428JSN?tag=topinalambricos-21&linkCode=osi&th=1&psc=1","Images":{"Primary":{"Small":{"Height":75,"URL":"https://m.media-amazon.com/images/I/411De3G+nkL._SL75_.jpg","Width":75}}},"ItemInfo":{"ByLineInfo":{"Brand":{"DisplayValue":"NUSGEAR","Label":"Brand","Locale":"es_ES"}},"Title":{"DisplayValue":"NUSGEAR 2022 Hombres Chaqueta de Cuero,Otoño Invierno Espesar Chaqueta de béisbol Abrigo de Pieles Coincidencia solapa Cuello alto Chaqueta Impermeable a Prueba de Viento PU Ropa de moto Talla grande","Label":"Title","Locale":"es_ES"}},"Offers":{"Summaries":[{"Condition":{"Value":"New"},"LowestPrice":{"Amount":31.99,"Currency":"EUR","DisplayAmount":"31,99 €"}}]}},{"ASIN":"B09M9JJ9TK","DetailPageURL":"https://www.amazon.es/dp/B09M9JJ9TK?tag=topinalambricos-21&linkCode=osi&th=1&psc=1","Images":{"Primary":{"Small":{"Height":75,"URL":"https://m.media-amazon.com/images/I/41XSfk7HdJL._SL75_.jpg","Width":75}}},"ItemInfo":{"ByLineInfo":{"Brand":{"DisplayValue":"NUSGEAR","Label":"Brand","Locale":"es_ES"}},"Title":{"DisplayValue":"2022 Hombres Chaqueta de Cuero,Invierno Espesar Cuero de la Piel Chaqueta de béisbol Forro de lana Abrigo de solapa Impermeable a Prueba de Viento Ropa de moto Talla grande PU cremallera Abrigo Largo","Label":"Title","Locale":"es_ES"}},"Offers":{"Summaries":[{"Condition":{"Value":"New"},"LowestPrice":{"Amount":71.98,"Currency":"EUR","DisplayAmount":"71,98 €"}}]}},{"ASIN":"B00Z7W6OLU","DetailPageURL":"https://www.amazon.es/dp/B00Z7W6OLU?tag=topinalambricos-21&linkCode=osi&th=1&psc=1","Images":{"Primary":{"Small":{"Height":75,"URL":"https://m.media-amazon.com/images/I/41oCURgTvFL._SL75_.jpg","Width":59}}},"ItemInfo":{"ByLineInfo":{"Brand":{"DisplayValue":"Redbridge","Label":"Brand","Locale":"es_ES"},"Manufacturer":{"DisplayValue":"Red Bridge","Label":"Manufacturer","Locale":"es_ES"}},"Title":{"DisplayValue":"Redbridge Chaqueta de cuero sintético para hombre Cazadora de transición acanalada Negro L","Label":"Title","Locale":"es_ES"}},"Offers":{"Summaries":[{"Condition":{"Value":"New"},"LowestPrice":{"Amount":79.9,"Currency":"EUR","DisplayAmount":"79,90 €"}}]}},{"ASIN":"B09M41676L","DetailPageURL":"https://www.amazon.es/dp/B09M41676L?tag=topinalambricos-21&linkCode=osi&th=1&psc=1","Images":{"Primary":{"Small":{"Height":75,"URL":"https://m.media-amazon.com/images/I/41wdXDeEMcL._SL75_.jpg","Width":75}}},"ItemInfo":{"ByLineInfo":{"Brand":{"DisplayValue":"NUSGEAR","Label":"Brand","Locale":"es_ES"}},"Title":{"DisplayValue":"2022 Hombres Chaqueta de Cuero,Invierno Otoño Moda Chaqueta de béisbol Abrigo de Pieles Talla grande Coincidencia solapa Casual Cuello alto Chaqueta Impermeable a Prueba de Viento PU Ropa de moto","Label":"Title","Locale":"es_ES"}},"Offers":{"Summaries":[{"Condition":{"Value":"New"},"LowestPrice":{"Amount":55.99,"Currency":"EUR","DisplayAmount":"55,99 €"}}]}}],"SearchURL":"https://www.amazon.es/s?k=abrigo+cuero&rh=n%3A3074043031%2Cp_n_availability%3A-1&tag=topinalambricos-21&linkCode=osi","TotalResultCount":56769}},"80":{"SearchResult":{"Items":[{"ASIN":"B0BD7MNCRN","DetailPageURL":"https://www.amazon.es/dp/B0BD7MNCRN?tag=topinalambricos-21&linkCode=osi&th=1&psc=1","Images":{"Primary":{"Small":{"Height":75,"URL":"https://m.media-amazon.com/images/I/21u-cJ5QsQL._SL75_.jpg","Width":56}}},"ItemInfo":{"ByLineInfo":{"Brand":{"DisplayValue":"MSemis","Label":"Brand","Locale":"es_ES"}},"Title":{"DisplayValue":"MSemis Body Cuero Mujer Sexy Picardías Tallas Grandes Monos Cuero Pecho Abierto Bodycon Elástico Manga Larga Babydoll Catsuit Latex Mujer Lencería Erótica Negro A L","Label":"Title","Locale":"es_ES"}},"Offers":{"Summaries":[{"Condition":{"Value":"New"},"LowestPrice":{"Amount":23.99,"Currency":"EUR","DisplayAmount":"23,99 €"}}]}},{"ASIN":"B09MM2J7TK","DetailPageURL":"https://www.amazon.es/dp/B09MM2J7TK?tag=topinalambricos-21&linkCode=osi&th=1&psc=1","Images":{"Primary":{"Small":{"Height":75,"URL":"https://m.media-amazon.com/images/I/41ZvGyzZ8+L._SL75_.jpg","Width":75}}},"ItemInfo":{"ByLineInfo":{"Brand":{"DisplayValue":"IEFIEL","Label":"Brand","Locale":"es_ES"}},"Title":{"DisplayValue":"IEFIEL Body Cuero Mujer Bodies Abierto de Fiesta Club Noche Manga Larga con Cremallera Lencería Erotica Una Pieza Mono Corte Alto Catsuit Sexy Clubwear Jumpsuit Negro A XL","Label":"Title","Locale":"es_ES"}},"Offers":{"Summaries":[{"Condition":{"Value":"New"},"LowestPrice":{"Amount":17.99,"Currency":"EUR","DisplayAmount":"17,99 €"}}]}},{"ASIN":"B09YMKK9M3","DetailPageURL":"https://www.amazon.es/dp/B09YMKK9M3?tag=topinalambricos-21&linkCode=osi&th=1&psc=1","Images":{"Primary":{"Small":{"Height":75,"URL":"https://m.media-amazon.com/images/I/414lIwIyWZL._SL75_.jpg","Width":75}}},"ItemInfo":{"ByLineInfo":{"Brand":{"DisplayValue":"LIPIODOL","Label":"Brand","Locale":"es_ES"},"Manufacturer":{"DisplayValue":"LIPIODOL","Label":"Manufacturer","Locale":"es_ES"}},"Title":{"DisplayValue":"LIPIODOL Catsuit Vestido de Látex para Mujer Leather sin mangas con cremallera ajustada Charol Traje de Baño de Una Pieza","Label":"Title","Locale":"es_ES"}},"Offers":{"Summaries":[{"Condition":{"Value":"New"},"LowestPrice":{"Amount":21.99,"Currency":"EUR","DisplayAmount":"21,99 €"}}]}},{"ASIN":"B09D73NCGH","DetailPageURL":"https://www.amazon.es/dp/B09D73NCGH?tag=topinalambricos-21&linkCode=osi&th=1&psc=1","Images":{"Primary":{"Small":{"Height":75,"URL":"https://m.media-amazon.com/images/I/31QxV9kz59L._SL75_.jpg","Width":75}}},"ItemInfo":{"ByLineInfo":{"Brand":{"DisplayValue":"IEFIEL","Label":"Brand","Locale":"es_ES"}},"Title":{"DisplayValue":"IEFIEL Sexy Body Cuero de Lencería Mujer Body Weetllok Cuello V de Noche Picardias Atractivos Mujer Talla Grande Mono Charol de Tirantes Catsuit Latex Negro L","Label":"Title","Locale":"es_ES"}},"Offers":{"Summaries":[{"Condition":{"Value":"New"},"LowestPrice":{"Amount":17.09,"Currency":"EUR","DisplayAmount":"17,09 €"}}]}},{"ASIN":"B07L6M39SB","DetailPageURL":"https://www.amazon.es/dp/B07L6M39SB?tag=topinalambricos-21&linkCode=osi&th=1&psc=1","Images":{"Primary":{"Small":{"Height":75,"URL":"https://m.media-amazon.com/images/I/41S-yBATvZL._SL75_.jpg","Width":56}}},"ItemInfo":{"ByLineInfo":{"Brand":{"DisplayValue":"Tofox","Label":"Brand","Locale":"es_ES"}},"Title":{"DisplayValue":"Tofox Clubwear Sexy Underwear Bodysuit Lenceria Sexy Body para Mujer Halter Backless Mini Bodycon Vestido Vestidos Sexys De Noche","Label":"Title","Locale":"es_ES"}},"Offers":{"Summaries":[{"Condition":{"Value":"New"},"LowestPrice":{"Amount":15.99,"Currency":"EUR","DisplayAmount":"15,99 €"}}]}},{"ASIN":"B086GFHB89","DetailPageURL":"https://www.amazon.es/dp/B086GFHB89?tag=topinalambricos-21&linkCode=osi&th=1&psc=1","Images":{"Primary":{"Small":{"Height":75,"URL":"https://m.media-amazon.com/images/I/41zxXix5ZhL._SL75_.jpg","Width":75}}},"ItemInfo":{"ByLineInfo":{"Brand":{"DisplayValue":"CHICTRY","Label":"Brand","Locale":"es_ES"}},"Title":{"DisplayValue":"CHICTRY Pijamas Sexy Mujer Corsé Cuero de Imitación Corset Bustier Tank Top Mini Vestido Latex con Ligas + Tanga de Charol Lencería Erotica Mujer Negro L","Label":"Title","Locale":"es_ES"}},"Offers":{"Summaries":[{"Condition":{"Value":"New"},"LowestPrice":{"Amount":20.19,"Currency":"EUR","DisplayAmount":"20,19 €"}}]}},{"ASIN":"B09CPB7CB2","DetailPageURL":"https://www.amazon.es/dp/B09CPB7CB2?tag=topinalambricos-21&linkCode=osi&th=1&psc=1","Images":{"Primary":{"Small":{"Height":75,"URL":"https://m.media-amazon.com/images/I/41yLYRFEIKL._SL75_.jpg","Width":75}}},"ItemInfo":{"ByLineInfo":{"Brand":{"DisplayValue":"ranrann","Label":"Brand","Locale":"es_ES"}},"Title":{"DisplayValue":"ranrann Bragas de Charol Hueco Mujer Tanga con Cremallerade Cintura Alta Ropa Interior Sexy Braguitas Lencería Pantalones Cortos Brillante para Dama Ropa de Club Negro L","Label":"Title","Locale":"es_ES"}},"Offers":{"Summaries":[{"Condition":{"Value":"New"},"LowestPrice":{"Amount":3.99,"Currency":"EUR","DisplayAmount":"3,99 €"}}]}},{"ASIN":"B00JVQ0JX2","DetailPageURL":"https://www.amazon.es/dp/B00JVQ0JX2?tag=topinalambricos-21&linkCode=osi&th=1&psc=1","Images":{"Primary":{"Small":{"Height":75,"URL":"https://m.media-amazon.com/images/I/31WIwh8i+5L._SL75_.jpg","Width":36}}},"ItemInfo":{"ByLineInfo":{"Brand":{"DisplayValue":"dunaro","Label":"Brand","Locale":"es_ES"}},"Title":{"DisplayValue":"Calcetines altos con aspecto Wetlook Negro negro","Label":"Title","Locale":"es_ES"}},"Offers":{"Summaries":[{"Condition":{"Value":"New"},"LowestPrice":{"Amount":23.29,"Currency":"EUR","DisplayAmount":"23,29 €"}}]}},{"ASIN":"B0BKXY7XR8","DetailPageURL":"https://www.amazon.es/dp/B0BKXY7XR8?tag=topinalambricos-21&linkCode=osi&th=1&psc=1","Images":{"Primary":{"Small":{"Height":75,"URL":"https://m.media-amazon.com/images/I/41Fthj2SQ3L._SL75_.jpg","Width":75}}},"ItemInfo":{"ByLineInfo":{"Brand":{"DisplayValue":"unilarinna","Label":"Brand","Locale":"es_ES"}},"Title":{"DisplayValue":"unilarinna Corsé de látex de cuero alto corsé de corte push-up cinturón de grasa entrenador cintura para mujer corsé, rojo, S","Label":"Title","Locale":"es_ES"}},"Offers":{"Summaries":[{"Condition":{"Value":"New"},"LowestPrice":{"Amount":28.87,"Currency":"EUR","DisplayAmount":"28,87 €"}}]}},{"ASIN":"B08TLMNNB9","DetailPageURL":"https://www.amazon.es/dp/B08TLMNNB9?tag=topinalambricos-21&linkCode=osi&th=1&psc=1","Images":{"Primary":{"Small":{"Height":75,"URL":"https://m.media-amazon.com/images/I/41laNRJuohL._SL75_.jpg","Width":75}}},"ItemInfo":{"ByLineInfo":{"Brand":{"DisplayValue":"TiaoBug","Label":"Brand","Locale":"es_ES"}},"Title":{"DisplayValue":"TiaoBug Calcetines Largas Altas Ajustados de Cuero Imitación Negro Sexy Medias de Liga Erótica Mujer Rojo Talla única","Label":"Title","Locale":"es_ES"}},"Offers":{"Summaries":[{"Condition":{"Value":"New"},"LowestPrice":{"Amount":20.19,"Currency":"EUR","DisplayAmount":"20,19 €"}}]}}],"SearchURL":"https://www.amazon.es/s?k=cuero+latex&rh=n%3A3074058031%2Cp_n_availability%3A-1&tag=topinalambricos-21&linkCode=osi","TotalResultCount":113}},"81":{"SearchResult":{"Items":[{"ASIN":"B089FWZ1LZ","DetailPageURL":"https://www.amazon.es/dp/B089FWZ1LZ?tag=topinalambricos-21&linkCode=osi&th=1&psc=1","Images":{"Primary":{"Small":{"Height":75,"URL":"https://m.media-amazon.com/images/I/51aKYhMEiOL._SL75_.jpg","Width":75}}},"ItemInfo":{"ByLineInfo":{"Brand":{"DisplayValue":"Grebrafan","Label":"Brand","Locale":"es_ES"},"Manufacturer":{"DisplayValue":"Grebrafan","Label":"Manufacturer","Locale":"es_ES"}},"Title":{"DisplayValue":"Grebrafan Steampunk Corset Cuero Corsé de Piel para Vestido Fiesta Halloween Disfraces (EUR(40-42) 2XL, Negro)","Label":"Title","Locale":"es_ES"}},"Offers":{"Summaries":[{"Condition":{"Value":"New"},"LowestPrice":{"Amount":16.99,"Currency":"EUR","DisplayAmount":"16,99 €"}}]}},{"ASIN":"B097BZJDS7","DetailPageURL":"https://www.amazon.es/dp/B097BZJDS7?tag=topinalambricos-21&linkCode=osi&th=1&psc=1","Images":{"Primary":{"Small":{"Height":75,"URL":"https://m.media-amazon.com/images/I/51Ujuxl44pL._SL75_.jpg","Width":75}}},"ItemInfo":{"ByLineInfo":{"Brand":{"DisplayValue":"N\\C","Label":"Brand","Locale":"es_ES"},"Manufacturer":{"DisplayValue":"Elástico Corsé","Label":"Manufacturer","Locale":"es_ES"}},"Title":{"DisplayValue":"Ancho Elástico Corsé Cintura Corsé de Cordones Cinturón Negro Cinturón Elástico de Corsé Cintura de Encaje Corsé Cinturón Retro Corset Aplicar Las Mujeres Corsés Vestidos de Fiesta Juego de 2 Piezas","Label":"Title","Locale":"es_ES"}},"Offers":{"Summaries":[{"Condition":{"Value":"New"},"LowestPrice":{"Amount":11.56,"Currency":"EUR","DisplayAmount":"11,56 €"}}]}},{"ASIN":"B089FNVW55","DetailPageURL":"https://www.amazon.es/dp/B089FNVW55?tag=topinalambricos-21&linkCode=osi&th=1&psc=1","Images":{"Primary":{"Small":{"Height":75,"URL":"https://m.media-amazon.com/images/I/51vVuzCOzLL._SL75_.jpg","Width":75}}},"ItemInfo":{"ByLineInfo":{"Brand":{"DisplayValue":"Grebrafan","Label":"Brand","Locale":"es_ES"},"Manufacturer":{"DisplayValue":"Grebrafan","Label":"Manufacturer","Locale":"es_ES"}},"Title":{"DisplayValue":"Grebrafan Mujer Corset Fiesta Corsé de Polipiel Cuero Talla Grande (EU(40-42) 2XL, Negro)","Label":"Title","Locale":"es_ES"}},"Offers":{"Summaries":[{"Condition":{"Value":"New"},"LowestPrice":{"Amount":14.99,"Currency":"EUR","DisplayAmount":"14,99 €"}}]}},{"ASIN":"B089FPB5G3","DetailPageURL":"https://www.amazon.es/dp/B089FPB5G3?tag=topinalambricos-21&linkCode=osi&th=1&psc=1","Images":{"Primary":{"Small":{"Height":75,"URL":"https://m.media-amazon.com/images/I/51fZGuBss6L._SL75_.jpg","Width":75}}},"ItemInfo":{"ByLineInfo":{"Brand":{"DisplayValue":"Grebrafan","Label":"Brand","Locale":"es_ES"},"Manufacturer":{"DisplayValue":"Grebrafan","Label":"Manufacturer","Locale":"es_ES"}},"Title":{"DisplayValue":"Grebrafan Steampunk Corsé Cuero Talla Grande Corset de Piel Mujer (EU(36-38) L, Marrón)","Label":"Title","Locale":"es_ES"}},"Offers":{"Summaries":[{"Condition":{"Value":"New"},"LowestPrice":{"Amount":19.99,"Currency":"EUR","DisplayAmount":"19,99 €"}}]}},{"ASIN":"B07ZNN8CW1","DetailPageURL":"https://www.amazon.es/dp/B07ZNN8CW1?tag=topinalambricos-21&linkCode=osi&th=1&psc=1","Images":{"Primary":{"Small":{"Height":75,"URL":"https://m.media-amazon.com/images/I/41-bmc3eU4L._SL75_.jpg","Width":71}}},"ItemInfo":{"ByLineInfo":{"Brand":{"DisplayValue":"SxyBox","Label":"Brand","Locale":"es_ES"}},"Title":{"DisplayValue":"SxyBox Mujer Sexy Corsé de Cuero de imitación Ajustado Corset Vintage Gótico Vestido Conjunto de 3 Piezas con Tanga,Negro","Label":"Title","Locale":"es_ES"}},"Offers":{"Summaries":[{"Condition":{"Value":"New"},"LowestPrice":{"Amount":32.99,"Currency":"EUR","DisplayAmount":"32,99 €"}}]}},{"ASIN":"B01NACTPBL","DetailPageURL":"https://www.amazon.es/dp/B01NACTPBL?tag=topinalambricos-21&linkCode=osi&th=1&psc=1","Images":{"Primary":{"Small":{"Height":75,"URL":"https://m.media-amazon.com/images/I/41q1cg7reZL._SL75_.jpg","Width":56}}},"ItemInfo":{"ByLineInfo":{"Brand":{"DisplayValue":"eBoot","Label":"Brand","Locale":"es_ES"}},"Title":{"DisplayValue":"Cinturón Ancho Elástico Corsé Atado Cintura Corset con Botones de Presión, Negro","Label":"Title","Locale":"es_ES"}},"Offers":{"Summaries":[{"Condition":{"Value":"New"},"LowestPrice":{"Amount":15.99,"Currency":"EUR","DisplayAmount":"15,99 €"}}]}},{"ASIN":"B08W31P6S6","DetailPageURL":"https://www.amazon.es/dp/B08W31P6S6?tag=topinalambricos-21&linkCode=osi&th=1&psc=1","Images":{"Primary":{"Small":{"Height":75,"URL":"https://m.media-amazon.com/images/I/4116J0FWEHL._SL75_.jpg","Width":75}}},"ItemInfo":{"ByLineInfo":{"Brand":{"DisplayValue":"Zilosconcy","Label":"Brand","Locale":"es_ES"}},"Title":{"DisplayValue":"Zilosconcy Mujer Sexy Corsé de Cuero de imitación Ajustado Corset Vintage Gótico Vestido","Label":"Title","Locale":"es_ES"}},"Offers":{"Summaries":[{"Condition":{"Value":"New"},"LowestPrice":{"Amount":18.99,"Currency":"EUR","DisplayAmount":"18,99 €"}}]}},{"ASIN":"B089FNPNGW","DetailPageURL":"https://www.amazon.es/dp/B089FNPNGW?tag=topinalambricos-21&linkCode=osi&th=1&psc=1","Images":{"Primary":{"Small":{"Height":75,"URL":"https://m.media-amazon.com/images/I/41sowxHatmL._SL75_.jpg","Width":75}}},"ItemInfo":{"ByLineInfo":{"Brand":{"DisplayValue":"Grebrafan","Label":"Brand","Locale":"es_ES"},"Manufacturer":{"DisplayValue":"Grebrafan","Label":"Manufacturer","Locale":"es_ES"}},"Title":{"DisplayValue":"Grebrafan Gótico Steampunk Corsé de Piel Corset Cuero con Tirantes (EU(32-34) S, Negro)","Label":"Title","Locale":"es_ES"}},"Offers":{"Summaries":[{"Condition":{"Value":"New"},"LowestPrice":{"Amount":18.99,"Currency":"EUR","DisplayAmount":"18,99 €"}}]}},{"ASIN":"B09R7PB1R7","DetailPageURL":"https://www.amazon.es/dp/B09R7PB1R7?tag=topinalambricos-21&linkCode=osi&th=1&psc=1","Images":{"Primary":{"Small":{"Height":75,"URL":"https://m.media-amazon.com/images/I/41XAo9ipFxL._SL75_.jpg","Width":50}}},"ItemInfo":{"ByLineInfo":{"Brand":{"DisplayValue":"PANOZON","Label":"Brand","Locale":"es_ES"}},"Title":{"DisplayValue":"PANOZON Corsé Cuero Bustier Sexy con Liguero para Mujer Conjuntos de Lencería Erótica Corpiños de Encaje (X-Large, Cuero Negro-17)","Label":"Title","Locale":"es_ES"}},"Offers":{"Summaries":[{"Condition":{"Value":"New"},"LowestPrice":{"Amount":27.99,"Currency":"EUR","DisplayAmount":"27,99 €"}}]}},{"ASIN":"B089FPLZ4Y","DetailPageURL":"https://www.amazon.es/dp/B089FPLZ4Y?tag=topinalambricos-21&linkCode=osi&th=1&psc=1","Images":{"Primary":{"Small":{"Height":75,"URL":"https://m.media-amazon.com/images/I/51RVgiGxG3L._SL75_.jpg","Width":75}}},"ItemInfo":{"ByLineInfo":{"Brand":{"DisplayValue":"Grebrafan","Label":"Brand","Locale":"es_ES"},"Manufacturer":{"DisplayValue":"Grebrafan","Label":"Manufacturer","Locale":"es_ES"}},"Title":{"DisplayValue":"Grebrafan Mujeres Marrón Corset Steampunk Medieval gótico Cuero Corsé (EU(34-36) M, Marrón)","Label":"Title","Locale":"es_ES"}},"Offers":{"Summaries":[{"Condition":{"Value":"New"},"LowestPrice":{"Amount":18.99,"Currency":"EUR","DisplayAmount":"18,99 €"}}]}}],"SearchURL":"https://www.amazon.es/s?k=cuero&rh=n%3A3074266031%2Cp_n_availability%3A-1&tag=topinalambricos-21&linkCode=osi","TotalResultCount":277}},"82":{"SearchResult":{"Items":[{"ASIN":"B09MM2J7TK","DetailPageURL":"https://www.amazon.es/dp/B09MM2J7TK?tag=topinalambricos-21&linkCode=osi&th=1&psc=1","Images":{"Primary":{"Small":{"Height":75,"URL":"https://m.media-amazon.com/images/I/41ZvGyzZ8+L._SL75_.jpg","Width":75}}},"ItemInfo":{"ByLineInfo":{"Brand":{"DisplayValue":"IEFIEL","Label":"Brand","Locale":"es_ES"}},"Title":{"DisplayValue":"IEFIEL Body Cuero Mujer Bodies Abierto de Fiesta Club Noche Manga Larga con Cremallera Lencería Erotica Una Pieza Mono Corte Alto Catsuit Sexy Clubwear Jumpsuit Negro A XL","Label":"Title","Locale":"es_ES"}},"Offers":{"Summaries":[{"Condition":{"Value":"New"},"LowestPrice":{"Amount":17.99,"Currency":"EUR","DisplayAmount":"17,99 €"}}]}},{"ASIN":"B0BD7MNCRN","DetailPageURL":"https://www.amazon.es/dp/B0BD7MNCRN?tag=topinalambricos-21&linkCode=osi&th=1&psc=1","Images":{"Primary":{"Small":{"Height":75,"URL":"https://m.media-amazon.com/images/I/21u-cJ5QsQL._SL75_.jpg","Width":56}}},"ItemInfo":{"ByLineInfo":{"Brand":{"DisplayValue":"MSemis","Label":"Brand","Locale":"es_ES"}},"Title":{"DisplayValue":"MSemis Body Cuero Mujer Sexy Picardías Tallas Grandes Monos Cuero Pecho Abierto Bodycon Elástico Manga Larga Babydoll Catsuit Latex Mujer Lencería Erótica Negro A L","Label":"Title","Locale":"es_ES"}},"Offers":{"Summaries":[{"Condition":{"Value":"New"},"LowestPrice":{"Amount":23.99,"Currency":"EUR","DisplayAmount":"23,99 €"}}]}},{"ASIN":"B07L6M39SB","DetailPageURL":"https://www.amazon.es/dp/B07L6M39SB?tag=topinalambricos-21&linkCode=osi&th=1&psc=1","Images":{"Primary":{"Small":{"Height":75,"URL":"https://m.media-amazon.com/images/I/41S-yBATvZL._SL75_.jpg","Width":56}}},"ItemInfo":{"ByLineInfo":{"Brand":{"DisplayValue":"Tofox","Label":"Brand","Locale":"es_ES"}},"Title":{"DisplayValue":"Tofox Clubwear Sexy Underwear Bodysuit Lenceria Sexy Body para Mujer Halter Backless Mini Bodycon Vestido Vestidos Sexys De Noche","Label":"Title","Locale":"es_ES"}},"Offers":{"Summaries":[{"Condition":{"Value":"New"},"LowestPrice":{"Amount":15.99,"Currency":"EUR","DisplayAmount":"15,99 €"}}]}},{"ASIN":"B09YMKK9M3","DetailPageURL":"https://www.amazon.es/dp/B09YMKK9M3?tag=topinalambricos-21&linkCode=osi&th=1&psc=1","Images":{"Primary":{"Small":{"Height":75,"URL":"https://m.media-amazon.com/images/I/414lIwIyWZL._SL75_.jpg","Width":75}}},"ItemInfo":{"ByLineInfo":{"Brand":{"DisplayValue":"LIPIODOL","Label":"Brand","Locale":"es_ES"},"Manufacturer":{"DisplayValue":"LIPIODOL","Label":"Manufacturer","Locale":"es_ES"}},"Title":{"DisplayValue":"LIPIODOL Catsuit Vestido de Látex para Mujer Leather sin mangas con cremallera ajustada Charol Traje de Baño de Una Pieza","Label":"Title","Locale":"es_ES"}},"Offers":{"Summaries":[{"Condition":{"Value":"New"},"LowestPrice":{"Amount":21.99,"Currency":"EUR","DisplayAmount":"21,99 €"}}]}},{"ASIN":"B08CDL6SS8","DetailPageURL":"https://www.amazon.es/dp/B08CDL6SS8?tag=topinalambricos-21&linkCode=osi&th=1&psc=1","Images":{"Primary":{"Small":{"Height":75,"URL":"https://m.media-amazon.com/images/I/41Se1pO2JBL._SL75_.jpg","Width":57}}},"ItemInfo":{"ByLineInfo":{"Brand":{"DisplayValue":"ohyeahqueen","Label":"Brand","Locale":"es_ES"},"Manufacturer":{"DisplayValue":"ohyeahqueen","Label":"Manufacturer","Locale":"es_ES"}},"Title":{"DisplayValue":"ohyeahqueen Body Mujer Manga Corta Top de Cuero Encaje para Vestir Bodysuit Verano Sexy Fiesta Negro","Label":"Title","Locale":"es_ES"}},"Offers":{"Summaries":[{"Condition":{"Value":"New"},"LowestPrice":{"Amount":19.49,"Currency":"EUR","DisplayAmount":"19,49 €"}}]}},{"ASIN":"B082FHSF68","DetailPageURL":"https://www.amazon.es/dp/B082FHSF68?tag=topinalambricos-21&linkCode=osi&th=1&psc=1","Images":{"Primary":{"Small":{"Height":75,"URL":"https://m.media-amazon.com/images/I/4150zkqZS1L._SL75_.jpg","Width":75}}},"ItemInfo":{"ByLineInfo":{"Brand":{"DisplayValue":"P Prettyia","Label":"Brand","Locale":"es_ES"},"Manufacturer":{"DisplayValue":"P Prettyia","Label":"Manufacturer","Locale":"es_ES"}},"Title":{"DisplayValue":"P Prettyia Mono de Cuero PU Mangas Largas Cierre de Cremallera Delantero Leotardo de Charol Lencería de Noche Atractiva para Mujer - negro, S","Label":"Title","Locale":"es_ES"}},"Offers":{"Summaries":[{"Condition":{"Value":"New"},"LowestPrice":{"Amount":13.99,"Currency":"EUR","DisplayAmount":"13,99 €"}}]}},{"ASIN":"B07JNCT9HY","DetailPageURL":"https://www.amazon.es/dp/B07JNCT9HY?tag=topinalambricos-21&linkCode=osi&th=1&psc=1","Images":{"Primary":{"Small":{"Height":75,"URL":"https://m.media-amazon.com/images/I/41v0ZsKE7iL._SL75_.jpg","Width":62}}},"ItemInfo":{"ByLineInfo":{"Brand":{"DisplayValue":"SEXYU","Label":"Brand","Locale":"es_ES"}},"Title":{"DisplayValue":"SEXYU Body de piel para mujer, ropa interior de manga larga, body Leotard, mono erótico, sin costuras, laca, clubwear sexy, lencería, rojo, L","Label":"Title","Locale":"es_ES"}},"Offers":{"Summaries":[{"Condition":{"Value":"New"},"LowestPrice":{"Amount":21.99,"Currency":"EUR","DisplayAmount":"21,99 €"}}]}},{"ASIN":"B08WJKDYQF","DetailPageURL":"https://www.amazon.es/dp/B08WJKDYQF?tag=topinalambricos-21&linkCode=osi&th=1&psc=1","Images":{"Primary":{"Small":{"Height":75,"URL":"https://m.media-amazon.com/images/I/31zTsLXEKXL._SL75_.jpg","Width":37}}},"ItemInfo":{"ByLineInfo":{"Brand":{"DisplayValue":"Koucla","Label":"Brand","Locale":"es_ES"}},"Title":{"DisplayValue":"Koucla Body Highcollar Wetlook de piel con aspecto de barniz, rojo, M","Label":"Title","Locale":"es_ES"}},"Offers":{"Summaries":[{"Condition":{"Value":"New"},"LowestPrice":{"Amount":26.84,"Currency":"EUR","DisplayAmount":"26,84 €"}}]}},{"ASIN":"B09YMKCLNK","DetailPageURL":"https://www.amazon.es/dp/B09YMKCLNK?tag=topinalambricos-21&linkCode=osi&th=1&psc=1","Images":{"Primary":{"Small":{"Height":75,"URL":"https://m.media-amazon.com/images/I/41p-C9cIoKL._SL75_.jpg","Width":75}}},"ItemInfo":{"ByLineInfo":{"Brand":{"DisplayValue":"LIPIODOL","Label":"Brand","Locale":"es_ES"},"Manufacturer":{"DisplayValue":"LIPIODOL","Label":"Manufacturer","Locale":"es_ES"}},"Title":{"DisplayValue":"LIPIODOL Catsuit Vestido de Leather para Mujer Arriba Cuero Clubwear Body Patent Vestido Ajustado de Club Nocturno","Label":"Title","Locale":"es_ES"}},"Offers":{"Summaries":[{"Condition":{"Value":"New"},"LowestPrice":{"Amount":21.99,"Currency":"EUR","DisplayAmount":"21,99 €"}}]}},{"ASIN":"B08DHKMB4J","DetailPageURL":"https://www.amazon.es/dp/B08DHKMB4J?tag=topinalambricos-21&linkCode=osi&th=1&psc=1","Images":{"Primary":{"Small":{"Height":75,"URL":"https://m.media-amazon.com/images/I/41qE-FJywUL._SL75_.jpg","Width":75}}},"ItemInfo":{"ByLineInfo":{"Brand":{"DisplayValue":"ZED-","Label":"Brand","Locale":"es_ES"},"Manufacturer":{"DisplayValue":"ZED-","Label":"Manufacturer","Locale":"es_ES"}},"Title":{"DisplayValue":"ZED- Sexy Encaje Transparente Hollow out Fuax Body de Cuero Lace-up Teddy Lingerie Mujeres Nightclub Jumpsuits Latex Catsuit","Label":"Title","Locale":"es_ES"}},"Offers":{"Summaries":[{"Condition":{"Value":"New"},"LowestPrice":{"Amount":23.53,"Currency":"EUR","DisplayAmount":"23,53 €"}}]}}],"SearchURL":"https://www.amazon.es/s?k=cuero&rh=n%3A3074260031%2Cp_n_availability%3A-1&tag=topinalambricos-21&linkCode=osi","TotalResultCount":259}},"83":{"Errors":[{"__type":"com.amazon.paapi5#ErrorData","Code":"NoResults","Message":"No results found for your request."}]},"84":{"SearchResult":{"Items":[{"ASIN":"B08XZP1B9T","DetailPageURL":"https://www.amazon.es/dp/B08XZP1B9T?tag=topinalambricos-21&linkCode=osi&th=1&psc=1","Images":{"Primary":{"Small":{"Height":75,"URL":"https://m.media-amazon.com/images/I/41o7oE2wXZL._SL75_.jpg","Width":75}}},"ItemInfo":{"ByLineInfo":{"Brand":{"DisplayValue":"alisikee","Label":"Brand","Locale":"es_ES"}},"Title":{"DisplayValue":"alisikee 2 ligueros de cuero con cadenas, ligas elásticas ajustables para el muslo para damas, color negro","Label":"Title","Locale":"es_ES"}},"Offers":{"Summaries":[{"Condition":{"Value":"New"},"LowestPrice":{"Amount":18.99,"Currency":"EUR","DisplayAmount":"18,99 €"}}]}},{"ASIN":"B08X44TXXC","DetailPageURL":"https://www.amazon.es/dp/B08X44TXXC?tag=topinalambricos-21&linkCode=osi&th=1&psc=1","Images":{"Primary":{"Small":{"Height":75,"URL":"https://m.media-amazon.com/images/I/41RyXREvaAL._SL75_.jpg","Width":75}}},"ItemInfo":{"ByLineInfo":{"Brand":{"DisplayValue":"alisikee","Label":"Brand","Locale":"es_ES"}},"Title":{"DisplayValue":"alisikee 2 ligas ajustables de encaje en forma de corazón con cierres antideslizantes, liga elástica para mujer, negro/rosa, Negro, Talla única","Label":"Title","Locale":"es_ES"}},"Offers":{"Summaries":[{"Condition":{"Value":"New"},"LowestPrice":{"Amount":17.99,"Currency":"EUR","DisplayAmount":"17,99 €"}}]}},{"ASIN":"B0B426TQLR","DetailPageURL":"https://www.amazon.es/dp/B0B426TQLR?tag=topinalambricos-21&linkCode=osi&th=1&psc=1","Images":{"Primary":{"Small":{"Height":75,"URL":"https://m.media-amazon.com/images/I/41DALeQopdL._SL75_.jpg","Width":75}}},"ItemInfo":{"ByLineInfo":{"Brand":{"DisplayValue":"Qccige","Label":"Brand","Locale":"es_ES"},"Manufacturer":{"DisplayValue":"Qccige","Label":"Manufacturer","Locale":"es_ES"}},"Title":{"DisplayValue":"4 Ligas de Corazón Piel Sintética Punk con Clips Antideslizantes (Negro, Rosa)","Label":"Title","Locale":"es_ES"}},"Offers":{"Summaries":[{"Condition":{"Value":"New"},"LowestPrice":{"Amount":11.99,"Currency":"EUR","DisplayAmount":"11,99 €"}}]}},{"ASIN":"B08NCPCLNZ","DetailPageURL":"https://www.amazon.es/dp/B08NCPCLNZ?tag=topinalambricos-21&linkCode=osi&th=1&psc=1","Images":{"Primary":{"Small":{"Height":75,"URL":"https://m.media-amazon.com/images/I/41oWwoTjkwL._SL75_.jpg","Width":75}}},"ItemInfo":{"ByLineInfo":{"Brand":{"DisplayValue":"alisikee","Label":"Brand","Locale":"es_ES"},"Manufacturer":{"DisplayValue":"alisikee","Label":"Manufacturer","Locale":"es_ES"}},"Title":{"DisplayValue":"alisikee Liga de pierna de cuero ajustable con cadenas, liga elástica punk rock muslo para mujeres y niñas, Negro, Talla única","Label":"Title","Locale":"es_ES"}},"Offers":{"Summaries":[{"Condition":{"Value":"New"},"LowestPrice":{"Amount":21.73,"Currency":"EUR","DisplayAmount":"21,73 €"}}]}},{"ASIN":"B0863T7JLH","DetailPageURL":"https://www.amazon.es/dp/B0863T7JLH?tag=topinalambricos-21&linkCode=osi&th=1&psc=1","Images":{"Primary":{"Small":{"Height":75,"URL":"https://m.media-amazon.com/images/I/41FON2M9g5L._SL75_.jpg","Width":75}}},"ItemInfo":{"ByLineInfo":{"Brand":{"DisplayValue":"eYLun","Label":"Brand","Locale":"es_ES"},"Manufacturer":{"DisplayValue":"eYLun","Label":"Manufacturer","Locale":"es_ES"}},"Title":{"DisplayValue":"Ligas sexys punk rock remache de piel para mujer - Marrón - Talla Única","Label":"Title","Locale":"es_ES"}},"Offers":{"Summaries":[{"Condition":{"Value":"New"},"LowestPrice":{"Amount":19.72,"Currency":"EUR","DisplayAmount":"19,72 €"}}]}},{"ASIN":"B07W5GC4BX","DetailPageURL":"https://www.amazon.es/dp/B07W5GC4BX?tag=topinalambricos-21&linkCode=osi&th=1&psc=1","Images":{"Primary":{"Small":{"Height":75,"URL":"https://m.media-amazon.com/images/I/41+zbaOmqzL._SL75_.jpg","Width":75}}},"ItemInfo":{"ByLineInfo":{"Brand":{"DisplayValue":"BBOHSS","Label":"Brand","Locale":"es_ES"}},"Title":{"DisplayValue":"Liga gótica punk para mujer, ajustable, de piel sintética, con forma de corazón, anillo de pierna, correa de eslinga empacada como 2 (rojo)","Label":"Title","Locale":"es_ES"}},"Offers":{"Summaries":[{"Condition":{"Value":"New"},"LowestPrice":{"Amount":11.78,"Currency":"EUR","DisplayAmount":"11,78 €"}}]}},{"ASIN":"B08B1J6Z7L","DetailPageURL":"https://www.amazon.es/dp/B08B1J6Z7L?tag=topinalambricos-21&linkCode=osi&th=1&psc=1","Images":{"Primary":{"Small":{"Height":75,"URL":"https://m.media-amazon.com/images/I/41mARu6FI4L._SL75_.jpg","Width":75}}},"ItemInfo":{"ByLineInfo":{"Brand":{"DisplayValue":"YunPeng","Label":"Brand","Locale":"es_ES"}},"Title":{"DisplayValue":"Punk Rock - Liga de piel gótica ajustable con remaches elásticos para las piernas para mujeres y niñas - Marrón - talla única","Label":"Title","Locale":"es_ES"}},"Offers":{"Summaries":[{"Condition":{"Value":"New"},"LowestPrice":{"Amount":21.04,"Currency":"EUR","DisplayAmount":"21,04 €"}}]}},{"ASIN":"B0814BVW1W","DetailPageURL":"https://www.amazon.es/dp/B0814BVW1W?tag=topinalambricos-21&linkCode=osi&th=1&psc=1","Images":{"Primary":{"Small":{"Height":75,"URL":"https://m.media-amazon.com/images/I/41wRlaPcVuL._SL75_.jpg","Width":75}}},"ItemInfo":{"ByLineInfo":{"Brand":{"DisplayValue":"eYLun","Label":"Brand","Locale":"es_ES"},"Manufacturer":{"DisplayValue":"eYLun","Label":"Manufacturer","Locale":"es_ES"}},"Title":{"DisplayValue":"Ligas de piel para mujer o niña, punk rock, remaches elásticos, ligueros de pierna, 2 unidades - Marrón - Talla Única","Label":"Title","Locale":"es_ES"}},"Offers":{"Summaries":[{"Condition":{"Value":"New"},"LowestPrice":{"Amount":19.72,"Currency":"EUR","DisplayAmount":"19,72 €"}}]}},{"ASIN":"B0813VW9C1","DetailPageURL":"https://www.amazon.es/dp/B0813VW9C1?tag=topinalambricos-21&linkCode=osi&th=1&psc=1","Images":{"Primary":{"Small":{"Height":75,"URL":"https://m.media-amazon.com/images/I/41eWoK9oxgL._SL75_.jpg","Width":75}}},"ItemInfo":{"ByLineInfo":{"Brand":{"DisplayValue":"eYLun","Label":"Brand","Locale":"es_ES"},"Manufacturer":{"DisplayValue":"eYLun","Label":"Manufacturer","Locale":"es_ES"}},"Title":{"DisplayValue":"Ligas de piel para mujer y niña, con cierre de corazón, 2 unidades - Marrón - Talla Única","Label":"Title","Locale":"es_ES"}},"Offers":{"Summaries":[{"Condition":{"Value":"New"},"LowestPrice":{"Amount":22.35,"Currency":"EUR","DisplayAmount":"22,35 €"}}]}},{"ASIN":"B099DDFLMK","DetailPageURL":"https://www.amazon.es/dp/B099DDFLMK?tag=topinalambricos-21&linkCode=osi&th=1&psc=1","Images":{"Primary":{"Small":{"Height":75,"URL":"https://m.media-amazon.com/images/I/41MfHlg88dL._SL75_.jpg","Width":75}}},"ItemInfo":{"ByLineInfo":{"Brand":{"DisplayValue":"alisikee","Label":"Brand","Locale":"es_ES"},"Manufacturer":{"DisplayValue":"alisikee","Label":"Manufacturer","Locale":"es_ES"}},"Title":{"DisplayValue":"alisikee 2 ligas de encaje ajustables en forma de corazón, ligas elásticas para las piernas para mujer, Negro -, Talla única","Label":"Title","Locale":"es_ES"}},"Offers":{"Summaries":[{"Condition":{"Value":"New"},"LowestPrice":{"Amount":22.4,"Currency":"EUR","DisplayAmount":"22,40 €"}}]}}],"SearchURL":"https://www.amazon.es/s?k=liga+piel+cuero&rh=n%3A14072926031%2Cp_n_availability%3A-1&tag=topinalambricos-21&linkCode=osi","TotalResultCount":248}},"85":{"SearchResult":{"Items":[{"ASIN":"B09MTMXJFX","DetailPageURL":"https://www.amazon.es/dp/B09MTMXJFX?tag=topinalambricos-21&linkCode=osi&th=1&psc=1","Images":{"Primary":{"Small":{"Height":75,"URL":"https://m.media-amazon.com/images/I/41RFIvfR3nL._SL75_.jpg","Width":75}}},"ItemInfo":{"ByLineInfo":{"Brand":{"DisplayValue":"YiZYiF","Label":"Brand","Locale":"es_ES"}},"Title":{"DisplayValue":"YiZYiF Mujeres Chaleco Casual sin Mangas con Tirantes Finos Camisola de Charol Brillante Crop Top de Cuero Negro Sexy con Cremallera Clubwear Negro L","Label":"Title","Locale":"es_ES"}},"Offers":{"Summaries":[{"Condition":{"Value":"New"},"LowestPrice":{"Amount":12.79,"Currency":"EUR","DisplayAmount":"12,79 €"}}]}},{"ASIN":"B09KGSKB1X","DetailPageURL":"https://www.amazon.es/dp/B09KGSKB1X?tag=topinalambricos-21&linkCode=osi&th=1&psc=1","Images":{"Primary":{"Small":{"Height":75,"URL":"https://m.media-amazon.com/images/I/41k3tOq0weL._SL75_.jpg","Width":75}}},"ItemInfo":{"ByLineInfo":{"Brand":{"DisplayValue":"MSemis","Label":"Brand","Locale":"es_ES"}},"Title":{"DisplayValue":"MSemis Sexy Crop Top de Cuero para Mujer Camiseta Corta de Charol Chaleco Brillante Wetlook Bikini Hot Top Picante Clubwear Traje Pole Dance Fiesta S Dorado S","Label":"Title","Locale":"es_ES"}},"Offers":{"Summaries":[{"Condition":{"Value":"New"},"LowestPrice":{"Amount":7.79,"Currency":"EUR","DisplayAmount":"7,79 €"}}]}},{"ASIN":"B09TF3FF4C","DetailPageURL":"https://www.amazon.es/dp/B09TF3FF4C?tag=topinalambricos-21&linkCode=osi&th=1&psc=1","Images":{"Primary":{"Small":{"Height":75,"URL":"https://m.media-amazon.com/images/I/41NtAoxljRL._SL75_.jpg","Width":75}}},"ItemInfo":{"ByLineInfo":{"Brand":{"DisplayValue":"Freebily","Label":"Brand","Locale":"es_ES"}},"Title":{"DisplayValue":"Freebily Top Camiseta Corto de Charol para Mujer Chaleco sin Manga Plateado Metálico Brillante para Fiesta Baila Sexy Mujer Dorado A M","Label":"Title","Locale":"es_ES"}},"Offers":{"Summaries":[{"Condition":{"Value":"New"},"LowestPrice":{"Amount":7.09,"Currency":"EUR","DisplayAmount":"7,09 €"}}]}},{"ASIN":"B09K7RSNBV","DetailPageURL":"https://www.amazon.es/dp/B09K7RSNBV?tag=topinalambricos-21&linkCode=osi&th=1&psc=1","Images":{"Primary":{"Small":{"Height":75,"URL":"https://m.media-amazon.com/images/I/41jGVjWyXuL._SL75_.jpg","Width":61}}},"ItemInfo":{"ByLineInfo":{"Brand":{"DisplayValue":"FeMereina","Label":"Brand","Locale":"es_ES"},"Manufacturer":{"DisplayValue":"FeMereina","Label":"Manufacturer","Locale":"es_ES"}},"Title":{"DisplayValue":"FeMereina Camiseta corta de cuello alto de charol para mujer, ajuste delgado, manga larga brillante, color sólido, metálico, camiseta corta Y2K Club Wear, plata, S","Label":"Title","Locale":"es_ES"}},"Offers":{"Summaries":[{"Condition":{"Value":"New"},"LowestPrice":{"Amount":11.44,"Currency":"EUR","DisplayAmount":"11,44 €"}}]}},{"ASIN":"B0B4WKQRWC","DetailPageURL":"https://www.amazon.es/dp/B0B4WKQRWC?tag=topinalambricos-21&linkCode=osi&th=1&psc=1","Images":{"Primary":{"Small":{"Height":75,"URL":"https://m.media-amazon.com/images/I/411TNbK5pfL._SL75_.jpg","Width":75}}},"ItemInfo":{"ByLineInfo":{"Brand":{"DisplayValue":"Freebily","Label":"Brand","Locale":"es_ES"}},"Title":{"DisplayValue":"Freebily Mujer Top Brillante de Cuero Cuello Moda Camiseta Sin Mangas de Danza Moderno Gimnasia Camisola Metálico Brillante Fiesta Clubwear T Verde XL","Label":"Title","Locale":"es_ES"}},"Offers":{"Summaries":[{"Condition":{"Value":"New"},"LowestPrice":{"Amount":2.79,"Currency":"EUR","DisplayAmount":"2,79 €"}}]}},{"ASIN":"B08LMRJY5F","DetailPageURL":"https://www.amazon.es/dp/B08LMRJY5F?tag=topinalambricos-21&linkCode=osi&th=1&psc=1","Images":{"Primary":{"Small":{"Height":75,"URL":"https://m.media-amazon.com/images/I/41Kars+9yIL._SL75_.jpg","Width":75}}},"ItemInfo":{"ByLineInfo":{"Brand":{"DisplayValue":"TiaoBug","Label":"Brand","Locale":"es_ES"}},"Title":{"DisplayValue":"TiaoBug Sujetador Sexy de Charol para Mujer Crop Tank Top Camiseta Corta Talla Grande Negro M","Label":"Title","Locale":"es_ES"}},"Offers":{"Summaries":[{"Condition":{"Value":"New"},"LowestPrice":{"Amount":8.19,"Currency":"EUR","DisplayAmount":"8,19 €"}}]}},{"ASIN":"B0B2RHYLS1","DetailPageURL":"https://www.amazon.es/dp/B0B2RHYLS1?tag=topinalambricos-21&linkCode=osi&th=1&psc=1","Images":{"Primary":{"Small":{"Height":75,"URL":"https://m.media-amazon.com/images/I/41eu5w5oYAL._SL75_.jpg","Width":56}}},"ItemInfo":{"ByLineInfo":{"Brand":{"DisplayValue":"ranrann","Label":"Brand","Locale":"es_ES"}},"Title":{"DisplayValue":"ranrann Mujer Crop Tank Top de Cuero Brillante Chaleco Wet Look Chaleco Top sin Manga Cuello en U Atractiva Camiseta Interior Negro D 3XL","Label":"Title","Locale":"es_ES"}},"Offers":{"Summaries":[{"Condition":{"Value":"New"},"LowestPrice":{"Amount":11.09,"Currency":"EUR","DisplayAmount":"11,09 €"}}]}},{"ASIN":"B09Z2RSL8N","DetailPageURL":"https://www.amazon.es/dp/B09Z2RSL8N?tag=topinalambricos-21&linkCode=osi&th=1&psc=1","Images":{"Primary":{"Small":{"Height":75,"URL":"https://m.media-amazon.com/images/I/41qwyxr7cnL._SL75_.jpg","Width":75}}},"ItemInfo":{"ByLineInfo":{"Brand":{"DisplayValue":"VEMOW","Label":"Brand","Locale":"es_ES"}},"Title":{"DisplayValue":"Top Camiseta Corto de Charol para Mujer Chaleco sin Manga para Fiesta Baila Sexy Mujer Chaleco de Charol Top Corto Sexy Delgada Chaleco Cami Tops V Cuello de Diario Fiesta Playa(A02,M)","Label":"Title","Locale":"es_ES"}},"Offers":{"Summaries":[{"Condition":{"Value":"New"},"LowestPrice":{"Amount":7.12,"Currency":"EUR","DisplayAmount":"7,12 €"}}]}},{"ASIN":"B081QFQLQ5","DetailPageURL":"https://www.amazon.es/dp/B081QFQLQ5?tag=topinalambricos-21&linkCode=osi&th=1&psc=1","Images":{"Primary":{"Small":{"Height":75,"URL":"https://m.media-amazon.com/images/I/31PPnCFJzdL._SL75_.jpg","Width":57}}},"ItemInfo":{"ByLineInfo":{"Brand":{"DisplayValue":"YiZYiF","Label":"Brand","Locale":"es_ES"}},"Title":{"DisplayValue":"YiZYiF Punk Top de Cuero Chaleco Sexy Mujer Wetlook Crop Top Manga Larga Camiseta Brillante Blusa de Charol Sudadera Corta Traje Pole Dance Nightwear Plateado Talla única","Label":"Title","Locale":"es_ES"}},"Offers":{"Summaries":[{"Condition":{"Value":"New"},"LowestPrice":{"Amount":12.89,"Currency":"EUR","DisplayAmount":"12,89 €"}}]}},{"ASIN":"B09LSXX6KG","DetailPageURL":"https://www.amazon.es/dp/B09LSXX6KG?tag=topinalambricos-21&linkCode=osi&th=1&psc=1","Images":{"Primary":{"Small":{"Height":75,"URL":"https://m.media-amazon.com/images/I/41gu4DTzW3L._SL75_.jpg","Width":56}}},"ItemInfo":{"ByLineInfo":{"Brand":{"DisplayValue":"Nimiya","Label":"Brand","Locale":"es_ES"}},"Title":{"DisplayValue":"Nimiya Crop Top Sexy para Mujer Camiseta sin Mangas Brillante de Charol Tank Top Fiesta Chaleco Corto Club Noche Danza Baile Clubwear Negro Talla Única","Label":"Title","Locale":"es_ES"}},"Offers":{"Summaries":[{"Condition":{"Value":"New"},"LowestPrice":{"Amount":4.09,"Currency":"EUR","DisplayAmount":"4,09 €"}}]}}],"SearchURL":"https://www.amazon.es/s?k=top+cuero+brillante+charol&rh=n%3A3074055031%2Cp_n_availability%3A-1&tag=topinalambricos-21&linkCode=osi","TotalResultCount":80}},"87":{"SearchResult":{"Items":[{"ASIN":"B09JKH2MKN","DetailPageURL":"https://www.amazon.es/dp/B09JKH2MKN?tag=topinalambricos-21&linkCode=osi&th=1&psc=1","Images":{"Primary":{"Small":{"Height":75,"URL":"https://m.media-amazon.com/images/I/41b0JayaaAL._SL75_.jpg","Width":75}}},"ItemInfo":{"ByLineInfo":{"Brand":{"DisplayValue":"sujinxiu","Label":"Brand","Locale":"es_ES"},"Manufacturer":{"DisplayValue":"sujinxiu","Label":"Manufacturer","Locale":"es_ES"}},"Title":{"DisplayValue":"sujinxiu Gabardina de cuero para hombre, gabardina negra de oficial militar clásico alemán, uniforme para invierno","Label":"Title","Locale":"es_ES"}},"Offers":{"Summaries":[{"Condition":{"Value":"New"},"LowestPrice":{"Amount":66.99,"Currency":"EUR","DisplayAmount":"66,99 €"}}]}},{"ASIN":"B0B8CHC5VL","DetailPageURL":"https://www.amazon.es/dp/B0B8CHC5VL?tag=topinalambricos-21&linkCode=osi&th=1&psc=1","Images":{"Primary":{"Small":{"Height":75,"URL":"https://m.media-amazon.com/images/I/31C6vrElOJL._SL75_.jpg","Width":75}}},"ItemInfo":{"ByLineInfo":{"Brand":{"DisplayValue":"YAJIerui","Label":"Brand","Locale":"es_ES"},"Manufacturer":{"DisplayValue":"YAJIerui","Label":"Manufacturer","Locale":"es_ES"}},"Title":{"DisplayValue":"YAJIerui Gabardina de cuero de los hombres abrigo de color sólido de un solo pecho manga completa cuello vuelto Punk chaqueta larga guapo cortavientos, rosso, XXXXL","Label":"Title","Locale":"es_ES"}},"Offers":{"Summaries":[{"Condition":{"Value":"New"},"LowestPrice":{"Amount":34.03,"Currency":"EUR","DisplayAmount":"34,03 €"}}]}},{"ASIN":"B08Z43BVGL","DetailPageURL":"https://www.amazon.es/dp/B08Z43BVGL?tag=topinalambricos-21&linkCode=osi&th=1&psc=1","Images":{"Primary":{"Small":{"Height":75,"URL":"https://m.media-amazon.com/images/I/41raOGYq6FS._SL75_.jpg","Width":48}}},"ItemInfo":{"ByLineInfo":{"Brand":{"DisplayValue":"HiFacon","Label":"Brand","Locale":"es_ES"}},"Title":{"DisplayValue":"HiFacon Clásico traje largo gabardina para hombre abrigo de cuero largo largo largo abrigo de cuero negro, Gabardina de cuero negro, XL","Label":"Title","Locale":"es_ES"}},"Offers":{"Summaries":[{"Condition":{"Value":"New"},"LowestPrice":{"Amount":171.68,"Currency":"EUR","DisplayAmount":"171,68 €"}}]}},{"ASIN":"B0B46JJB3T","DetailPageURL":"https://www.amazon.es/dp/B0B46JJB3T?tag=topinalambricos-21&linkCode=osi&th=1&psc=1","Images":{"Primary":{"Small":{"Height":75,"URL":"https://m.media-amazon.com/images/I/41eObu3j5UL._SL75_.jpg","Width":50}}},"ItemInfo":{"ByLineInfo":{"Brand":{"DisplayValue":"Suiting Style","Label":"Brand","Locale":"es_ES"}},"Title":{"DisplayValue":"Gabardina marrón para hombre, cuero envejecido, abrigo largo vintage debajo de la rodilla, abrigo de cuero original de piel de cordero, Piel., L","Label":"Title","Locale":"es_ES"}},"Offers":{"Summaries":[{"Condition":{"Value":"New"},"LowestPrice":{"Amount":178.0,"Currency":"EUR","DisplayAmount":"178,00 €"}}]}},{"ASIN":"B07K6GJX24","DetailPageURL":"https://www.amazon.es/dp/B07K6GJX24?tag=topinalambricos-21&linkCode=osi&th=1&psc=1","Images":{"Primary":{"Small":{"Height":75,"URL":"https://m.media-amazon.com/images/I/31hLV3Ms1yS._SL75_.jpg","Width":75}}},"ItemInfo":{"ByLineInfo":{"Brand":{"DisplayValue":"Allthemen","Label":"Brand","Locale":"es_ES"}},"Title":{"DisplayValue":"Allthemen Abrigo Largo de Invierno para Hombre Gabardina de Lana Casual Slim Fit Chaqueta Elegant Outerwear Color Sólido Negro XL","Label":"Title","Locale":"es_ES"}},"Offers":{"Summaries":[{"Condition":{"Value":"New"},"LowestPrice":{"Amount":79.99,"Currency":"EUR","DisplayAmount":"79,99 €"}}]}},{"ASIN":"B09VLGXFZN","DetailPageURL":"https://www.amazon.es/dp/B09VLGXFZN?tag=topinalambricos-21&linkCode=osi&th=1&psc=1","Images":{"Primary":{"Small":{"Height":75,"URL":"https://m.media-amazon.com/images/I/41+cIBNnkOL._SL75_.jpg","Width":56}}},"ItemInfo":{"ByLineInfo":{"Brand":{"DisplayValue":"Tarix Apparel","Label":"Brand","Locale":"es_ES"}},"Title":{"DisplayValue":"Tarix Apparel Blade Runner 2049 Ryan Gosling Officer K Fur Collar Marrón Gabardina de cuero, marrón, XL","Label":"Title","Locale":"es_ES"}},"Offers":{"Summaries":[{"Condition":{"Value":"New"},"LowestPrice":{"Amount":167.74,"Currency":"EUR","DisplayAmount":"167,74 €"}}]}},{"ASIN":"B08238ZJLD","DetailPageURL":"https://www.amazon.es/dp/B08238ZJLD?tag=topinalambricos-21&linkCode=osi&th=1&psc=1","Images":{"Primary":{"Small":{"Height":75,"URL":"https://m.media-amazon.com/images/I/411hSMkTXtL._SL75_.jpg","Width":71}}},"ItemInfo":{"ByLineInfo":{"Brand":{"DisplayValue":"keepmore","Label":"Brand","Locale":"es_ES"}},"Title":{"DisplayValue":"keepmore Gabardina clásica para Hombres Abrigo Militar de Carga de Doble Botonadura Largo británico","Label":"Title","Locale":"es_ES"}},"Offers":{"Summaries":[{"Condition":{"Value":"New"},"LowestPrice":{"Amount":30.99,"Currency":"EUR","DisplayAmount":"30,99 €"}}]}},{"ASIN":"B09LVLXJQP","DetailPageURL":"https://www.amazon.es/dp/B09LVLXJQP?tag=topinalambricos-21&linkCode=osi&th=1&psc=1","Images":{"Primary":{"Small":{"Height":75,"URL":"https://m.media-amazon.com/images/I/31GSsZ0FzLL._SL75_.jpg","Width":75}}},"ItemInfo":{"ByLineInfo":{"Brand":{"DisplayValue":"NUSGEAR","Label":"Brand","Locale":"es_ES"}},"Title":{"DisplayValue":"2022 Abrigo hombre invierno, Sobretodo Mezcla de Lana Botón de Manga Larga Gabardina de Color sólido Abrigo largo Moda Slim-fit Cortavientos Elegant caliente Chaquetas parka invierno Outwear traje","Label":"Title","Locale":"es_ES"}},"Offers":{"Summaries":[{"Condition":{"Value":"New"},"LowestPrice":{"Amount":39.98,"Currency":"EUR","DisplayAmount":"39,98 €"}}]}},{"ASIN":"B09NL1JMWT","DetailPageURL":"https://www.amazon.es/dp/B09NL1JMWT?tag=topinalambricos-21&linkCode=osi&th=1&psc=1","Images":{"Primary":{"Small":{"Height":75,"URL":"https://m.media-amazon.com/images/I/41aOqDaUwjL._SL75_.jpg","Width":75}}},"ItemInfo":{"ByLineInfo":{"Brand":{"DisplayValue":"riou","Label":"Brand","Locale":"es_ES"}},"Title":{"DisplayValue":"riou Hombre Chaqueta Abrigo Cálido de Invierno Manga Larga Coat Trekking Outdoor Running Parka Casual Chaquetas Ropa Exterior Outwear Largo","Label":"Title","Locale":"es_ES"}},"Offers":{"Summaries":[{"Condition":{"Value":"New"},"LowestPrice":{"Amount":16.99,"Currency":"EUR","DisplayAmount":"16,99 €"}}]}},{"ASIN":"B09H5CKC1J","DetailPageURL":"https://www.amazon.es/dp/B09H5CKC1J?tag=topinalambricos-21&linkCode=osi&th=1&psc=1","Images":{"Primary":{"Small":{"Height":75,"URL":"https://m.media-amazon.com/images/I/31DoSzWFUaL._SL75_.jpg","Width":46}}},"ItemInfo":{"ByLineInfo":{"Brand":{"DisplayValue":"Infinity Leather","Label":"Brand","Locale":"es_ES"}},"Title":{"DisplayValue":"Infinity Leather Abrigo Largo para Hombre de Cuero Negro Estilo U-Boat Gabardina Militar Alemana de la II Guerra Mundial XL","Label":"Title","Locale":"es_ES"}},"Offers":{"Summaries":[{"Condition":{"Value":"New"},"LowestPrice":{"Amount":179.99,"Currency":"EUR","DisplayAmount":"179,99 €"}}]}}],"SearchURL":"https://www.amazon.es/s?k=gabardinas+cuero&rh=n%3A3074194031%2Cp_n_availability%3A-1&tag=topinalambricos-21&linkCode=osi","TotalResultCount":391}},"88":{"SearchResult":{"Items":[{"ASIN":"B09GXP4Q57","DetailPageURL":"https://www.amazon.es/dp/B09GXP4Q57?tag=topinalambricos-21&linkCode=osi&th=1&psc=1","Images":{"Primary":{"Small":{"Height":75,"URL":"https://m.media-amazon.com/images/I/41QVU8pNMkL._SL75_.jpg","Width":56}}},"ItemInfo":{"ByLineInfo":{"Brand":{"DisplayValue":"Suncolour","Label":"Brand","Locale":"es_ES"}},"Title":{"DisplayValue":"Gabardina de Cuero Larga marrón para Mujer para Mujer Abrigo de Cuero de Longitud Completa con Cremallera Vintage para Mujer","Label":"Title","Locale":"es_ES"}},"Offers":{"Summaries":[{"Condition":{"Value":"New"},"LowestPrice":{"Amount":35.73,"Currency":"EUR","DisplayAmount":"35,73 €"}}]}},{"ASIN":"B083MWQC11","DetailPageURL":"https://www.amazon.es/dp/B083MWQC11?tag=topinalambricos-21&linkCode=osi&th=1&psc=1","Images":{"Primary":{"Small":{"Height":75,"URL":"https://m.media-amazon.com/images/I/31lpPSVRCgL._SL75_.jpg","Width":49}}},"ItemInfo":{"ByLineInfo":{"Brand":{"DisplayValue":"Orolay","Label":"Brand","Locale":"es_ES"},"Manufacturer":{"DisplayValue":"Orolay","Label":"Manufacturer","Locale":"es_ES"}},"Title":{"DisplayValue":"Orolay Gabardina Larga para Mujer con Cinturón Gabardina Ligera de Doble Botonadura con Cinturón Caqui XS","Label":"Title","Locale":"es_ES"}},"Offers":{"Summaries":[{"Condition":{"Value":"New"},"LowestPrice":{"Amount":99.99,"Currency":"EUR","DisplayAmount":"99,99 €"}}]}},{"ASIN":"B07TXH4MPT","DetailPageURL":"https://www.amazon.es/dp/B07TXH4MPT?tag=topinalambricos-21&linkCode=osi&th=1&psc=1","Images":{"Primary":{"Small":{"Height":75,"URL":"https://m.media-amazon.com/images/I/41mu0yQXF+L._SL75_.jpg","Width":57}}},"ItemInfo":{"ByLineInfo":{"Brand":{"DisplayValue":"Allegra K","Label":"Brand","Locale":"es_ES"},"Manufacturer":{"DisplayValue":"Allegra K","Label":"Manufacturer","Locale":"es_ES"}},"Title":{"DisplayValue":"Allegra K Día de San Patricio Chaqueta De Gabardina De Gamuza Sintética Con Muesca Para Mujer Blazer De Solapa Pico Con Solapa De Tormenta Negro M","Label":"Title","Locale":"es_ES"}},"Offers":{"Summaries":[{"Condition":{"Value":"New"},"LowestPrice":{"Amount":95.49,"Currency":"EUR","DisplayAmount":"95,49 €"}}]}},{"ASIN":"B09KLJ8RVG","DetailPageURL":"https://www.amazon.es/dp/B09KLJ8RVG?tag=topinalambricos-21&linkCode=osi&th=1&psc=1","Images":{"Primary":{"Small":{"Height":75,"URL":"https://m.media-amazon.com/images/I/31ZSCrd-hLL._SL75_.jpg","Width":45}}},"ItemInfo":{"ByLineInfo":{"Brand":{"DisplayValue":"malito more than fashion","Label":"Brand","Locale":"es_ES"}},"Title":{"DisplayValue":"malito Mujer Abrigo de Trinchera clásico Chaqueta Otoño 15142 (rojo, S)","Label":"Title","Locale":"es_ES"}},"Offers":{"Summaries":[{"Condition":{"Value":"New"},"LowestPrice":{"Amount":39.95,"Currency":"EUR","DisplayAmount":"39,95 €"}}]}},{"ASIN":"B0B8Z2DL4G","DetailPageURL":"https://www.amazon.es/dp/B0B8Z2DL4G?tag=topinalambricos-21&linkCode=osi&th=1&psc=1","Images":{"Primary":{"Small":{"Height":75,"URL":"https://m.media-amazon.com/images/I/31V7UmoDE0L._SL75_.jpg","Width":56}}},"ItemInfo":{"ByLineInfo":{"Brand":{"DisplayValue":"N\\A","Label":"Brand","Locale":"es_ES"},"Manufacturer":{"DisplayValue":"SDFW","Label":"Manufacturer","Locale":"es_ES"}},"Title":{"DisplayValue":"NA SDFW otoño Extra Largo Verde PU Cuero Gabardina para Mujer cinturón Bolsillos diseñador de un Solo Pecho","Label":"Title","Locale":"es_ES"}},"Offers":{"Summaries":[{"Condition":{"Value":"New"},"LowestPrice":{"Amount":94.75,"Currency":"EUR","DisplayAmount":"94,75 €"}}]}},{"ASIN":"B0BLKQZMBC","DetailPageURL":"https://www.amazon.es/dp/B0BLKQZMBC?tag=topinalambricos-21&linkCode=osi&th=1&psc=1","Images":{"Primary":{"Small":{"Height":75,"URL":"https://m.media-amazon.com/images/I/41gDN2cSL-L._SL75_.jpg","Width":39}}},"ItemInfo":{"ByLineInfo":{"Brand":{"DisplayValue":"A1 FASHION GOODS","Label":"Brand","Locale":"es_ES"},"Manufacturer":{"DisplayValue":"A1 Fashion Goods","Label":"Manufacturer","Locale":"es_ES"}},"Title":{"DisplayValue":"Gabardina de cuero real para mujer ajustada larga hasta la rodilla casual parka chaqueta lacey, marrón, 46","Label":"Title","Locale":"es_ES"}},"Offers":{"Summaries":[{"Condition":{"Value":"New"},"LowestPrice":{"Amount":182.99,"Currency":"EUR","DisplayAmount":"182,99 €"}}]}},{"ASIN":"B09T9H9NR2","DetailPageURL":"https://www.amazon.es/dp/B09T9H9NR2?tag=topinalambricos-21&linkCode=osi&th=1&psc=1","Images":{"Primary":{"Small":{"Height":75,"URL":"https://m.media-amazon.com/images/I/41kPpHcNECL._SL75_.jpg","Width":56}}},"ItemInfo":{"ByLineInfo":{"Brand":{"DisplayValue":"Only","Label":"Brand","Locale":"es_ES"},"Manufacturer":{"DisplayValue":"Only","Label":"Manufacturer","Locale":"es_ES"}},"Title":{"DisplayValue":"ONLY Gabardina femenina corta, verde oliva, L","Label":"Title","Locale":"es_ES"}},"Offers":{"Summaries":[{"Condition":{"Value":"New"},"LowestPrice":{"Amount":40.0,"Currency":"EUR","DisplayAmount":"40,00 €"}}]}},{"ASIN":"B00DJ9QV9I","DetailPageURL":"https://www.amazon.es/dp/B00DJ9QV9I?tag=topinalambricos-21&linkCode=osi&th=1&psc=1","Images":{"Primary":{"Small":{"Height":75,"URL":"https://m.media-amazon.com/images/I/31jbyCSATGL._SL75_.jpg","Width":30}}},"ItemInfo":{"ByLineInfo":{"Brand":{"DisplayValue":"Unicorn London","Label":"Brand","Locale":"es_ES"}},"Title":{"DisplayValue":"UNICORN Mujeres Genuino real cuero chaqueta Estilo clásico Gabardina Abrigo largo longitud Negro #AX Tamaño 38","Label":"Title","Locale":"es_ES"}},"Offers":{"Summaries":[{"Condition":{"Value":"New"},"LowestPrice":{"Amount":183.99,"Currency":"EUR","DisplayAmount":"183,99 €"}}]}},{"ASIN":"B09KVD1DQ9","DetailPageURL":"https://www.amazon.es/dp/B09KVD1DQ9?tag=topinalambricos-21&linkCode=osi&th=1&psc=1","Images":{"Primary":{"Small":{"Height":75,"URL":"https://m.media-amazon.com/images/I/41BgQpXiCfL._SL75_.jpg","Width":75}}},"ItemInfo":{"ByLineInfo":{"Brand":{"DisplayValue":"ConBeauty","Label":"Brand","Locale":"es_ES"},"Manufacturer":{"DisplayValue":"ConBeauty","Label":"Manufacturer","Locale":"es_ES"}},"Title":{"DisplayValue":"ConBeauty Chaqueta de Cuero Negra para Mujer de Talla Grande, Gabardina Larga, Chaqueta de Piel sintética con Solapa Frontal con Botones, Prendas de Abrigo Sueltas para Primavera otoño Invierno","Label":"Title","Locale":"es_ES"}},"Offers":{"Summaries":[{"Condition":{"Value":"New"},"LowestPrice":{"Amount":38.59,"Currency":"EUR","DisplayAmount":"38,59 €"}}]}},{"ASIN":"B0B1GTDNJ5","DetailPageURL":"https://www.amazon.es/dp/B0B1GTDNJ5?tag=topinalambricos-21&linkCode=osi&th=1&psc=1","Images":{"Primary":{"Small":{"Height":75,"URL":"https://m.media-amazon.com/images/I/41gbX73fUCL._SL75_.jpg","Width":56}}},"ItemInfo":{"ByLineInfo":{"Brand":{"DisplayValue":"Allegra K","Label":"Brand","Locale":"es_ES"},"Manufacturer":{"DisplayValue":"Allegra K","Label":"Manufacturer","Locale":"es_ES"}},"Title":{"DisplayValue":"Allegra K Abrigo de Invierno con cinturón y Bolsillos con Doble Botonadura y Cuello Alto para Mujer Azul Polvoriento XL","Label":"Title","Locale":"es_ES"}},"Offers":{"Summaries":[{"Condition":{"Value":"New"},"LowestPrice":{"Amount":89.99,"Currency":"EUR","DisplayAmount":"89,99 €"}}]}}],"SearchURL":"https://www.amazon.es/s?k=gabardina+cuero&rh=n%3A3074296031%2Cp_n_availability%3A-1&tag=topinalambricos-21&linkCode=osi","TotalResultCount":18633}},"89":{"SearchResult":{"Items":[{"ASIN":"B08THMJ7CK","DetailPageURL":"https://www.amazon.es/dp/B08THMJ7CK?tag=topinalambricos-21&linkCode=osi&th=1&psc=1","Images":{"Primary":{"Small":{"Height":75,"URL":"https://m.media-amazon.com/images/I/415LWiwIX1L._SL75_.jpg","Width":57}}},"ItemInfo":{"ByLineInfo":{"Brand":{"DisplayValue":"Desigual","Label":"Brand","Locale":"es_ES"},"Manufacturer":{"DisplayValue":"Desigual","Label":"Manufacturer","Locale":"es_ES"}},"Title":{"DisplayValue":"Desigual CAM_Mary Somerville Camiseta, Negro, XS para Mujer","Label":"Title","Locale":"es_ES"}},"Offers":{"Summaries":[{"Condition":{"Value":"New"},"LowestPrice":{"Amount":108.84,"Currency":"EUR","DisplayAmount":"108,84 €"}}]}},{"ASIN":"B09D7N6HQM","DetailPageURL":"https://www.amazon.es/dp/B09D7N6HQM?tag=topinalambricos-21&linkCode=osi&th=1&psc=1","Images":{"Primary":{"Small":{"Height":75,"URL":"https://m.media-amazon.com/images/I/418Mh+7fY+L._SL75_.jpg","Width":75}}},"ItemInfo":{"ByLineInfo":{"Brand":{"DisplayValue":"ORANDESIGNE","Label":"Brand","Locale":"es_ES"}},"Title":{"DisplayValue":"ORANDESIGNE Blusa Negra de Piel Sintética con Botones Camisa de Manga Larga para Mujer Color Liso Chaquetas de Cuero Sintético Vintage I Negro M","Label":"Title","Locale":"es_ES"}},"Offers":{"Summaries":[{"Condition":{"Value":"New"},"LowestPrice":{"Amount":22.99,"Currency":"EUR","DisplayAmount":"22,99 €"}}]}},{"ASIN":"B09QSF4F7M","DetailPageURL":"https://www.amazon.es/dp/B09QSF4F7M?tag=topinalambricos-21&linkCode=osi&th=1&psc=1","Images":{"Primary":{"Small":{"Height":75,"URL":"https://m.media-amazon.com/images/I/41feK6+bHSL._SL75_.jpg","Width":75}}},"ItemInfo":{"ByLineInfo":{"Brand":{"DisplayValue":"Yu Liao","Label":"Brand","Locale":"es_ES"},"Manufacturer":{"DisplayValue":"Yu Liao","Label":"Manufacturer","Locale":"es_ES"}},"Title":{"DisplayValue":"Yu Liao Blusa de Cuero PU con Retazos de Solapa para Mujer, Blusa Sexy de Primavera con Cuello en V y un Solo Pecho a Cuadros, Camisa de Manga Larga con Botones para Mujer de Oficina","Label":"Title","Locale":"es_ES"}},"Offers":{"Summaries":[{"Condition":{"Value":"New"},"LowestPrice":{"Amount":24.0,"Currency":"EUR","DisplayAmount":"24,00 €"}}]}},{"ASIN":"B0BC8F8F1R","DetailPageURL":"https://www.amazon.es/dp/B0BC8F8F1R?tag=topinalambricos-21&linkCode=osi&th=1&psc=1","Images":{"Primary":{"Small":{"Height":75,"URL":"https://m.media-amazon.com/images/I/51E2kHyy1JL._SL75_.jpg","Width":75}}},"ItemInfo":{"ByLineInfo":{"Brand":{"DisplayValue":"MJZYP","Label":"Brand","Locale":"es_ES"},"Manufacturer":{"DisplayValue":"MJZYP","Label":"Manufacturer","Locale":"es_ES"}},"Title":{"DisplayValue":"Chaqueta A Crochet para Mujer,Parka Roja,Top Cuero,Chaqueton Marinero,Cazadora Nieve Mujer,Plumifero Rojo Mujer,Chaquetas De Verano,Abrigo Puffy,Camisa Saten,Camisa Efecto Piel,","Label":"Title","Locale":"es_ES"}},"Offers":{"Summaries":[{"Condition":{"Value":"New"},"LowestPrice":{"Amount":8.68,"Currency":"EUR","DisplayAmount":"8,68 €"}}]}},{"ASIN":"B07H3M8VWS","DetailPageURL":"https://www.amazon.es/dp/B07H3M8VWS?tag=topinalambricos-21&linkCode=osi&th=1&psc=1","Images":{"Primary":{"Small":{"Height":75,"URL":"https://m.media-amazon.com/images/I/31eTUcR9QhL._SL75_.jpg","Width":75}}},"ItemInfo":{"ByLineInfo":{"Brand":{"DisplayValue":"Yvelands","Label":"Brand","Locale":"es_ES"}},"Title":{"DisplayValue":"Siennaa ChaNdal Niño Sudaderas Con Capucha 3D Impresian Unisex Chaqueta Sudaderas Y Pantalones De Deporte SuãTer Fresco Dibujos Unicornio De Fans Streetwear Jerseys Niñas","Label":"Title","Locale":"es_ES"}},"Offers":{"Summaries":[{"Condition":{"Value":"New"},"LowestPrice":{"Amount":0.59,"Currency":"EUR","DisplayAmount":"0,59 €"}}]}},{"ASIN":"B0BMKVPRKQ","DetailPageURL":"https://www.amazon.es/dp/B0BMKVPRKQ?tag=topinalambricos-21&linkCode=osi&th=1&psc=1","Images":{"Primary":{"Small":{"Height":75,"URL":"https://m.media-amazon.com/images/I/41esRod3XTL._SL75_.jpg","Width":75}}},"ItemInfo":{"ByLineInfo":{"Brand":{"DisplayValue":"MAOAEAD","Label":"Brand","Locale":"es_ES"},"Manufacturer":{"DisplayValue":"MAOAEAD","Label":"Manufacturer","Locale":"es_ES"}},"Title":{"DisplayValue":"MAOAEAD Blusa de cuero sintético para mujer, camisas delgadas con botones de PU para otoño, manga larga, solapa de color sólido, tops (azul, XXL)","Label":"Title","Locale":"es_ES"}},"Offers":{"Summaries":[{"Condition":{"Value":"New"},"LowestPrice":{"Amount":40.49,"Currency":"EUR","DisplayAmount":"40,49 €"}}]}},{"ASIN":"B0BBQM7HR5","DetailPageURL":"https://www.amazon.es/dp/B0BBQM7HR5?tag=topinalambricos-21&linkCode=osi&th=1&psc=1","Images":{"Primary":{"Small":{"Height":75,"URL":"https://m.media-amazon.com/images/I/41E4pI6TRUL._SL75_.jpg","Width":75}}},"ItemInfo":{"ByLineInfo":{"Brand":{"DisplayValue":"MJZYP","Label":"Brand","Locale":"es_ES"},"Manufacturer":{"DisplayValue":"MJZYP","Label":"Manufacturer","Locale":"es_ES"}},"Title":{"DisplayValue":"Chaqueta Piel Moto,Parka Blanca,Camisa Lunares Mujer,Camisetas De Mujer Originales,Camisetas Marineras Mujer,Chaqueta Cuero Roja,Chaqueta Ganchillo Mujer,Camisa Etnica,","Label":"Title","Locale":"es_ES"}},"Offers":{"Summaries":[{"Condition":{"Value":"New"},"LowestPrice":{"Amount":4.22,"Currency":"EUR","DisplayAmount":"4,22 €"}}]}},{"ASIN":"B0BMB5JFW5","DetailPageURL":"https://www.amazon.es/dp/B0BMB5JFW5?tag=topinalambricos-21&linkCode=osi&th=1&psc=1","Images":{"Primary":{"Small":{"Height":75,"URL":"https://m.media-amazon.com/images/I/51u59VrLCYL._SL75_.jpg","Width":75}}},"ItemInfo":{"ByLineInfo":{"Brand":{"DisplayValue":"riou","Label":"Brand","Locale":"es_ES"},"Manufacturer":{"DisplayValue":"riou","Label":"Manufacturer","Locale":"es_ES"}},"Title":{"DisplayValue":"riou Blusas y Camisas de Mujer Manga Larga Patchwork Blusa Cuello Redondo Color Sólido Basica Camiseta para Mujeres y Chicas Suave y Confortable Jersey Tops Regalo","Label":"Title","Locale":"es_ES"}},"Offers":{"Summaries":[{"Condition":{"Value":"New"},"LowestPrice":{"Amount":7.65,"Currency":"EUR","DisplayAmount":"7,65 €"}}]}},{"ASIN":"B08XZQ5761","DetailPageURL":"https://www.amazon.es/dp/B08XZQ5761?tag=topinalambricos-21&linkCode=osi&th=1&psc=1","Images":{"Primary":{"Small":{"Height":75,"URL":"https://m.media-amazon.com/images/I/41U1Sj9Kr9L._SL75_.jpg","Width":40}}},"ItemInfo":{"ByLineInfo":{"Brand":{"DisplayValue":"Gipsy","Label":"Brand","Locale":"es_ES"},"Manufacturer":{"DisplayValue":"Gipsy","Label":"Manufacturer","Locale":"es_ES"}},"Title":{"DisplayValue":"Gipsy G2G Akesha SF Labonv Mujer Manga Larga Negro M 100% Cuero Regular","Label":"Title","Locale":"es_ES"}},"Offers":{"Summaries":[{"Condition":{"Value":"New"},"LowestPrice":{"Amount":56.47,"Currency":"EUR","DisplayAmount":"56,47 €"}}]}},{"ASIN":"B0BJCT1Y2Z","DetailPageURL":"https://www.amazon.es/dp/B0BJCT1Y2Z?tag=topinalambricos-21&linkCode=osi&th=1&psc=1","Images":{"Primary":{"Small":{"Height":75,"URL":"https://m.media-amazon.com/images/I/51Sqe64W+3L._SL75_.jpg","Width":75}}},"ItemInfo":{"ByLineInfo":{"Brand":{"DisplayValue":"CANDE","Label":"Brand","Locale":"es_ES"},"Manufacturer":{"DisplayValue":"CANDE","Label":"Manufacturer","Locale":"es_ES"}},"Title":{"DisplayValue":"Tops Verano,Camisas Satinadas Mujer,Camisa con Nudo Delantero,Tops Sexys,Abrigo A Crochet,Americana Terciopelo,Chaqueta De Cuero Marron,Blazer De Piel,Camisas Flores,","Label":"Title","Locale":"es_ES"}},"Offers":{"Summaries":[{"Condition":{"Value":"New"},"LowestPrice":{"Amount":15.66,"Currency":"EUR","DisplayAmount":"15,66 €"}}]}}],"SearchURL":"https://www.amazon.es/s?k=camisa+cuero+piel&rh=n%3A3074053031%2Cp_n_availability%3A-1&tag=topinalambricos-21&linkCode=osi","TotalResultCount":5204}},"93":{"SearchResult":{"Items":[{"ASIN":"B08XNHZVBF","DetailPageURL":"https://www.amazon.es/dp/B08XNHZVBF?tag=topinalambricos-21&linkCode=osi&th=1&psc=1","Images":{"Primary":{"Small":{"Height":75,"URL":"https://m.media-amazon.com/images/I/51BxyoC2zbL._SL75_.jpg","Width":75}}},"ItemInfo":{"ByLineInfo":{"Brand":{"DisplayValue":"COOLSTEELANDBEYOND","Label":"Brand","Locale":"es_ES"},"Manufacturer":{"DisplayValue":"COOLSTEELANDBEYOND","Label":"Manufacturer","Locale":"es_ES"}},"Title":{"DisplayValue":"COOLSTEELANDBEYOND Multi-Hilo Araña Negro Pulsera Cuero Trenzado De Hombre Muchachos, Tejido Pulsera del Abrigo","Label":"Title","Locale":"es_ES"}},"Offers":{"Summaries":[{"Condition":{"Value":"New"},"LowestPrice":{"Amount":13.99,"Currency":"EUR","DisplayAmount":"13,99 €"}}]}},{"ASIN":"B00OAABXW0","DetailPageURL":"https://www.amazon.es/dp/B00OAABXW0?tag=topinalambricos-21&linkCode=osi&th=1&psc=1","Images":{"Primary":{"Small":{"Height":62,"URL":"https://m.media-amazon.com/images/I/41m6BIqIgaL._SL75_.jpg","Width":75}}},"ItemInfo":{"ByLineInfo":{"Brand":{"DisplayValue":"Viceroy","Label":"Brand","Locale":"es_ES"},"Manufacturer":{"DisplayValue":"Viceroy","Label":"Manufacturer","Locale":"es_ES"}},"Title":{"DisplayValue":"Viceroy Brazalete Yard de Acero Inoxidable para Hombre, 21,5 cm, 6097P09010, 21.5 Centimeters, Cuero, Sin Piedra","Label":"Title","Locale":"es_ES"}},"Offers":{"Summaries":[{"Condition":{"Value":"New"},"LowestPrice":{"Amount":25.0,"Currency":"EUR","DisplayAmount":"25,00 €"}}]}},{"ASIN":"B0BJ2MNXL7","DetailPageURL":"https://www.amazon.es/dp/B0BJ2MNXL7?tag=topinalambricos-21&linkCode=osi&th=1&psc=1","Images":{"Primary":{"Small":{"Height":75,"URL":"https://m.media-amazon.com/images/I/418JXamm1TL._SL75_.jpg","Width":75}}},"ItemInfo":{"ByLineInfo":{"Brand":{"DisplayValue":"Viceroy","Label":"Brand","Locale":"es_ES"}},"Title":{"DisplayValue":"Pulsera Viceroy acero y piel negro .1465P01010","Label":"Title","Locale":"es_ES"}},"Offers":{"Summaries":[{"Condition":{"Value":"New"},"LowestPrice":{"Amount":40.5,"Currency":"EUR","DisplayAmount":"40,50 €"}}]}},{"ASIN":"B07GY1TVHP","DetailPageURL":"https://www.amazon.es/dp/B07GY1TVHP?tag=topinalambricos-21&linkCode=osi&th=1&psc=1","Images":{"Primary":{"Small":{"Height":34,"URL":"https://m.media-amazon.com/images/I/41ccdaasPLL._SL75_.jpg","Width":75}}},"ItemInfo":{"ByLineInfo":{"Brand":{"DisplayValue":"Tommy Hilfiger","Label":"Brand","Locale":"es_ES"},"Manufacturer":{"DisplayValue":"Tommy Hilfiger","Label":"Manufacturer","Locale":"es_ES"}},"Title":{"DisplayValue":"Tommy Hilfiger 2790011 - Pulsera Cuerda de Acero Inoxidable para Hombre, Negro","Label":"Title","Locale":"es_ES"}},"Offers":{"Summaries":[{"Condition":{"Value":"New"},"LowestPrice":{"Amount":38.93,"Currency":"EUR","DisplayAmount":"38,93 €"}}]}},{"ASIN":"B01DKR8VLE","DetailPageURL":"https://www.amazon.es/dp/B01DKR8VLE?tag=topinalambricos-21&linkCode=osi&th=1&psc=1","Images":{"Primary":{"Small":{"Height":75,"URL":"https://m.media-amazon.com/images/I/31wqUL0b-1L._SL75_.jpg","Width":75}}},"ItemInfo":{"ByLineInfo":{"Brand":{"DisplayValue":"Emporio Armani","Label":"Brand","Locale":"es_ES"},"Manufacturer":{"DisplayValue":"EMQCM","Label":"Manufacturer","Locale":"es_ES"}},"Title":{"DisplayValue":"EMPORIO ARMANI Pulsera de cuero para hombre","Label":"Title","Locale":"es_ES"}},"Offers":{"Summaries":[{"Condition":{"Value":"New"},"LowestPrice":{"Amount":69.7,"Currency":"EUR","DisplayAmount":"69,70 €"}}]}},{"ASIN":"B005MI0Y0Q","DetailPageURL":"https://www.amazon.es/dp/B005MI0Y0Q?tag=topinalambricos-21&linkCode=osi&th=1&psc=1","Images":{"Primary":{"Small":{"Height":75,"URL":"https://m.media-amazon.com/images/I/41q7ET+lYML._SL75_.jpg","Width":75}}},"ItemInfo":{"ByLineInfo":{"Brand":{"DisplayValue":"Fossil","Label":"Brand","Locale":"es_ES"},"Contributors":[{"Locale":"es_ES","Name":"Fossil","Role":"Diseñador","RoleType":"designer"}],"Manufacturer":{"DisplayValue":"Fossil Group","Label":"Manufacturer","Locale":"es_ES"}},"Title":{"DisplayValue":"Fossil Pulsera Casual vintage, para Hombre,Marrón, 24 cm","Label":"Title","Locale":"es_ES"}},"Offers":{"Summaries":[{"Condition":{"Value":"New"},"LowestPrice":{"Amount":26.99,"Currency":"EUR","DisplayAmount":"26,99 €"}}]}},{"ASIN":"B0B4SH94DH","DetailPageURL":"https://www.amazon.es/dp/B0B4SH94DH?tag=topinalambricos-21&linkCode=osi&th=1&psc=1","Images":{"Primary":{"Small":{"Height":75,"URL":"https://m.media-amazon.com/images/I/51JW+lsiViL._SL75_.jpg","Width":68}}},"ItemInfo":{"ByLineInfo":{"Brand":{"DisplayValue":"MILACOLATO","Label":"Brand","Locale":"es_ES"},"Manufacturer":{"DisplayValue":"MILACOLATO","Label":"Manufacturer","Locale":"es_ES"}},"Title":{"DisplayValue":"MILACOLATO Pulseras Cuero Hombre Pulsera Cuero Mujer/Hombre Pulseras De Cuero Trenzado para Hombres y Mujeres Conjunto De Pulsera Ajustable con Cuentas De Madera Accesorios Joyería para Hombre","Label":"Title","Locale":"es_ES"}},"Offers":{"Summaries":[{"Condition":{"Value":"New"},"LowestPrice":{"Amount":15.99,"Currency":"EUR","DisplayAmount":"15,99 €"}}]}},{"ASIN":"B01GBJ6XJ0","DetailPageURL":"https://www.amazon.es/dp/B01GBJ6XJ0?tag=topinalambricos-21&linkCode=osi&th=1&psc=1","Images":{"Primary":{"Small":{"Height":54,"URL":"https://m.media-amazon.com/images/I/313h4X4ZzAL._SL75_.jpg","Width":75}}},"ItemInfo":{"ByLineInfo":{"Brand":{"DisplayValue":"Viceroy","Label":"Brand","Locale":"es_ES"},"Manufacturer":{"DisplayValue":"Viceroy joyas","Label":"Manufacturer","Locale":"es_ES"}},"Title":{"DisplayValue":"Pulsera para hombre - Viceroy 6097P09011","Label":"Title","Locale":"es_ES"}},"Offers":{"Summaries":[{"Condition":{"Value":"New"},"LowestPrice":{"Amount":24.0,"Currency":"EUR","DisplayAmount":"24,00 €"}}]}},{"ASIN":"B08K8T4C61","DetailPageURL":"https://www.amazon.es/dp/B08K8T4C61?tag=topinalambricos-21&linkCode=osi&th=1&psc=1","Images":{"Primary":{"Small":{"Height":75,"URL":"https://m.media-amazon.com/images/I/41OM0cZBnQL._SL75_.jpg","Width":75}}},"ItemInfo":{"ByLineInfo":{"Brand":{"DisplayValue":"SERASAR","Label":"Brand","Locale":"es_ES"},"Manufacturer":{"DisplayValue":"SERASAR","Label":"Manufacturer","Locale":"es_ES"}},"Title":{"DisplayValue":"SERASAR Pulseras Magneticas 23cm Negro Pulsera de Cuero Hombre Pulseras Hombres Brazalete Brazaletes Pulso Muñequera Bisuteria Bisutería Bandera Nudos Cuerda Mens Leather Bracelet Jewellery Ancha","Label":"Title","Locale":"es_ES"}},"Offers":{"Summaries":[{"Condition":{"Value":"New"},"LowestPrice":{"Amount":29.99,"Currency":"EUR","DisplayAmount":"29,99 €"}}]}},{"ASIN":"B081CZKK23","DetailPageURL":"https://www.amazon.es/dp/B081CZKK23?tag=topinalambricos-21&linkCode=osi&th=1&psc=1","Images":{"Primary":{"Small":{"Height":75,"URL":"https://m.media-amazon.com/images/I/31RfJESN6dL._SL75_.jpg","Width":60}}},"ItemInfo":{"ByLineInfo":{"Brand":{"DisplayValue":"Viceroy","Label":"Brand","Locale":"es_ES"},"Manufacturer":{"DisplayValue":"Viceroy","Label":"Manufacturer","Locale":"es_ES"}},"Title":{"DisplayValue":"Viceroy Pulsera Caballero Acero y Piel 6456p01011","Label":"Title","Locale":"es_ES"}},"Offers":{"Summaries":[{"Condition":{"Value":"New"},"LowestPrice":{"Amount":27.55,"Currency":"EUR","DisplayAmount":"27,55 €"}}]}}],"SearchURL":"https://www.amazon.es/s?k=de+cuero&rh=n%3A10440403031%2Cp_n_availability%3A-1&tag=topinalambricos-21&linkCode=osi","TotalResultCount":38289}},"94":{"SearchResult":{"Items":[{"ASIN":"B00OAABXW0","DetailPageURL":"https://www.amazon.es/dp/B00OAABXW0?tag=topinalambricos-21&linkCode=osi&th=1&psc=1","Images":{"Primary":{"Small":{"Height":62,"URL":"https://m.media-amazon.com/images/I/41m6BIqIgaL._SL75_.jpg","Width":75}}},"ItemInfo":{"ByLineInfo":{"Brand":{"DisplayValue":"Viceroy","Label":"Brand","Locale":"es_ES"},"Manufacturer":{"DisplayValue":"Viceroy","Label":"Manufacturer","Locale":"es_ES"}},"Title":{"DisplayValue":"Viceroy Brazalete Yard de Acero Inoxidable para Hombre, 21,5 cm, 6097P09010, 21.5 Centimeters, Cuero, Sin Piedra","Label":"Title","Locale":"es_ES"}},"Offers":{"Summaries":[{"Condition":{"Value":"New"},"LowestPrice":{"Amount":25.0,"Currency":"EUR","DisplayAmount":"25,00 €"}}]}},{"ASIN":"B0BJ2MNXL7","DetailPageURL":"https://www.amazon.es/dp/B0BJ2MNXL7?tag=topinalambricos-21&linkCode=osi&th=1&psc=1","Images":{"Primary":{"Small":{"Height":75,"URL":"https://m.media-amazon.com/images/I/418JXamm1TL._SL75_.jpg","Width":75}}},"ItemInfo":{"ByLineInfo":{"Brand":{"DisplayValue":"Viceroy","Label":"Brand","Locale":"es_ES"}},"Title":{"DisplayValue":"Pulsera Viceroy acero y piel negro .1465P01010","Label":"Title","Locale":"es_ES"}},"Offers":{"Summaries":[{"Condition":{"Value":"New"},"LowestPrice":{"Amount":40.5,"Currency":"EUR","DisplayAmount":"40,50 €"}}]}},{"ASIN":"B01GBJ6XJ0","DetailPageURL":"https://www.amazon.es/dp/B01GBJ6XJ0?tag=topinalambricos-21&linkCode=osi&th=1&psc=1","Images":{"Primary":{"Small":{"Height":54,"URL":"https://m.media-amazon.com/images/I/313h4X4ZzAL._SL75_.jpg","Width":75}}},"ItemInfo":{"ByLineInfo":{"Brand":{"DisplayValue":"Viceroy","Label":"Brand","Locale":"es_ES"},"Manufacturer":{"DisplayValue":"Viceroy joyas","Label":"Manufacturer","Locale":"es_ES"}},"Title":{"DisplayValue":"Pulsera para hombre - Viceroy 6097P09011","Label":"Title","Locale":"es_ES"}},"Offers":{"Summaries":[{"Condition":{"Value":"New"},"LowestPrice":{"Amount":24.0,"Currency":"EUR","DisplayAmount":"24,00 €"}}]}},{"ASIN":"B01I0E1FME","DetailPageURL":"https://www.amazon.es/dp/B01I0E1FME?tag=topinalambricos-21&linkCode=osi&th=1&psc=1","Images":{"Primary":{"Small":{"Height":70,"URL":"https://m.media-amazon.com/images/I/41iRZx9Ui3L._SL75_.jpg","Width":75}}},"ItemInfo":{"ByLineInfo":{"Brand":{"DisplayValue":"Viceroy","Label":"Brand","Locale":"es_ES"}},"Title":{"DisplayValue":"Viceroy Pulsera Acero Hombre Marron","Label":"Title","Locale":"es_ES"}},"Offers":{"Summaries":[{"Condition":{"Value":"New"},"LowestPrice":{"Amount":26.0,"Currency":"EUR","DisplayAmount":"26,00 €"}}]}},{"ASIN":"B07Q2XHNR5","DetailPageURL":"https://www.amazon.es/dp/B07Q2XHNR5?tag=topinalambricos-21&linkCode=osi&th=1&psc=1","Images":{"Primary":{"Small":{"Height":75,"URL":"https://m.media-amazon.com/images/I/31nPu9q0YRL._SL75_.jpg","Width":60}}},"ItemInfo":{"ByLineInfo":{"Brand":{"DisplayValue":"Viceroy","Label":"Brand","Locale":"es_ES"},"Manufacturer":{"DisplayValue":"Viceroy Jewels","Label":"Manufacturer","Locale":"es_ES"}},"Title":{"DisplayValue":"VICEROY FASHION Pulsera Caballero. Acero. Piel Trenzada.","Label":"Title","Locale":"es_ES"}},"Offers":{"Summaries":[{"Condition":{"Value":"New"},"LowestPrice":{"Amount":26.0,"Currency":"EUR","DisplayAmount":"26,00 €"}}]}},{"ASIN":"B01N941NXI","DetailPageURL":"https://www.amazon.es/dp/B01N941NXI?tag=topinalambricos-21&linkCode=osi&th=1&psc=1","Images":{"Primary":{"Small":{"Height":71,"URL":"https://m.media-amazon.com/images/I/41VgjtRW20L._SL75_.jpg","Width":75}}},"ItemInfo":{"ByLineInfo":{"Brand":{"DisplayValue":"Viceroy","Label":"Brand","Locale":"es_ES"},"Manufacturer":{"DisplayValue":"Viceroy joyas","Label":"Manufacturer","Locale":"es_ES"}},"Title":{"DisplayValue":"Viceroy Pulsera 6371P09010 Hombre Fashion Acero","Label":"Title","Locale":"es_ES"}},"Offers":{"Summaries":[{"Condition":{"Value":"New"},"LowestPrice":{"Amount":25.0,"Currency":"EUR","DisplayAmount":"25,00 €"}}]}},{"ASIN":"B081CZKK23","DetailPageURL":"https://www.amazon.es/dp/B081CZKK23?tag=topinalambricos-21&linkCode=osi&th=1&psc=1","Images":{"Primary":{"Small":{"Height":75,"URL":"https://m.media-amazon.com/images/I/31RfJESN6dL._SL75_.jpg","Width":60}}},"ItemInfo":{"ByLineInfo":{"Brand":{"DisplayValue":"Viceroy","Label":"Brand","Locale":"es_ES"},"Manufacturer":{"DisplayValue":"Viceroy","Label":"Manufacturer","Locale":"es_ES"}},"Title":{"DisplayValue":"Viceroy Pulsera Caballero Acero y Piel 6456p01011","Label":"Title","Locale":"es_ES"}},"Offers":{"Summaries":[{"Condition":{"Value":"New"},"LowestPrice":{"Amount":27.55,"Currency":"EUR","DisplayAmount":"27,55 €"}}]}},{"ASIN":"B09PR2NCHC","DetailPageURL":"https://www.amazon.es/dp/B09PR2NCHC?tag=topinalambricos-21&linkCode=osi&th=1&psc=1","Images":{"Primary":{"Small":{"Height":75,"URL":"https://m.media-amazon.com/images/I/31IPPomazAL._SL75_.jpg","Width":60}}},"ItemInfo":{"ByLineInfo":{"Brand":{"DisplayValue":"VICEROY FASHION","Label":"Brand","Locale":"es_ES"},"Manufacturer":{"DisplayValue":"Viceroy","Label":"Manufacturer","Locale":"es_ES"}},"Title":{"DisplayValue":"Pulsera Viceroy 75057P09011 Fashion Acero y Piel","Label":"Title","Locale":"es_ES"}},"Offers":{"Summaries":[{"Condition":{"Value":"New"},"LowestPrice":{"Amount":31.0,"Currency":"EUR","DisplayAmount":"31,00 €"}}]}},{"ASIN":"B07PZWRQ81","DetailPageURL":"https://www.amazon.es/dp/B07PZWRQ81?tag=topinalambricos-21&linkCode=osi&th=1&psc=1","Images":{"Primary":{"Small":{"Height":75,"URL":"https://m.media-amazon.com/images/I/31nYsVMSgJL._SL75_.jpg","Width":60}}},"ItemInfo":{"ByLineInfo":{"Brand":{"DisplayValue":"Viceroy","Label":"Brand","Locale":"es_ES"},"Manufacturer":{"DisplayValue":"Viceroy","Label":"Manufacturer","Locale":"es_ES"}},"Title":{"DisplayValue":"Viceroy Pulsera Hombre Colección Heat","Label":"Title","Locale":"es_ES"}},"Offers":{"Summaries":[{"Condition":{"Value":"New"},"LowestPrice":{"Amount":21.75,"Currency":"EUR","DisplayAmount":"21,75 €"}}]}},{"ASIN":"B016YLPDDW","DetailPageURL":"https://www.amazon.es/dp/B016YLPDDW?tag=topinalambricos-21&linkCode=osi&th=1&psc=1","Images":{"Primary":{"Small":{"Height":57,"URL":"https://m.media-amazon.com/images/I/41CSQi1zHpL._SL75_.jpg","Width":75}}},"ItemInfo":{"ByLineInfo":{"Brand":{"DisplayValue":"Viceroy","Label":"Brand","Locale":"es_ES"},"Manufacturer":{"DisplayValue":"ISOWO SERVICES SL**","Label":"Manufacturer","Locale":"es_ES"}},"Title":{"DisplayValue":"Viceroy Pulso 6337p09013 Hombre Fashion","Label":"Title","Locale":"es_ES"}},"Offers":{"Summaries":[{"Condition":{"Value":"New"},"LowestPrice":{"Amount":35.0,"Currency":"EUR","DisplayAmount":"35,00 €"}}]}}],"SearchURL":"https://www.amazon.es/s?k=cuero+viceroy&rh=n%3A10440403031%2Cp_n_availability%3A-1&tag=topinalambricos-21&linkCode=osi","TotalResultCount":135}},"95":{"SearchResult":{"Items":[{"ASIN":"B01M8M4NE7","DetailPageURL":"https://www.amazon.es/dp/B01M8M4NE7?tag=topinalambricos-21&linkCode=osi&th=1&psc=1","Images":{"Primary":{"Small":{"Height":75,"URL":"https://m.media-amazon.com/images/I/21qFBtjW6FL._SL75_.jpg","Width":45}}},"ItemInfo":{"ByLineInfo":{"Brand":{"DisplayValue":"Lotus Style","Label":"Brand","Locale":"es_ES"}},"Title":{"DisplayValue":"PULSERA DE CUERO LS1829-2/1 LOTUS STYLE NEGRA 21 CM","Label":"Title","Locale":"es_ES"}},"Offers":{"Summaries":[{"Condition":{"Value":"New"},"LowestPrice":{"Amount":27.0,"Currency":"EUR","DisplayAmount":"27,00 €"}}]}},{"ASIN":"B01M67UHC3","DetailPageURL":"https://www.amazon.es/dp/B01M67UHC3?tag=topinalambricos-21&linkCode=osi&th=1&psc=1","Images":{"Primary":{"Small":{"Height":75,"URL":"https://m.media-amazon.com/images/I/212WqVj76lL._SL75_.jpg","Width":45}}},"ItemInfo":{"ByLineInfo":{"Brand":{"DisplayValue":"Lotus Style","Label":"Brand","Locale":"es_ES"},"Manufacturer":{"DisplayValue":"LOTUS STYLE","Label":"Manufacturer","Locale":"es_ES"}},"Title":{"DisplayValue":"Lotus Style LS1829/2/3 Pulsera para Hombre","Label":"Title","Locale":"es_ES"}},"Offers":{"Summaries":[{"Condition":{"Value":"New"},"LowestPrice":{"Amount":29.0,"Currency":"EUR","DisplayAmount":"29,00 €"}}]}},{"ASIN":"B08Y87BLTB","DetailPageURL":"https://www.amazon.es/dp/B08Y87BLTB?tag=topinalambricos-21&linkCode=osi&th=1&psc=1","Images":{"Primary":{"Small":{"Height":62,"URL":"https://m.media-amazon.com/images/I/318zZO0sZCL._SL75_.jpg","Width":75}}},"ItemInfo":{"ByLineInfo":{"Brand":{"DisplayValue":"Lotus","Label":"Brand","Locale":"es_ES"},"Manufacturer":{"DisplayValue":"LOTUS","Label":"Manufacturer","Locale":"es_ES"}},"Title":{"DisplayValue":"Lotus Brazalete Pulsera Urban Man LS1829-2/C LS1829-2/C Marca","Label":"Title","Locale":"es_ES"}},"Offers":{"Summaries":[{"Condition":{"Value":"New"},"LowestPrice":{"Amount":26.04,"Currency":"EUR","DisplayAmount":"26,04 €"}}]}},{"ASIN":"B07PG7YSZF","DetailPageURL":"https://www.amazon.es/dp/B07PG7YSZF?tag=topinalambricos-21&linkCode=osi&th=1&psc=1","Images":{"Primary":{"Small":{"Height":75,"URL":"https://m.media-amazon.com/images/I/31ih9hiMOjL._SL75_.jpg","Width":75}}},"ItemInfo":{"ByLineInfo":{"Brand":{"DisplayValue":"Lotus","Label":"Brand","Locale":"es_ES"},"Manufacturer":{"DisplayValue":"LOTUS Style","Label":"Manufacturer","Locale":"es_ES"}},"Title":{"DisplayValue":"Lotus Style LS1829-2/5 - Pulsera de piel para mujer y hombre, color azul, 22 centimeters, Cuero","Label":"Title","Locale":"es_ES"}},"Offers":{"Summaries":[{"Condition":{"Value":"New"},"LowestPrice":{"Amount":29.0,"Currency":"EUR","DisplayAmount":"29,00 €"}}]}},{"ASIN":"B07Y3BMNRL","DetailPageURL":"https://www.amazon.es/dp/B07Y3BMNRL?tag=topinalambricos-21&linkCode=osi&th=1&psc=1","Images":{"Primary":{"Small":{"Height":51,"URL":"https://m.media-amazon.com/images/I/21j67rRPuNL._SL75_.jpg","Width":75}}},"ItemInfo":{"ByLineInfo":{"Brand":{"DisplayValue":"Lotus","Label":"Brand","Locale":"es_ES"},"Manufacturer":{"DisplayValue":"Lotus","Label":"Manufacturer","Locale":"es_ES"}},"Title":{"DisplayValue":"Lotus Pulsera Chico Piel Roja Trenzada Acero","Label":"Title","Locale":"es_ES"}},"Offers":{"Summaries":[{"Condition":{"Value":"New"},"LowestPrice":{"Amount":29.9,"Currency":"EUR","DisplayAmount":"29,90 €"}}]}},{"ASIN":"B01MQ2D0J8","DetailPageURL":"https://www.amazon.es/dp/B01MQ2D0J8?tag=topinalambricos-21&linkCode=osi&th=1&psc=1","Images":{"Primary":{"Small":{"Height":75,"URL":"https://m.media-amazon.com/images/I/21UUNCNu9ML._SL75_.jpg","Width":45}}},"ItemInfo":{"ByLineInfo":{"Brand":{"DisplayValue":"Lotus","Label":"Brand","Locale":"es_ES"},"Manufacturer":{"DisplayValue":"LOTUS","Label":"Manufacturer","Locale":"es_ES"}},"Title":{"DisplayValue":"Lotus Brazalete Pulsera LS1808-2/2 LS1808-2/2, Negro","Label":"Title","Locale":"es_ES"}},"Offers":{"Summaries":[{"Condition":{"Value":"New"},"LowestPrice":{"Amount":30.6,"Currency":"EUR","DisplayAmount":"30,60 €"}}]}},{"ASIN":"B07PLH6W3W","DetailPageURL":"https://www.amazon.es/dp/B07PLH6W3W?tag=topinalambricos-21&linkCode=osi&th=1&psc=1","Images":{"Primary":{"Small":{"Height":75,"URL":"https://m.media-amazon.com/images/I/31nN3fagJaL._SL75_.jpg","Width":75}}},"ItemInfo":{"ByLineInfo":{"Brand":{"DisplayValue":"Lotus","Label":"Brand","Locale":"es_ES"},"Manufacturer":{"DisplayValue":"Lotus STYLE","Label":"Manufacturer","Locale":"es_ES"}},"Title":{"DisplayValue":"Lotus Pulsera de cuero para mujer/hombre LS1827-2/3 joyas de cuero marrón estilo D4JLS1827-2-3 presentada por IMPPAC, 22 centimeters, Cuero","Label":"Title","Locale":"es_ES"}},"Offers":{"Summaries":[{"Condition":{"Value":"New"},"LowestPrice":{"Amount":34.0,"Currency":"EUR","DisplayAmount":"34,00 €"}}]}},{"ASIN":"B01MCXG1H2","DetailPageURL":"https://www.amazon.es/dp/B01MCXG1H2?tag=topinalambricos-21&linkCode=osi&th=1&psc=1","Images":{"Primary":{"Small":{"Height":75,"URL":"https://m.media-amazon.com/images/I/21iMeCYYbIL._SL75_.jpg","Width":45}}},"ItemInfo":{"ByLineInfo":{"Brand":{"DisplayValue":"Lotus Style","Label":"Brand","Locale":"es_ES"},"Manufacturer":{"DisplayValue":"LOTUS STYLE","Label":"Manufacturer","Locale":"es_ES"}},"Title":{"DisplayValue":"Lotus Hombre acero inoxidable","Label":"Title","Locale":"es_ES"}},"Offers":{"Summaries":[{"Condition":{"Value":"New"},"LowestPrice":{"Amount":26.1,"Currency":"EUR","DisplayAmount":"26,10 €"}}]}},{"ASIN":"B07TC5MYRL","DetailPageURL":"https://www.amazon.es/dp/B07TC5MYRL?tag=topinalambricos-21&linkCode=osi&th=1&psc=1","Images":{"Primary":{"Small":{"Height":75,"URL":"https://m.media-amazon.com/images/I/41eoPHBWtIL._SL75_.jpg","Width":75}}},"ItemInfo":{"ByLineInfo":{"Brand":{"DisplayValue":"Lotus Style","Label":"Brand","Locale":"es_ES"},"Manufacturer":{"DisplayValue":"LOTUS","Label":"Manufacturer","Locale":"es_ES"}},"Title":{"DisplayValue":"Lotus Style Pulsera modelo LS2053-2/1 de la colección Men Basic en cuero para caballero","Label":"Title","Locale":"es_ES"}},"Offers":{"Summaries":[{"Condition":{"Value":"New"},"LowestPrice":{"Amount":39.0,"Currency":"EUR","DisplayAmount":"39,00 €"}}]}},{"ASIN":"B00PNG024U","DetailPageURL":"https://www.amazon.es/dp/B00PNG024U?tag=topinalambricos-21&linkCode=osi&th=1&psc=1","Images":{"Primary":{"Small":{"Height":75,"URL":"https://m.media-amazon.com/images/I/41FuxSGjBFL._SL75_.jpg","Width":75}}},"ItemInfo":{"ByLineInfo":{"Brand":{"DisplayValue":"Lotus Style","Label":"Brand","Locale":"es_ES"},"Manufacturer":{"DisplayValue":"Lotus Style","Label":"Manufacturer","Locale":"es_ES"}},"Title":{"DisplayValue":"PULSERA LOTUS HOMBRE ACERO LS1389/2/1","Label":"Title","Locale":"es_ES"}},"Offers":{"Summaries":[{"Condition":{"Value":"New"},"LowestPrice":{"Amount":34.9,"Currency":"EUR","DisplayAmount":"34,90 €"}}]}}],"SearchURL":"https://www.amazon.es/s?k=cuero+lotus&rh=n%3A10440403031%2Cp_n_availability%3A-1&tag=topinalambricos-21&linkCode=osi","TotalResultCount":145}},"96":{"SearchResult":{"Items":[{"ASIN":"B0BJ2MNXL7","DetailPageURL":"https://www.amazon.es/dp/B0BJ2MNXL7?tag=topinalambricos-21&linkCode=osi&th=1&psc=1","Images":{"Primary":{"Small":{"Height":75,"URL":"https://m.media-amazon.com/images/I/418JXamm1TL._SL75_.jpg","Width":75}}},"ItemInfo":{"ByLineInfo":{"Brand":{"DisplayValue":"Viceroy","Label":"Brand","Locale":"es_ES"}},"Title":{"DisplayValue":"Pulsera Viceroy acero y piel negro .1465P01010","Label":"Title","Locale":"es_ES"}},"Offers":{"Summaries":[{"Condition":{"Value":"New"},"LowestPrice":{"Amount":40.5,"Currency":"EUR","DisplayAmount":"40,50 €"}}]}},{"ASIN":"B01N941NXI","DetailPageURL":"https://www.amazon.es/dp/B01N941NXI?tag=topinalambricos-21&linkCode=osi&th=1&psc=1","Images":{"Primary":{"Small":{"Height":71,"URL":"https://m.media-amazon.com/images/I/41VgjtRW20L._SL75_.jpg","Width":75}}},"ItemInfo":{"ByLineInfo":{"Brand":{"DisplayValue":"Viceroy","Label":"Brand","Locale":"es_ES"},"Manufacturer":{"DisplayValue":"Viceroy joyas","Label":"Manufacturer","Locale":"es_ES"}},"Title":{"DisplayValue":"Viceroy Pulsera 6371P09010 Hombre Fashion Acero","Label":"Title","Locale":"es_ES"}},"Offers":{"Summaries":[{"Condition":{"Value":"New"},"LowestPrice":{"Amount":25.0,"Currency":"EUR","DisplayAmount":"25,00 €"}}]}},{"ASIN":"B00OAABXW0","DetailPageURL":"https://www.amazon.es/dp/B00OAABXW0?tag=topinalambricos-21&linkCode=osi&th=1&psc=1","Images":{"Primary":{"Small":{"Height":62,"URL":"https://m.media-amazon.com/images/I/41m6BIqIgaL._SL75_.jpg","Width":75}}},"ItemInfo":{"ByLineInfo":{"Brand":{"DisplayValue":"Viceroy","Label":"Brand","Locale":"es_ES"},"Manufacturer":{"DisplayValue":"Viceroy","Label":"Manufacturer","Locale":"es_ES"}},"Title":{"DisplayValue":"Viceroy Brazalete Yard de Acero Inoxidable para Hombre, 21,5 cm, 6097P09010, 21.5 Centimeters, Cuero, Sin Piedra","Label":"Title","Locale":"es_ES"}},"Offers":{"Summaries":[{"Condition":{"Value":"New"},"LowestPrice":{"Amount":25.0,"Currency":"EUR","DisplayAmount":"25,00 €"}}]}},{"ASIN":"B07YV8ZPZX","DetailPageURL":"https://www.amazon.es/dp/B07YV8ZPZX?tag=topinalambricos-21&linkCode=osi&th=1&psc=1","Images":{"Primary":{"Small":{"Height":75,"URL":"https://m.media-amazon.com/images/I/31gqGgEpe7L._SL75_.jpg","Width":60}}},"ItemInfo":{"ByLineInfo":{"Brand":{"DisplayValue":"Viceroy","Label":"Brand","Locale":"es_ES"},"Manufacturer":{"DisplayValue":"Viceroy","Label":"Manufacturer","Locale":"es_ES"}},"Title":{"DisplayValue":"Viceroy Pulsera Hombre","Label":"Title","Locale":"es_ES"}},"Offers":{"Summaries":[{"Condition":{"Value":"New"},"LowestPrice":{"Amount":26.0,"Currency":"EUR","DisplayAmount":"26,00 €"}}]}},{"ASIN":"B097YH6SNL","DetailPageURL":"https://www.amazon.es/dp/B097YH6SNL?tag=topinalambricos-21&linkCode=osi&th=1&psc=1","Images":{"Primary":{"Small":{"Height":75,"URL":"https://m.media-amazon.com/images/I/21IMI7wpG6L._SL75_.jpg","Width":50}}},"ItemInfo":{"ByLineInfo":{"Brand":{"DisplayValue":"LEGADO","Label":"Brand","Locale":"es_ES"},"Manufacturer":{"DisplayValue":"LEGADO","Label":"Manufacturer","Locale":"es_ES"}},"Title":{"DisplayValue":"Pulsera triple cuero LEGADO pulsera personalizada una pulsera acero inoxidable o pulsera pareja de cuero PU es una pulsera hombre acero inoxidable (Black, 215)","Label":"Title","Locale":"es_ES"}},"Offers":{"Summaries":[{"Condition":{"Value":"Used"},"LowestPrice":{"Amount":11.28,"Currency":"EUR","DisplayAmount":"11,28 €"}},{"Condition":{"Value":"New"},"LowestPrice":{"Amount":14.99,"Currency":"EUR","DisplayAmount":"14,99 €"}}]}},{"ASIN":"B01I0E1FME","DetailPageURL":"https://www.amazon.es/dp/B01I0E1FME?tag=topinalambricos-21&linkCode=osi&th=1&psc=1","Images":{"Primary":{"Small":{"Height":70,"URL":"https://m.media-amazon.com/images/I/41iRZx9Ui3L._SL75_.jpg","Width":75}}},"ItemInfo":{"ByLineInfo":{"Brand":{"DisplayValue":"Viceroy","Label":"Brand","Locale":"es_ES"}},"Title":{"DisplayValue":"Viceroy Pulsera Acero Hombre Marron","Label":"Title","Locale":"es_ES"}},"Offers":{"Summaries":[{"Condition":{"Value":"New"},"LowestPrice":{"Amount":26.0,"Currency":"EUR","DisplayAmount":"26,00 €"}}]}},{"ASIN":"B09H8M81PN","DetailPageURL":"https://www.amazon.es/dp/B09H8M81PN?tag=topinalambricos-21&linkCode=osi&th=1&psc=1","Images":{"Primary":{"Small":{"Height":75,"URL":"https://m.media-amazon.com/images/I/41fnSg-xx+L._SL75_.jpg","Width":75}}},"ItemInfo":{"ByLineInfo":{"Brand":{"DisplayValue":"RecontraMago","Label":"Brand","Locale":"es_ES"},"Manufacturer":{"DisplayValue":"RecontraMago","Label":"Manufacturer","Locale":"es_ES"}},"Title":{"DisplayValue":"Pulseras Personalizadas Para Hombre y Mujer - Grabado en Diamante Pulseras Personalizables de Acero Inoxidable y Cuero Regalo Nombre (SILVER)","Label":"Title","Locale":"es_ES"}},"Offers":{"Summaries":[{"Condition":{"Value":"New"},"LowestPrice":{"Amount":19.99,"Currency":"EUR","DisplayAmount":"19,99 €"}}]}},{"ASIN":"B09QCPRCNH","DetailPageURL":"https://www.amazon.es/dp/B09QCPRCNH?tag=topinalambricos-21&linkCode=osi&th=1&psc=1","Images":{"Primary":{"Small":{"Height":75,"URL":"https://m.media-amazon.com/images/I/31agRTeGPAL._SL75_.jpg","Width":56}}},"ItemInfo":{"ByLineInfo":{"Brand":{"DisplayValue":"BREIL","Label":"Brand","Locale":"es_ES"},"Manufacturer":{"DisplayValue":"BREIL","Label":"Manufacturer","Locale":"es_ES"}},"Title":{"DisplayValue":"Breil, Pulsera para Hombre de la Colección Carve, Pulsera de Acero Inoxidable para Hombre con Acabado Brillante y Elemento Central Personalizable, Longitud Ajustable de 22 a 17 cm","Label":"Title","Locale":"es_ES"}},"Offers":{"Summaries":[{"Condition":{"Value":"New"},"LowestPrice":{"Amount":44.92,"Currency":"EUR","DisplayAmount":"44,92 €"}}]}},{"ASIN":"B097YBBBT5","DetailPageURL":"https://www.amazon.es/dp/B097YBBBT5?tag=topinalambricos-21&linkCode=osi&th=1&psc=1","Images":{"Primary":{"Small":{"Height":75,"URL":"https://m.media-amazon.com/images/I/21+8vacbbeL._SL75_.jpg","Width":50}}},"ItemInfo":{"ByLineInfo":{"Brand":{"DisplayValue":"LEGADO","Label":"Brand","Locale":"es_ES"},"Manufacturer":{"DisplayValue":"LEGADO","Label":"Manufacturer","Locale":"es_ES"}},"Title":{"DisplayValue":"Pulsera hombre cuero LEGADO pulsera personalizada una pulsera acero inoxidable o pulsera pareja de cuero PU es una pulsera hombre acero inoxidable (Black, 215)","Label":"Title","Locale":"es_ES"}},"Offers":{"Summaries":[{"Condition":{"Value":"New"},"LowestPrice":{"Amount":14.99,"Currency":"EUR","DisplayAmount":"14,99 €"}}]}},{"ASIN":"B01GBJ752E","DetailPageURL":"https://www.amazon.es/dp/B01GBJ752E?tag=topinalambricos-21&linkCode=osi&th=1&psc=1","Images":{"Primary":{"Small":{"Height":75,"URL":"https://m.media-amazon.com/images/I/41VplVyMR+L._SL75_.jpg","Width":75}}},"ItemInfo":{"ByLineInfo":{"Brand":{"DisplayValue":"Viceroy","Label":"Brand","Locale":"es_ES"},"Manufacturer":{"DisplayValue":"Viceroy","Label":"Manufacturer","Locale":"es_ES"}},"Title":{"DisplayValue":"Viceroy - Pulsera para hombre 6343P09013","Label":"Title","Locale":"es_ES"}},"Offers":{"Summaries":[{"Condition":{"Value":"New"},"LowestPrice":{"Amount":28.0,"Currency":"EUR","DisplayAmount":"28,00 €"}}]}}],"SearchURL":"https://www.amazon.es/s?k=cuero+personalizada&rh=n%3A10440403031%2Cp_n_availability%3A-1&tag=topinalambricos-21&linkCode=osi","TotalResultCount":7959}},"97":{"SearchResult":{"Items":[{"ASIN":"B08XNMZCCD","DetailPageURL":"https://www.amazon.es/dp/B08XNMZCCD?tag=topinalambricos-21&linkCode=osi&th=1&psc=1","Images":{"Primary":{"Small":{"Height":75,"URL":"https://m.media-amazon.com/images/I/41t5MYk07LL._SL75_.jpg","Width":75}}},"ItemInfo":{"ByLineInfo":{"Brand":{"DisplayValue":"Garosa","Label":"Brand","Locale":"es_ES"},"Manufacturer":{"DisplayValue":"Garosa","Label":"Manufacturer","Locale":"es_ES"}},"Title":{"DisplayValue":"Garosa 2 uds, Pulsera de Cuero PU para Hombre con Cierre magnético, Brazalete Trenzado de Cuero Multicapa, Pulseras, decoración Artesanal(Negro （2）)","Label":"Title","Locale":"es_ES"}},"Offers":{"Summaries":[{"Condition":{"Value":"New"},"LowestPrice":{"Amount":12.74,"Currency":"EUR","DisplayAmount":"12,74 €"}}]}},{"ASIN":"B07RKG53BQ","DetailPageURL":"https://www.amazon.es/dp/B07RKG53BQ?tag=topinalambricos-21&linkCode=osi&th=1&psc=1","Images":{"Primary":{"Small":{"Height":75,"URL":"https://m.media-amazon.com/images/I/51u6TtLsmjL._SL75_.jpg","Width":75}}},"ItemInfo":{"ByLineInfo":{"Brand":{"DisplayValue":"Flongo","Label":"Brand","Locale":"es_ES"},"Manufacturer":{"DisplayValue":"Flongo","Label":"Manufacturer","Locale":"es_ES"}},"Title":{"DisplayValue":"Flongo Pulsera Hombre, Pulsera Cuero Trenzado Tribal Artesanal, Gran Pulsera Ancha Cuerda Brazalete Punk Rock, Brazalete Cuero Marrón Ajustable, Regalo Hombres","Label":"Title","Locale":"es_ES"}},"Offers":{"Summaries":[{"Condition":{"Value":"New"},"LowestPrice":{"Amount":3.99,"Currency":"EUR","DisplayAmount":"3,99 €"}}]}},{"ASIN":"B09H7JG984","DetailPageURL":"https://www.amazon.es/dp/B09H7JG984?tag=topinalambricos-21&linkCode=osi&th=1&psc=1","Images":{"Primary":{"Small":{"Height":75,"URL":"https://m.media-amazon.com/images/I/61C3tIQ+XQL._SL75_.jpg","Width":55}}},"ItemInfo":{"ByLineInfo":{"Brand":{"DisplayValue":"LOLIAS","Label":"Brand","Locale":"es_ES"},"Manufacturer":{"DisplayValue":"LOLIAS","Label":"Manufacturer","Locale":"es_ES"}},"Title":{"DisplayValue":"LOLIAS 27/31 Piezas Cuero Pulseras para Hombre Mujer Retro Tejida Pulsera de Traje de Cuero Multicapa Trenzado Pulsera Cuentas de Madera Cuerda Brazalet Vintage Pulsera Ajustable","Label":"Title","Locale":"es_ES"}},"Offers":{"Summaries":[{"Condition":{"Value":"New"},"LowestPrice":{"Amount":16.99,"Currency":"EUR","DisplayAmount":"16,99 €"}}]}},{"ASIN":"B08K8T4C61","DetailPageURL":"https://www.amazon.es/dp/B08K8T4C61?tag=topinalambricos-21&linkCode=osi&th=1&psc=1","Images":{"Primary":{"Small":{"Height":75,"URL":"https://m.media-amazon.com/images/I/41OM0cZBnQL._SL75_.jpg","Width":75}}},"ItemInfo":{"ByLineInfo":{"Brand":{"DisplayValue":"SERASAR","Label":"Brand","Locale":"es_ES"},"Manufacturer":{"DisplayValue":"SERASAR","Label":"Manufacturer","Locale":"es_ES"}},"Title":{"DisplayValue":"SERASAR Pulseras Magneticas 23cm Negro Pulsera de Cuero Hombre Pulseras Hombres Brazalete Brazaletes Pulso Muñequera Bisuteria Bisutería Bandera Nudos Cuerda Mens Leather Bracelet Jewellery Ancha","Label":"Title","Locale":"es_ES"}},"Offers":{"Summaries":[{"Condition":{"Value":"New"},"LowestPrice":{"Amount":29.99,"Currency":"EUR","DisplayAmount":"29,99 €"}}]}},{"ASIN":"B07CGT5CXZ","DetailPageURL":"https://www.amazon.es/dp/B07CGT5CXZ?tag=topinalambricos-21&linkCode=osi&th=1&psc=1","Images":{"Primary":{"Small":{"Height":75,"URL":"https://m.media-amazon.com/images/I/51OTTTNyfOL._SL75_.jpg","Width":72}}},"ItemInfo":{"ByLineInfo":{"Brand":{"DisplayValue":"YOJAN PIEL","Label":"Brand","Locale":"es_ES"},"Manufacturer":{"DisplayValue":"YOJAN PIEL","Label":"Manufacturer","Locale":"es_ES"}},"Title":{"DisplayValue":"YOJAN PIEL | Pulsera De Cuero Bandera De España (Fabricada Artesanalmente) | Complementos de Moda Unisex para Hombres y Mujeres de Estilo Atemporal y Elegante | Regalos Originales y Exclusivos","Label":"Title","Locale":"es_ES"}},"Offers":{"Summaries":[{"Condition":{"Value":"New"},"LowestPrice":{"Amount":9.99,"Currency":"EUR","DisplayAmount":"9,99 €"}}]}},{"ASIN":"B09TWN1TVN","DetailPageURL":"https://www.amazon.es/dp/B09TWN1TVN?tag=topinalambricos-21&linkCode=osi&th=1&psc=1","Images":{"Primary":{"Small":{"Height":75,"URL":"https://m.media-amazon.com/images/I/31sdvOFYTZL._SL75_.jpg","Width":75}}},"ItemInfo":{"ByLineInfo":{"Brand":{"DisplayValue":"Genérico","Label":"Brand","Locale":"es_ES"}},"Title":{"DisplayValue":"Genérico Beocean - Pulsera de cuerda - Brazalete de cuerda trenzada - Para hombre y mujer - Nudo marinero - Ajustables - Artesanal - Regalos mujer - Brazalete hombre … (Negra dos nudos)","Label":"Title","Locale":"es_ES"}},"Offers":{"Summaries":[{"Condition":{"Value":"New"},"LowestPrice":{"Amount":11.0,"Currency":"EUR","DisplayAmount":"11,00 €"}}]}},{"ASIN":"B07TFCCJ6H","DetailPageURL":"https://www.amazon.es/dp/B07TFCCJ6H?tag=topinalambricos-21&linkCode=osi&th=1&psc=1","Images":{"Primary":{"Small":{"Height":75,"URL":"https://m.media-amazon.com/images/I/51AoJS2URKL._SL75_.jpg","Width":75}}},"ItemInfo":{"ByLineInfo":{"Brand":{"DisplayValue":"Finrezio","Label":"Brand","Locale":"es_ES"},"Manufacturer":{"DisplayValue":"Finrezio","Label":"Manufacturer","Locale":"es_ES"}},"Title":{"DisplayValue":"Finrezio 24 Piezas Pulseras De Cuero Trenzado para Hombres Mujeres Juego De Brazalete De Puño Negro Ajustable","Label":"Title","Locale":"es_ES"}},"Offers":{"Summaries":[{"Condition":{"Value":"New"},"LowestPrice":{"Amount":20.99,"Currency":"EUR","DisplayAmount":"20,99 €"}}]}},{"ASIN":"B015Q1PJUI","DetailPageURL":"https://www.amazon.es/dp/B015Q1PJUI?tag=topinalambricos-21&linkCode=osi&th=1&psc=1","Images":{"Primary":{"Small":{"Height":75,"URL":"https://m.media-amazon.com/images/I/31DKo88QbQL._SL75_.jpg","Width":74}}},"ItemInfo":{"ByLineInfo":{"Brand":{"DisplayValue":"UNOde50","Label":"Brand","Locale":"es_ES"},"Manufacturer":{"DisplayValue":"Uno de 50","Label":"Manufacturer","Locale":"es_ES"}},"Title":{"DisplayValue":"UNOde50 - Pulsera Pasando","Label":"Title","Locale":"es_ES"}},"Offers":{"Summaries":[{"Condition":{"Value":"New"},"LowestPrice":{"Amount":89.9,"Currency":"EUR","DisplayAmount":"89,90 €"}}]}},{"ASIN":"B08FXB1MRQ","DetailPageURL":"https://www.amazon.es/dp/B08FXB1MRQ?tag=topinalambricos-21&linkCode=osi&th=1&psc=1","Images":{"Primary":{"Small":{"Height":75,"URL":"https://m.media-amazon.com/images/I/51zmjEvZFnS._SL75_.jpg","Width":75}}},"ItemInfo":{"ByLineInfo":{"Brand":{"DisplayValue":"Thajaling","Label":"Brand","Locale":"es_ES"},"Manufacturer":{"DisplayValue":"Thajaling","Label":"Manufacturer","Locale":"es_ES"}},"Title":{"DisplayValue":"Pulsera vikinga marrón lobo Fenrir – Pulsera nórdica vintage talismán – Pulsera gótica para disfraz de cosplay pagano celta, Cuero","Label":"Title","Locale":"es_ES"}},"Offers":{"Summaries":[{"Condition":{"Value":"New"},"LowestPrice":{"Amount":11.98,"Currency":"EUR","DisplayAmount":"11,98 €"}}]}},{"ASIN":"B08TZTYJYW","DetailPageURL":"https://www.amazon.es/dp/B08TZTYJYW?tag=topinalambricos-21&linkCode=osi&th=1&psc=1","Images":{"Primary":{"Small":{"Height":75,"URL":"https://m.media-amazon.com/images/I/31rsxISepCL._SL75_.jpg","Width":75}}},"ItemInfo":{"ByLineInfo":{"Brand":{"DisplayValue":"BDM","Label":"Brand","Locale":"es_ES"},"Manufacturer":{"DisplayValue":"BDM","Label":"Manufacturer","Locale":"es_ES"}},"Title":{"DisplayValue":"BDM Pulsera de Hombre y Mujer de Cuero marrón Natural y Artesanal de Forma Hippie. Ajustable y sin Cierre.","Label":"Title","Locale":"es_ES"}},"Offers":{"Summaries":[{"Condition":{"Value":"New"},"LowestPrice":{"Amount":3.45,"Currency":"EUR","DisplayAmount":"3,45 €"}}]}}],"SearchURL":"https://www.amazon.es/s?k=artesanal+cuero&rh=n%3A10440403031%2Cp_n_availability%3A-1&tag=topinalambricos-21&linkCode=osi","TotalResultCount":244}},"98":{"SearchResult":{"Items":[{"ASIN":"B00IRIHNLG","DetailPageURL":"https://www.amazon.es/dp/B00IRIHNLG?tag=topinalambricos-21&linkCode=osi&th=1&psc=1","Images":{"Primary":{"Small":{"Height":75,"URL":"https://m.media-amazon.com/images/I/416FDvLTN4L._SL75_.jpg","Width":75}}},"ItemInfo":{"ByLineInfo":{"Brand":{"DisplayValue":"Fossil","Label":"Brand","Locale":"es_ES"},"Manufacturer":{"DisplayValue":"FOYBT","Label":"Manufacturer","Locale":"es_ES"}},"Title":{"DisplayValue":"Fossil Pulsera ónice de Mujer con Cuero, JA6379040","Label":"Title","Locale":"es_ES"}},"Offers":{"Summaries":[{"Condition":{"Value":"New"},"LowestPrice":{"Amount":21.99,"Currency":"EUR","DisplayAmount":"21,99 €"}}]}},{"ASIN":"B009DX1P7W","DetailPageURL":"https://www.amazon.es/dp/B009DX1P7W?tag=topinalambricos-21&linkCode=osi&th=1&psc=1","Images":{"Primary":{"Small":{"Height":45,"URL":"https://m.media-amazon.com/images/I/31FRHPtxVbL._SL75_.jpg","Width":75}}},"ItemInfo":{"ByLineInfo":{"Brand":{"DisplayValue":"Fossil","Label":"Brand","Locale":"es_ES"},"Manufacturer":{"DisplayValue":"FOYBT","Label":"Manufacturer","Locale":"es_ES"}},"Title":{"DisplayValue":"Fossil Joyas para Mujer JF00118791","Label":"Title","Locale":"es_ES"}},"Offers":{"Summaries":[{"Condition":{"Value":"New"},"LowestPrice":{"Amount":22.99,"Currency":"EUR","DisplayAmount":"22,99 €"}}]}},{"ASIN":"B07TDB76SX","DetailPageURL":"https://www.amazon.es/dp/B07TDB76SX?tag=topinalambricos-21&linkCode=osi&th=1&psc=1","Images":{"Primary":{"Small":{"Height":75,"URL":"https://m.media-amazon.com/images/I/31WEm3ferKL._SL75_.jpg","Width":75}}},"ItemInfo":{"ByLineInfo":{"Brand":{"DisplayValue":"TOUS","Label":"Brand","Locale":"es_ES"},"Manufacturer":{"DisplayValue":"Joyería TOUS","Label":"Manufacturer","Locale":"es_ES"}},"Title":{"DisplayValue":"TOUS Pulsera de Cordón Marrón Ajustable y Acero para Mujer con Motivo Oso , Joven e Informal, Colección Super Micro","Label":"Title","Locale":"es_ES"}},"Offers":{"Summaries":[{"Condition":{"Value":"New"},"LowestPrice":{"Amount":39.0,"Currency":"EUR","DisplayAmount":"39,00 €"}}]}},{"ASIN":"B00NVRCEYY","DetailPageURL":"https://www.amazon.es/dp/B00NVRCEYY?tag=topinalambricos-21&linkCode=osi&th=1&psc=1","Images":{"Primary":{"Small":{"Height":39,"URL":"https://m.media-amazon.com/images/I/31BAKm-iGQL._SL75_.jpg","Width":75}}},"ItemInfo":{"ByLineInfo":{"Brand":{"DisplayValue":"HARRY POTTER","Label":"Brand","Locale":"es_ES"},"Manufacturer":{"DisplayValue":"Redstring Spain","Label":"Manufacturer","Locale":"es_ES"}},"Title":{"DisplayValue":"HARRY POTTER Carat - Hpotter Pulsera cuero 20 cm","Label":"Title","Locale":"es_ES"}},"Offers":{"Summaries":[{"Condition":{"Value":"New"},"LowestPrice":{"Amount":7.68,"Currency":"EUR","DisplayAmount":"7,68 €"}}]}},{"ASIN":"B07P66QGRQ","DetailPageURL":"https://www.amazon.es/dp/B07P66QGRQ?tag=topinalambricos-21&linkCode=osi&th=1&psc=1","Images":{"Primary":{"Small":{"Height":75,"URL":"https://m.media-amazon.com/images/I/41p2cWjw+WL._SL75_.jpg","Width":75}}},"ItemInfo":{"ByLineInfo":{"Brand":{"DisplayValue":"Lotus","Label":"Brand","Locale":"es_ES"},"Manufacturer":{"DisplayValue":"Lotus Style","Label":"Manufacturer","Locale":"es_ES"}},"Title":{"DisplayValue":"Pulsera de piel Lotus Style para mujer, color negro, LS1961-2/3, JLS1961-2-3","Label":"Title","Locale":"es_ES"}},"Offers":{"Summaries":[{"Condition":{"Value":"New"},"LowestPrice":{"Amount":24.0,"Currency":"EUR","DisplayAmount":"24,00 €"}}]}},{"ASIN":"B0869PTH2D","DetailPageURL":"https://www.amazon.es/dp/B0869PTH2D?tag=topinalambricos-21&linkCode=osi&th=1&psc=1","Images":{"Primary":{"Small":{"Height":75,"URL":"https://m.media-amazon.com/images/I/51MJe86exFL._SL75_.jpg","Width":75}}},"ItemInfo":{"ByLineInfo":{"Brand":{"DisplayValue":"RecontraMago","Label":"Brand","Locale":"es_ES"},"Manufacturer":{"DisplayValue":"RecontraMago","Label":"Manufacturer","Locale":"es_ES"}},"Title":{"DisplayValue":"RecontraMago Pulsera Personalizada para Hombre y Mujer - Grabado en Diamante - Pulseras Personalizables de Acero Inoxidable y Cuero Regalo Nombre (Modelo 2 Plateado, 21)","Label":"Title","Locale":"es_ES"}},"Offers":{"Summaries":[{"Condition":{"Value":"New"},"LowestPrice":{"Amount":19.99,"Currency":"EUR","DisplayAmount":"19,99 €"}}]}},{"ASIN":"B09X6XRM53","DetailPageURL":"https://www.amazon.es/dp/B09X6XRM53?tag=topinalambricos-21&linkCode=osi&th=1&psc=1","Images":{"Primary":{"Small":{"Height":75,"URL":"https://m.media-amazon.com/images/I/31ohtQ8UyNL._SL75_.jpg","Width":75}}},"ItemInfo":{"ByLineInfo":{"Brand":{"DisplayValue":"PANDORA","Label":"Brand","Locale":"es_ES"},"Manufacturer":{"DisplayValue":"Pandora","Label":"Manufacturer","Locale":"es_ES"}},"Title":{"DisplayValue":"PANDORA Pulsera Moments 591675C01-S2 cuero","Label":"Title","Locale":"es_ES"}},"Offers":{"Summaries":[{"Condition":{"Value":"New"},"LowestPrice":{"Amount":44.0,"Currency":"EUR","DisplayAmount":"44,00 €"}}]}},{"ASIN":"B07DFJBM7X","DetailPageURL":"https://www.amazon.es/dp/B07DFJBM7X?tag=topinalambricos-21&linkCode=osi&th=1&psc=1","Images":{"Primary":{"Small":{"Height":75,"URL":"https://m.media-amazon.com/images/I/31rN15kvrHS._SL75_.jpg","Width":75}}},"ItemInfo":{"ByLineInfo":{"Brand":{"DisplayValue":"PANDORA","Label":"Brand","Locale":"es_ES"},"Manufacturer":{"DisplayValue":"Pandora","Label":"Manufacturer","Locale":"es_ES"}},"Title":{"DisplayValue":"PANDORA Pulsera 597225CBK-2 mujer plata cuero Pulsera Moments","Label":"Title","Locale":"es_ES"}},"Offers":{"Summaries":[{"Condition":{"Value":"New"},"LowestPrice":{"Amount":44.92,"Currency":"EUR","DisplayAmount":"44,92 €"}}]}},{"ASIN":"B0B8263VPG","DetailPageURL":"https://www.amazon.es/dp/B0B8263VPG?tag=topinalambricos-21&linkCode=osi&th=1&psc=1","Images":{"Primary":{"Small":{"Height":75,"URL":"https://m.media-amazon.com/images/I/517TaCc91iL._SL75_.jpg","Width":63}}},"ItemInfo":{"ByLineInfo":{"Brand":{"DisplayValue":"MILACOLATO","Label":"Brand","Locale":"es_ES"},"Manufacturer":{"DisplayValue":"MILACOLATO","Label":"Manufacturer","Locale":"es_ES"}},"Title":{"DisplayValue":"MILACOLATO Pulsera Cuero Hombre Mujer Negro Punk Gothic PU Brazalete De Cuero Goth Wrap Bangle Ajustable Botón a Presión Bracelet Lot De Metal para Fiesta De Halloween Favores Joyas","Label":"Title","Locale":"es_ES"}},"Offers":{"Summaries":[{"Condition":{"Value":"New"},"LowestPrice":{"Amount":11.99,"Currency":"EUR","DisplayAmount":"11,99 €"}}]}},{"ASIN":"B07BFNNXG6","DetailPageURL":"https://www.amazon.es/dp/B07BFNNXG6?tag=topinalambricos-21&linkCode=osi&th=1&psc=1","Images":{"Primary":{"Small":{"Height":75,"URL":"https://m.media-amazon.com/images/I/517Kn9T5U0L._SL75_.jpg","Width":75}}},"ItemInfo":{"ByLineInfo":{"Brand":{"DisplayValue":"Beauty7","Label":"Brand","Locale":"es_ES"},"Manufacturer":{"DisplayValue":"Beauty7","Label":"Manufacturer","Locale":"es_ES"}},"Title":{"DisplayValue":"16PCS Pulsera Cuero Étnico Retro Trenzadas Pulseras de Cuentas del Correa del Trenzado Brazalete Roccia Punk Ajustable para Hombres Mujeres Leather Wristbands","Label":"Title","Locale":"es_ES"}},"Offers":{"Summaries":[{"Condition":{"Value":"New"},"LowestPrice":{"Amount":5.99,"Currency":"EUR","DisplayAmount":"5,99 €"}}]}}],"SearchURL":"https://www.amazon.es/s?k=cuero+mujer&rh=n%3A10440375031%2Cp_n_availability%3A-1&tag=topinalambricos-21&linkCode=osi","TotalResultCount":59615}},"99":{"SearchResult":{"Items":[{"ASIN":"B078KBN42J","DetailPageURL":"https://www.amazon.es/dp/B078KBN42J?tag=topinalambricos-21&linkCode=osi&th=1&psc=1","Images":{"Primary":{"Small":{"Height":75,"URL":"https://m.media-amazon.com/images/I/31-rehPJpLS._SL75_.jpg","Width":75}}},"ItemInfo":{"ByLineInfo":{"Brand":{"DisplayValue":"PANDORA","Label":"Brand","Locale":"es_ES"},"Manufacturer":{"DisplayValue":"Pandora","Label":"Manufacturer","Locale":"es_ES"}},"Title":{"DisplayValue":"PANDORA Pulsera Moments 590745CBK-D1 mujer cuero y plata","Label":"Title","Locale":"es_ES"}},"Offers":{"Summaries":[{"Condition":{"Value":"New"},"LowestPrice":{"Amount":49.0,"Currency":"EUR","DisplayAmount":"49,00 €"}},{"Condition":{"Value":"Used"},"LowestPrice":{"Amount":37.25,"Currency":"EUR","DisplayAmount":"37,25 €"}}]}},{"ASIN":"B07DFJBM7X","DetailPageURL":"https://www.amazon.es/dp/B07DFJBM7X?tag=topinalambricos-21&linkCode=osi&th=1&psc=1","Images":{"Primary":{"Small":{"Height":75,"URL":"https://m.media-amazon.com/images/I/31rN15kvrHS._SL75_.jpg","Width":75}}},"ItemInfo":{"ByLineInfo":{"Brand":{"DisplayValue":"PANDORA","Label":"Brand","Locale":"es_ES"},"Manufacturer":{"DisplayValue":"Pandora","Label":"Manufacturer","Locale":"es_ES"}},"Title":{"DisplayValue":"PANDORA Pulsera 597225CBK-2 mujer plata cuero Pulsera Moments","Label":"Title","Locale":"es_ES"}},"Offers":{"Summaries":[{"Condition":{"Value":"New"},"LowestPrice":{"Amount":44.92,"Currency":"EUR","DisplayAmount":"44,92 €"}}]}},{"ASIN":"B07NRMQT65","DetailPageURL":"https://www.amazon.es/dp/B07NRMQT65?tag=topinalambricos-21&linkCode=osi&th=1&psc=1","Images":{"Primary":{"Small":{"Height":75,"URL":"https://m.media-amazon.com/images/I/41rVFzSQl5L._SL75_.jpg","Width":75}}},"ItemInfo":{"ByLineInfo":{"Brand":{"DisplayValue":"PANDORA","Label":"Brand","Locale":"es_ES"},"Manufacturer":{"DisplayValue":"Pandora","Label":"Manufacturer","Locale":"es_ES"}},"Title":{"DisplayValue":"PANDORA Reflexiones, Pulsera, para Mujer, Gris ,15 cm","Label":"Title","Locale":"es_ES"}},"Offers":{"Summaries":[{"Condition":{"Value":"New"},"LowestPrice":{"Amount":69.0,"Currency":"EUR","DisplayAmount":"69,00 €"}}]}},{"ASIN":"B09X6XRM53","DetailPageURL":"https://www.amazon.es/dp/B09X6XRM53?tag=topinalambricos-21&linkCode=osi&th=1&psc=1","Images":{"Primary":{"Small":{"Height":75,"URL":"https://m.media-amazon.com/images/I/31ohtQ8UyNL._SL75_.jpg","Width":75}}},"ItemInfo":{"ByLineInfo":{"Brand":{"DisplayValue":"PANDORA","Label":"Brand","Locale":"es_ES"},"Manufacturer":{"DisplayValue":"Pandora","Label":"Manufacturer","Locale":"es_ES"}},"Title":{"DisplayValue":"PANDORA Pulsera Moments 591675C01-S2 cuero","Label":"Title","Locale":"es_ES"}},"Offers":{"Summaries":[{"Condition":{"Value":"New"},"LowestPrice":{"Amount":44.0,"Currency":"EUR","DisplayAmount":"44,00 €"}}]}},{"ASIN":"B09X6ZBTKK","DetailPageURL":"https://www.amazon.es/dp/B09X6ZBTKK?tag=topinalambricos-21&linkCode=osi&th=1&psc=1","Images":{"Primary":{"Small":{"Height":75,"URL":"https://m.media-amazon.com/images/I/31ohtQ8UyNL._SL75_.jpg","Width":75}}},"ItemInfo":{"ByLineInfo":{"Brand":{"DisplayValue":"PANDORA","Label":"Brand","Locale":"es_ES"},"Manufacturer":{"DisplayValue":"Pandora","Label":"Manufacturer","Locale":"es_ES"}},"Title":{"DisplayValue":"PANDORA Pulsera Moments 591675C01-S1 cuero","Label":"Title","Locale":"es_ES"}},"Offers":{"Summaries":[{"Condition":{"Value":"New"},"LowestPrice":{"Amount":46.55,"Currency":"EUR","DisplayAmount":"46,55 €"}},{"Condition":{"Value":"Used"},"LowestPrice":{"Amount":41.56,"Currency":"EUR","DisplayAmount":"41,56 €"}}]}},{"ASIN":"B089B2JZCX","DetailPageURL":"https://www.amazon.es/dp/B089B2JZCX?tag=topinalambricos-21&linkCode=osi&th=1&psc=1","Images":{"Primary":{"Small":{"Height":75,"URL":"https://m.media-amazon.com/images/I/31jIo+dx4VL._SL75_.jpg","Width":75}}},"ItemInfo":{"ByLineInfo":{"Brand":{"DisplayValue":"PANDORA","Label":"Brand","Locale":"es_ES"},"Manufacturer":{"DisplayValue":"Pandora","Label":"Manufacturer","Locale":"es_ES"}},"Title":{"DisplayValue":"PANDORA Pulsera moments 598951C01-S2 piel turquesa","Label":"Title","Locale":"es_ES"}},"Offers":{"Summaries":[{"Condition":{"Value":"New"},"LowestPrice":{"Amount":46.55,"Currency":"EUR","DisplayAmount":"46,55 €"}}]}},{"ASIN":"B089B22NHQ","DetailPageURL":"https://www.amazon.es/dp/B089B22NHQ?tag=topinalambricos-21&linkCode=osi&th=1&psc=1","Images":{"Primary":{"Small":{"Height":75,"URL":"https://m.media-amazon.com/images/I/31fOdd33NjL._SL75_.jpg","Width":75}}},"ItemInfo":{"ByLineInfo":{"Brand":{"DisplayValue":"PANDORA","Label":"Brand","Locale":"es_ES"},"Manufacturer":{"DisplayValue":"Pandora","Label":"Manufacturer","Locale":"es_ES"}},"Title":{"DisplayValue":"PANDORA Reflexiones, Pulsera, para Mujer, Azul ,20,50 cm","Label":"Title","Locale":"es_ES"}},"Offers":{"Summaries":[{"Condition":{"Value":"New"},"LowestPrice":{"Amount":49.0,"Currency":"EUR","DisplayAmount":"49,00 €"}}]}},{"ASIN":"B07B57L75S","DetailPageURL":"https://www.amazon.es/dp/B07B57L75S?tag=topinalambricos-21&linkCode=osi&th=1&psc=1","Images":{"Primary":{"Small":{"Height":75,"URL":"https://m.media-amazon.com/images/I/31SrP+v4WQL._SL75_.jpg","Width":75}}},"ItemInfo":{"ByLineInfo":{"Brand":{"DisplayValue":"PANDORA","Label":"Brand","Locale":"es_ES"},"Manufacturer":{"DisplayValue":"Pandora","Label":"Manufacturer","Locale":"es_ES"}},"Title":{"DisplayValue":"Pandora Anudadas Mujer plata - 590745CBK-S2","Label":"Title","Locale":"es_ES"}},"Offers":{"Summaries":[{"Condition":{"Value":"New"},"LowestPrice":{"Amount":55.0,"Currency":"EUR","DisplayAmount":"55,00 €"}}]}},{"ASIN":"B00VMLTV88","DetailPageURL":"https://www.amazon.es/dp/B00VMLTV88?tag=topinalambricos-21&linkCode=osi&th=1&psc=1","Images":{"Primary":{"Small":{"Height":75,"URL":"https://m.media-amazon.com/images/I/41u7d+iPbVL._SL75_.jpg","Width":73}}},"ItemInfo":{"ByLineInfo":{"Brand":{"DisplayValue":"PANDORA","Label":"Brand","Locale":"es_ES"},"Manufacturer":{"DisplayValue":"PANDORA","Label":"Manufacturer","Locale":"es_ES"}},"Title":{"DisplayValue":"PANDORA 590705CBK-T3 Pulsera de cuero negro triple, Cuero","Label":"Title","Locale":"es_ES"}},"Offers":{"Summaries":[{"Condition":{"Value":"New"},"LowestPrice":{"Amount":69.0,"Currency":"EUR","DisplayAmount":"69,00 €"}}]}},{"ASIN":"B0095H7L2O","DetailPageURL":"https://www.amazon.es/dp/B0095H7L2O?tag=topinalambricos-21&linkCode=osi&th=1&psc=1","Images":{"Primary":{"Small":{"Height":45,"URL":"https://m.media-amazon.com/images/I/412GAItoF4L._SL75_.jpg","Width":75}}},"ItemInfo":{"ByLineInfo":{"Brand":{"DisplayValue":"PANDORA","Label":"Brand","Locale":"es_ES"},"Manufacturer":{"DisplayValue":"Pandora","Label":"Manufacturer","Locale":"es_ES"}},"Title":{"DisplayValue":"Pandora 590705CBK-T2 - Pulsera de plata de ley","Label":"Title","Locale":"es_ES"}},"Offers":{"Summaries":[{"Condition":{"Value":"New"},"LowestPrice":{"Amount":69.0,"Currency":"EUR","DisplayAmount":"69,00 €"}}]}}],"SearchURL":"https://www.amazon.es/s?k=cuero+pandora&rh=n%3A10440375031%2Cp_n_availability%3A-1&tag=topinalambricos-21&linkCode=osi","TotalResultCount":68}},"100":{"SearchResult":{"Items":[{"ASIN":"B086DQRD6B","DetailPageURL":"https://www.amazon.es/dp/B086DQRD6B?tag=topinalambricos-21&linkCode=osi&th=1&psc=1","Images":{"Primary":{"Small":{"Height":75,"URL":"https://m.media-amazon.com/images/I/31OHuqHu8TL._SL75_.jpg","Width":75}}},"ItemInfo":{"ByLineInfo":{"Brand":{"DisplayValue":"TOUS","Label":"Brand","Locale":"es_ES"},"Manufacturer":{"DisplayValue":"Joyeria TOUS","Label":"Manufacturer","Locale":"es_ES"}},"Title":{"DisplayValue":"TOUS Pulsera Man en acero y cuero trenzado (916141500)","Label":"Title","Locale":"es_ES"}},"Offers":{"Summaries":[{"Condition":{"Value":"New"},"LowestPrice":{"Amount":55.0,"Currency":"EUR","DisplayAmount":"55,00 €"}}]}},{"ASIN":"B07TDB76SX","DetailPageURL":"https://www.amazon.es/dp/B07TDB76SX?tag=topinalambricos-21&linkCode=osi&th=1&psc=1","Images":{"Primary":{"Small":{"Height":75,"URL":"https://m.media-amazon.com/images/I/31WEm3ferKL._SL75_.jpg","Width":75}}},"ItemInfo":{"ByLineInfo":{"Brand":{"DisplayValue":"TOUS","Label":"Brand","Locale":"es_ES"},"Manufacturer":{"DisplayValue":"Joyería TOUS","Label":"Manufacturer","Locale":"es_ES"}},"Title":{"DisplayValue":"TOUS Pulsera de Cordón Marrón Ajustable y Acero para Mujer con Motivo Oso , Joven e Informal, Colección Super Micro","Label":"Title","Locale":"es_ES"}},"Offers":{"Summaries":[{"Condition":{"Value":"New"},"LowestPrice":{"Amount":39.0,"Currency":"EUR","DisplayAmount":"39,00 €"}}]}},{"ASIN":"B09PNNP7SH","DetailPageURL":"https://www.amazon.es/dp/B09PNNP7SH?tag=topinalambricos-21&linkCode=osi&th=1&psc=1","Images":{"Primary":{"Small":{"Height":75,"URL":"https://m.media-amazon.com/images/I/31wb+g4eSlL._SL75_.jpg","Width":75}}},"ItemInfo":{"ByLineInfo":{"Brand":{"DisplayValue":"TOUS","Label":"Brand","Locale":"es_ES"}},"Title":{"DisplayValue":"TOUS Pulsera Elástica para Mujer con Motivo Oso en Plata de Primera Ley, 17 cm de Largo, Simple y Versátil, Colección Sweet Dolls","Label":"Title","Locale":"es_ES"}},"Offers":{"Summaries":[{"Condition":{"Value":"New"},"LowestPrice":{"Amount":45.0,"Currency":"EUR","DisplayAmount":"45,00 €"}}]}},{"ASIN":"B08F7Y71QS","DetailPageURL":"https://www.amazon.es/dp/B08F7Y71QS?tag=topinalambricos-21&linkCode=osi&th=1&psc=1","Images":{"Primary":{"Small":{"Height":75,"URL":"https://m.media-amazon.com/images/I/31QEsux7XVL._SL75_.jpg","Width":75}}},"ItemInfo":{"ByLineInfo":{"Brand":{"DisplayValue":"TOUS","Label":"Brand","Locale":"es_ES"},"Manufacturer":{"DisplayValue":"Joyeria TOUS","Label":"Manufacturer","Locale":"es_ES"}},"Title":{"DisplayValue":"TOUS Pulsera Motif de Perlas y Cordón negro con Plata Vermeil rosa y Gemas","Label":"Title","Locale":"es_ES"}},"Offers":{"Summaries":[{"Condition":{"Value":"New"},"LowestPrice":{"Amount":95.0,"Currency":"EUR","DisplayAmount":"95,00 €"}}]}},{"ASIN":"B0160CMRAW","DetailPageURL":"https://www.amazon.es/dp/B0160CMRAW?tag=topinalambricos-21&linkCode=osi&th=1&psc=1","Images":{"Primary":{"Small":{"Height":75,"URL":"https://m.media-amazon.com/images/I/418PdDMvg5L._SL75_.jpg","Width":75}}},"ItemInfo":{"ByLineInfo":{"Brand":{"DisplayValue":"TOUS","Label":"Brand","Locale":"es_ES"},"Manufacturer":{"DisplayValue":"TOUS","Label":"Manufacturer","Locale":"es_ES"}},"Title":{"DisplayValue":"TOUS Pulsera de Cuerda Negra y Perlas para Mujer con Motivo Oso en Plata de Primera Ley, 16 cm de Largo, Originalidad y Atrevimiento, Colección Pearls","Label":"Title","Locale":"es_ES"}},"Offers":{"Summaries":[{"Condition":{"Value":"New"},"LowestPrice":{"Amount":45.0,"Currency":"EUR","DisplayAmount":"45,00 €"}}]}},{"ASIN":"B01MSFGEK5","DetailPageURL":"https://www.amazon.es/dp/B01MSFGEK5?tag=topinalambricos-21&linkCode=osi&th=1&psc=1","Images":{"Primary":{"Small":{"Height":75,"URL":"https://m.media-amazon.com/images/I/41iesRYKOYL._SL75_.jpg","Width":75}}},"ItemInfo":{"ByLineInfo":{"Brand":{"DisplayValue":"TOUS","Label":"Brand","Locale":"es_ES"},"Manufacturer":{"DisplayValue":"TOUS","Label":"Manufacturer","Locale":"es_ES"}},"Title":{"DisplayValue":"TOUS Pulsera de Cordón para Mujer con Motivo Oso en Ónix y Perla , Simple y Elegante, Colección Tibet","Label":"Title","Locale":"es_ES"}},"Offers":{"Summaries":[{"Condition":{"Value":"New"},"LowestPrice":{"Amount":49.0,"Currency":"EUR","DisplayAmount":"49,00 €"}}]}},{"ASIN":"B07TCBJK43","DetailPageURL":"https://www.amazon.es/dp/B07TCBJK43?tag=topinalambricos-21&linkCode=osi&th=1&psc=1","Images":{"Primary":{"Small":{"Height":75,"URL":"https://m.media-amazon.com/images/I/31cNmCzOFiL._SL75_.jpg","Width":75}}},"ItemInfo":{"ByLineInfo":{"Brand":{"DisplayValue":"TOUS","Label":"Brand","Locale":"es_ES"},"Manufacturer":{"DisplayValue":"TOUS","Label":"Manufacturer","Locale":"es_ES"}},"Title":{"DisplayValue":"TOUS Pulsera de Espinelas para Mujer con Motivo en Plata de Primera Ley, Delicado y Elegante, Colección Color","Label":"Title","Locale":"es_ES"}},"Offers":{"Summaries":[{"Condition":{"Value":"New"},"LowestPrice":{"Amount":45.0,"Currency":"EUR","DisplayAmount":"45,00 €"}}]}},{"ASIN":"B08F7YL2QJ","DetailPageURL":"https://www.amazon.es/dp/B08F7YL2QJ?tag=topinalambricos-21&linkCode=osi&th=1&psc=1","Images":{"Primary":{"Small":{"Height":75,"URL":"https://m.media-amazon.com/images/I/31snWyLoJPL._SL75_.jpg","Width":75}}},"ItemInfo":{"ByLineInfo":{"Brand":{"DisplayValue":"TOUS","Label":"Brand","Locale":"es_ES"},"Manufacturer":{"DisplayValue":"Joyeria TOUS","Label":"Manufacturer","Locale":"es_ES"}},"Title":{"DisplayValue":"TOUS Pulsera Cruz de Acero y Cordón en color marrón","Label":"Title","Locale":"es_ES"}},"Offers":{"Summaries":[{"Condition":{"Value":"New"},"LowestPrice":{"Amount":49.0,"Currency":"EUR","DisplayAmount":"49,00 €"}}]}},{"ASIN":"B09PNNXNLF","DetailPageURL":"https://www.amazon.es/dp/B09PNNXNLF?tag=topinalambricos-21&linkCode=osi&th=1&psc=1","Images":{"Primary":{"Small":{"Height":75,"URL":"https://m.media-amazon.com/images/I/31KBbJHzvgL._SL75_.jpg","Width":75}}},"ItemInfo":{"ByLineInfo":{"Brand":{"DisplayValue":"TOUS","Label":"Brand","Locale":"es_ES"}},"Title":{"DisplayValue":"TOUS Pulsera Elástica para Mujer con Motivo Oso en Plata de Primera Ley, 17 cm de Largo, Simple y Versátil, Colección Sweet Dolls","Label":"Title","Locale":"es_ES"}},"Offers":{"Summaries":[{"Condition":{"Value":"New"},"LowestPrice":{"Amount":45.0,"Currency":"EUR","DisplayAmount":"45,00 €"}}]}},{"ASIN":"B086DQR42N","DetailPageURL":"https://www.amazon.es/dp/B086DQR42N?tag=topinalambricos-21&linkCode=osi&th=1&psc=1","Images":{"Primary":{"Small":{"Height":75,"URL":"https://m.media-amazon.com/images/I/31VtQ9uWheL._SL75_.jpg","Width":75}}},"ItemInfo":{"ByLineInfo":{"Brand":{"DisplayValue":"TOUS","Label":"Brand","Locale":"es_ES"},"Manufacturer":{"DisplayValue":"Joyeria TOUS","Label":"Manufacturer","Locale":"es_ES"}},"Title":{"DisplayValue":"TOUS Pulsera de Cordón para Mujer con Motivo Cruz en Plata Vermeil Rosa de Primera Ley con Espinelas, 21.5 cm de Largo, Simple y Elegante, Colección Motif","Label":"Title","Locale":"es_ES"}},"Offers":{"Summaries":[{"Condition":{"Value":"New"},"LowestPrice":{"Amount":49.0,"Currency":"EUR","DisplayAmount":"49,00 €"}}]}}],"SearchURL":"https://www.amazon.es/s?k=cuero+tous&rh=n%3A10440375031%2Cp_n_availability%3A-1&tag=topinalambricos-21&linkCode=osi","TotalResultCount":21}},"101":{"SearchResult":{"Items":[{"ASIN":"B07BFVF4CG","DetailPageURL":"https://www.amazon.es/dp/B07BFVF4CG?tag=topinalambricos-21&linkCode=osi&th=1&psc=1","Images":{"Primary":{"Small":{"Height":66,"URL":"https://m.media-amazon.com/images/I/413HwuHez+L._SL75_.jpg","Width":75}}},"ItemInfo":{"ByLineInfo":{"Brand":{"DisplayValue":"YOJAN PIEL","Label":"Brand","Locale":"es_ES"},"Manufacturer":{"DisplayValue":"yojan piel","Label":"Manufacturer","Locale":"es_ES"}},"Title":{"DisplayValue":"YOJAN PIEL | Pulsera De Cuero Bandera De España (Fabricada Artesanalmente) | Complementos de Moda Unisex para Hombres y Mujeres de Estilo Atemporal y Elegante | Regalos Originales y Exclusivos","Label":"Title","Locale":"es_ES"}},"Offers":{"Summaries":[{"Condition":{"Value":"New"},"LowestPrice":{"Amount":7.95,"Currency":"EUR","DisplayAmount":"7,95 €"}}]}},{"ASIN":"B08TTHRFYS","DetailPageURL":"https://www.amazon.es/dp/B08TTHRFYS?tag=topinalambricos-21&linkCode=osi&th=1&psc=1","Images":{"Primary":{"Small":{"Height":75,"URL":"https://m.media-amazon.com/images/I/41MtbTHKxjL._SL75_.jpg","Width":75}}},"ItemInfo":{"ByLineInfo":{"Brand":{"DisplayValue":"KELITCH","Label":"Brand","Locale":"es_ES"},"Manufacturer":{"DisplayValue":"KELITCH","Label":"Manufacturer","Locale":"es_ES"}},"Title":{"DisplayValue":"KELITCH Pulsera de Cuero de Telar Artesanal con Cuentas de Semillas Marrones Unisex 1C","Label":"Title","Locale":"es_ES"}},"Offers":{"Summaries":[{"Condition":{"Value":"New"},"LowestPrice":{"Amount":16.99,"Currency":"EUR","DisplayAmount":"16,99 €"}}]}},{"ASIN":"B08ZMJ3YCS","DetailPageURL":"https://www.amazon.es/dp/B08ZMJ3YCS?tag=topinalambricos-21&linkCode=osi&th=1&psc=1","Images":{"Primary":{"Small":{"Height":75,"URL":"https://m.media-amazon.com/images/I/5150Kko31OL._SL75_.jpg","Width":75}}},"ItemInfo":{"ByLineInfo":{"Brand":{"DisplayValue":"SALUTUYA","Label":"Brand","Locale":"es_ES"},"Manufacturer":{"DisplayValue":"SALUTUYA","Label":"Manufacturer","Locale":"es_ES"}},"Title":{"DisplayValue":"SALUTUYA Pulsera de Cuero Artesanal Pulsera de Cuero Hecha a Mano para Amigos","Label":"Title","Locale":"es_ES"}},"Offers":{"Summaries":[{"Condition":{"Value":"New"},"LowestPrice":{"Amount":14.89,"Currency":"EUR","DisplayAmount":"14,89 €"}}]}},{"ASIN":"B0B3RXBBRW","DetailPageURL":"https://www.amazon.es/dp/B0B3RXBBRW?tag=topinalambricos-21&linkCode=osi&th=1&psc=1","Images":{"Primary":{"Small":{"Height":75,"URL":"https://m.media-amazon.com/images/I/31F9gVVLgYL._SL75_.jpg","Width":75}}},"ItemInfo":{"ByLineInfo":{"Brand":{"DisplayValue":"Winvacco","Label":"Brand","Locale":"es_ES"},"Manufacturer":{"DisplayValue":"Winvacco","Label":"Manufacturer","Locale":"es_ES"}},"Title":{"DisplayValue":"Winvacco Pulsera artesanal de cuero trenzado con adornos","Label":"Title","Locale":"es_ES"}},"Offers":{"Summaries":[{"Condition":{"Value":"New"},"LowestPrice":{"Amount":8.0,"Currency":"EUR","DisplayAmount":"8,00 €"}}]}},{"ASIN":"B09N2N1Z6S","DetailPageURL":"https://www.amazon.es/dp/B09N2N1Z6S?tag=topinalambricos-21&linkCode=osi&th=1&psc=1","Images":{"Primary":{"Small":{"Height":75,"URL":"https://m.media-amazon.com/images/I/51bivFh19FL._SL75_.jpg","Width":75}}},"ItemInfo":{"ByLineInfo":{"Brand":{"DisplayValue":"Fdit","Label":"Brand","Locale":"es_ES"},"Manufacturer":{"DisplayValue":"Fdit","Label":"Manufacturer","Locale":"es_ES"}},"Title":{"DisplayValue":"Fdit Brazalete de Cuero Artesanal, Brazalete de Cuero Resistente Al Desgaste, Exquisito para Amigos Socios","Label":"Title","Locale":"es_ES"}},"Offers":{"Summaries":[{"Condition":{"Value":"New"},"LowestPrice":{"Amount":14.99,"Currency":"EUR","DisplayAmount":"14,99 €"}}]}},{"ASIN":"B0983SZ6DS","DetailPageURL":"https://www.amazon.es/dp/B0983SZ6DS?tag=topinalambricos-21&linkCode=osi&th=1&psc=1","Images":{"Primary":{"Small":{"Height":75,"URL":"https://m.media-amazon.com/images/I/41WeZgz3+WL._SL75_.jpg","Width":75}}},"ItemInfo":{"ByLineInfo":{"Brand":{"DisplayValue":"Fdit","Label":"Brand","Locale":"es_ES"},"Manufacturer":{"DisplayValue":"Fdit","Label":"Manufacturer","Locale":"es_ES"}},"Title":{"DisplayValue":"Fdit Pulsera de Cuero Trenzado, Exquisita Pulsera de Cuero Artesanal Popular y Ligera, Fiesta Conveniente para Amigos, compañero de Viaje","Label":"Title","Locale":"es_ES"}},"Offers":{"Summaries":[{"Condition":{"Value":"New"},"LowestPrice":{"Amount":15.01,"Currency":"EUR","DisplayAmount":"15,01 €"}}]}},{"ASIN":"B08ZMJ222B","DetailPageURL":"https://www.amazon.es/dp/B08ZMJ222B?tag=topinalambricos-21&linkCode=osi&th=1&psc=1","Images":{"Primary":{"Small":{"Height":75,"URL":"https://m.media-amazon.com/images/I/51tkPgmYm-L._SL75_.jpg","Width":75}}},"ItemInfo":{"ByLineInfo":{"Brand":{"DisplayValue":"SALUTUYA","Label":"Brand","Locale":"es_ES"},"Manufacturer":{"DisplayValue":"SALUTUYA","Label":"Manufacturer","Locale":"es_ES"}},"Title":{"DisplayValue":"SALUTUYA Pulsera Artesanal Pulsera de Cuero Tejida para Pareja DIY","Label":"Title","Locale":"es_ES"}},"Offers":{"Summaries":[{"Condition":{"Value":"New"},"LowestPrice":{"Amount":14.09,"Currency":"EUR","DisplayAmount":"14,09 €"}}]}},{"ASIN":"B08QZS9LVQ","DetailPageURL":"https://www.amazon.es/dp/B08QZS9LVQ?tag=topinalambricos-21&linkCode=osi&th=1&psc=1","Images":{"Primary":{"Small":{"Height":75,"URL":"https://m.media-amazon.com/images/I/41FVGCD1zUL._SL75_.jpg","Width":75}}},"ItemInfo":{"ByLineInfo":{"Brand":{"DisplayValue":"Pssopp","Label":"Brand","Locale":"es_ES"},"Manufacturer":{"DisplayValue":"Pssopp","Label":"Manufacturer","Locale":"es_ES"}},"Title":{"DisplayValue":"Pssopp 3 Piezas Pulsera de Cuero Punk Vintage Hombres Mujeres Cuerda Pulsera Brazalete Abrigo marrón Negro Pulsera","Label":"Title","Locale":"es_ES"}},"Offers":{"Summaries":[{"Condition":{"Value":"New"},"LowestPrice":{"Amount":9.56,"Currency":"EUR","DisplayAmount":"9,56 € (3,19 € / unidad)","PricePerUnit":3.19}}]}},{"ASIN":"B07BFVJNY4","DetailPageURL":"https://www.amazon.es/dp/B07BFVJNY4?tag=topinalambricos-21&linkCode=osi&th=1&psc=1","Images":{"Primary":{"Small":{"Height":63,"URL":"https://m.media-amazon.com/images/I/419HrbeSRWL._SL75_.jpg","Width":75}}},"ItemInfo":{"ByLineInfo":{"Brand":{"DisplayValue":"YOJAN PIEL","Label":"Brand","Locale":"es_ES"},"Manufacturer":{"DisplayValue":"yojan piel","Label":"Manufacturer","Locale":"es_ES"}},"Title":{"DisplayValue":"YOJAN PIEL | Pulsera De Cuero Bandera De España (Fabricada Artesanalmente) | Complementos de Moda Unisex para Hombres y Mujeres de Estilo Atemporal y Elegante | Regalos Originales y Exclusivos","Label":"Title","Locale":"es_ES"}},"Offers":{"Summaries":[{"Condition":{"Value":"New"},"LowestPrice":{"Amount":7.0,"Currency":"EUR","DisplayAmount":"7,00 €"}}]}},{"ASIN":"B07BFNNXG6","DetailPageURL":"https://www.amazon.es/dp/B07BFNNXG6?tag=topinalambricos-21&linkCode=osi&th=1&psc=1","Images":{"Primary":{"Small":{"Height":75,"URL":"https://m.media-amazon.com/images/I/517Kn9T5U0L._SL75_.jpg","Width":75}}},"ItemInfo":{"ByLineInfo":{"Brand":{"DisplayValue":"Beauty7","Label":"Brand","Locale":"es_ES"},"Manufacturer":{"DisplayValue":"Beauty7","Label":"Manufacturer","Locale":"es_ES"}},"Title":{"DisplayValue":"16PCS Pulsera Cuero Étnico Retro Trenzadas Pulseras de Cuentas del Correa del Trenzado Brazalete Roccia Punk Ajustable para Hombres Mujeres Leather Wristbands","Label":"Title","Locale":"es_ES"}},"Offers":{"Summaries":[{"Condition":{"Value":"New"},"LowestPrice":{"Amount":5.99,"Currency":"EUR","DisplayAmount":"5,99 €"}}]}}],"SearchURL":"https://www.amazon.es/s?k=cuero+artesanal&rh=n%3A10440375031%2Cp_n_availability%3A-1&tag=topinalambricos-21&linkCode=osi","TotalResultCount":1746}},"102":{"SearchResult":{"Items":[{"ASIN":"B0834HL5QS","DetailPageURL":"https://www.amazon.es/dp/B0834HL5QS?tag=topinalambricos-21&linkCode=osi&th=1&psc=1","Images":{"Primary":{"Small":{"Height":56,"URL":"https://m.media-amazon.com/images/I/31M1wBNouUL._SL75_.jpg","Width":75}}},"ItemInfo":{"ByLineInfo":{"Brand":{"DisplayValue":"Generic","Label":"Brand","Locale":"es_ES"}},"Title":{"DisplayValue":"Pulsera de cuero personalizable con nombres. Regalo - Navidad - Papa Noel - Reyes Magos","Label":"Title","Locale":"es_ES"}},"Offers":{"Summaries":[{"Condition":{"Value":"New"},"LowestPrice":{"Amount":17.99,"Currency":"EUR","DisplayAmount":"17,99 €"}}]}},{"ASIN":"B07P66QGRQ","DetailPageURL":"https://www.amazon.es/dp/B07P66QGRQ?tag=topinalambricos-21&linkCode=osi&th=1&psc=1","Images":{"Primary":{"Small":{"Height":75,"URL":"https://m.media-amazon.com/images/I/41p2cWjw+WL._SL75_.jpg","Width":75}}},"ItemInfo":{"ByLineInfo":{"Brand":{"DisplayValue":"Lotus","Label":"Brand","Locale":"es_ES"},"Manufacturer":{"DisplayValue":"Lotus Style","Label":"Manufacturer","Locale":"es_ES"}},"Title":{"DisplayValue":"Pulsera de piel Lotus Style para mujer, color negro, LS1961-2/3, JLS1961-2-3","Label":"Title","Locale":"es_ES"}},"Offers":{"Summaries":[{"Condition":{"Value":"New"},"LowestPrice":{"Amount":24.0,"Currency":"EUR","DisplayAmount":"24,00 €"}}]}},{"ASIN":"B08PTHTSNL","DetailPageURL":"https://www.amazon.es/dp/B08PTHTSNL?tag=topinalambricos-21&linkCode=osi&th=1&psc=1","Images":{"Primary":{"Small":{"Height":75,"URL":"https://m.media-amazon.com/images/I/41qd8yg7jKL._SL75_.jpg","Width":75}}},"ItemInfo":{"ByLineInfo":{"Brand":{"DisplayValue":"doble aro","Label":"Brand","Locale":"es_ES"}},"Title":{"DisplayValue":"doble aro - Pulsera Personalizada con Nombres de tu familia. Pulsera de Plata de Ley adaptable. Regalo para madre, abuela, amigas, aniversario, cumpleaños. Pulsera perfecta para regalo original","Label":"Title","Locale":"es_ES"}},"Offers":{"Summaries":[{"Condition":{"Value":"New"},"LowestPrice":{"Amount":34.9,"Currency":"EUR","DisplayAmount":"34,90 €"}}]}},{"ASIN":"B08HN6S2XL","DetailPageURL":"https://www.amazon.es/dp/B08HN6S2XL?tag=topinalambricos-21&linkCode=osi&th=1&psc=1","Images":{"Primary":{"Small":{"Height":75,"URL":"https://m.media-amazon.com/images/I/31QjpfMAH9L._SL75_.jpg","Width":45}}},"ItemInfo":{"ByLineInfo":{"Brand":{"DisplayValue":"Lotus Style","Label":"Brand","Locale":"es_ES"},"Manufacturer":{"DisplayValue":"LOTUS","Label":"Manufacturer","Locale":"es_ES"}},"Title":{"DisplayValue":"Lotus Style Pulsera modelo LS2169-2/6 de la colección Millennial en acero para señora","Label":"Title","Locale":"es_ES"}},"Offers":{"Summaries":[{"Condition":{"Value":"New"},"LowestPrice":{"Amount":19.0,"Currency":"EUR","DisplayAmount":"19,00 €"}}]}},{"ASIN":"B09H8M81PN","DetailPageURL":"https://www.amazon.es/dp/B09H8M81PN?tag=topinalambricos-21&linkCode=osi&th=1&psc=1","Images":{"Primary":{"Small":{"Height":75,"URL":"https://m.media-amazon.com/images/I/41fnSg-xx+L._SL75_.jpg","Width":75}}},"ItemInfo":{"ByLineInfo":{"Brand":{"DisplayValue":"RecontraMago","Label":"Brand","Locale":"es_ES"},"Manufacturer":{"DisplayValue":"RecontraMago","Label":"Manufacturer","Locale":"es_ES"}},"Title":{"DisplayValue":"Pulseras Personalizadas Para Hombre y Mujer - Grabado en Diamante Pulseras Personalizables de Acero Inoxidable y Cuero Regalo Nombre (SILVER)","Label":"Title","Locale":"es_ES"}},"Offers":{"Summaries":[{"Condition":{"Value":"New"},"LowestPrice":{"Amount":19.99,"Currency":"EUR","DisplayAmount":"19,99 €"}}]}},{"ASIN":"B0869PTH2D","DetailPageURL":"https://www.amazon.es/dp/B0869PTH2D?tag=topinalambricos-21&linkCode=osi&th=1&psc=1","Images":{"Primary":{"Small":{"Height":75,"URL":"https://m.media-amazon.com/images/I/51MJe86exFL._SL75_.jpg","Width":75}}},"ItemInfo":{"ByLineInfo":{"Brand":{"DisplayValue":"RecontraMago","Label":"Brand","Locale":"es_ES"},"Manufacturer":{"DisplayValue":"RecontraMago","Label":"Manufacturer","Locale":"es_ES"}},"Title":{"DisplayValue":"RecontraMago Pulsera Personalizada para Hombre y Mujer - Grabado en Diamante - Pulseras Personalizables de Acero Inoxidable y Cuero Regalo Nombre (Modelo 2 Plateado, 21)","Label":"Title","Locale":"es_ES"}},"Offers":{"Summaries":[{"Condition":{"Value":"New"},"LowestPrice":{"Amount":19.99,"Currency":"EUR","DisplayAmount":"19,99 €"}}]}},{"ASIN":"B07T99446P","DetailPageURL":"https://www.amazon.es/dp/B07T99446P?tag=topinalambricos-21&linkCode=osi&th=1&psc=1","Images":{"Primary":{"Small":{"Height":75,"URL":"https://m.media-amazon.com/images/I/417CPvmP+AL._SL75_.jpg","Width":75}}},"ItemInfo":{"ByLineInfo":{"Brand":{"DisplayValue":"LEGADO","Label":"Brand","Locale":"es_ES"},"Manufacturer":{"DisplayValue":"LEGADO","Label":"Manufacturer","Locale":"es_ES"}},"Title":{"DisplayValue":"LEGADO Pulsera Hombre, Cuero PU y Acero Inoxidable, Brazalete Vikingo Chico Negra combinable con Anillo Pendiente Collar Colgante o Tobillera muñequera, Personalizable (Silver 21,5)","Label":"Title","Locale":"es_ES"}},"Offers":{"Summaries":[{"Condition":{"Value":"New"},"LowestPrice":{"Amount":16.99,"Currency":"EUR","DisplayAmount":"16,99 €"}}]}},{"ASIN":"B0BHZNPBR7","DetailPageURL":"https://www.amazon.es/dp/B0BHZNPBR7?tag=topinalambricos-21&linkCode=osi&th=1&psc=1","Images":{"Primary":{"Small":{"Height":75,"URL":"https://m.media-amazon.com/images/I/31Skh+JpSrL._SL75_.jpg","Width":75}}},"ItemInfo":{"ByLineInfo":{"Brand":{"DisplayValue":"Zopmopae","Label":"Brand","Locale":"es_ES"},"Manufacturer":{"DisplayValue":"Zopmopae","Label":"Manufacturer","Locale":"es_ES"}},"Title":{"DisplayValue":"Pulsera personalizada con foto en el interior Pulsera personalizada con foto en forma de círculo Cuerda trenzada Pulsera de proyección de fotos para hombres Mujeres Pareja Mejor amigo","Label":"Title","Locale":"es_ES"}},"Offers":{"Summaries":[{"Condition":{"Value":"New"},"LowestPrice":{"Amount":17.99,"Currency":"EUR","DisplayAmount":"17,99 €"}}]}},{"ASIN":"B08728GST6","DetailPageURL":"https://www.amazon.es/dp/B08728GST6?tag=topinalambricos-21&linkCode=osi&th=1&psc=1","Images":{"Primary":{"Small":{"Height":75,"URL":"https://m.media-amazon.com/images/I/41cXSWSZKAL._SL75_.jpg","Width":75}}},"ItemInfo":{"ByLineInfo":{"Brand":{"DisplayValue":"DaMei","Label":"Brand","Locale":"es_ES"},"Manufacturer":{"DisplayValue":"DaMei","Label":"Manufacturer","Locale":"es_ES"}},"Title":{"DisplayValue":"DaMei Personalizada Pulseras para Mujer Hombre Cuero con 1-4 Nombre para Familia Pareja Brazalete Plata Hombre Mujer Pulsera de España - Ideas Regalo para Hombre da Cumpleaños (Black-3ring, 19.00)","Label":"Title","Locale":"es_ES"}},"Offers":{"Summaries":[{"Condition":{"Value":"New"},"LowestPrice":{"Amount":21.99,"Currency":"EUR","DisplayAmount":"21,99 €"}}]}},{"ASIN":"B0BHDWDXR1","DetailPageURL":"https://www.amazon.es/dp/B0BHDWDXR1?tag=topinalambricos-21&linkCode=osi&th=1&psc=1","Images":{"Primary":{"Small":{"Height":75,"URL":"https://m.media-amazon.com/images/I/31JfV-c-j+L._SL75_.jpg","Width":75}}},"ItemInfo":{"ByLineInfo":{"Brand":{"DisplayValue":"Nergaebe","Label":"Brand","Locale":"es_ES"},"Manufacturer":{"DisplayValue":"Nergaebe","Label":"Manufacturer","Locale":"es_ES"}},"Title":{"DisplayValue":"Pulsera personalizada con foto para hombres mujeres Pulseras personalizadas con foto en círculo con foto en el interior Pulsera trenzada ajustable para niñas y niños","Label":"Title","Locale":"es_ES"}},"Offers":{"Summaries":[{"Condition":{"Value":"New"},"LowestPrice":{"Amount":18.99,"Currency":"EUR","DisplayAmount":"18,99 €"}}]}}],"SearchURL":"https://www.amazon.es/s?k=cuero+personalizadas&rh=n%3A10440375031%2Cp_n_availability%3A-1&tag=topinalambricos-21&linkCode=osi","TotalResultCount":52368}},"103":{"SearchResult":{"Items":[{"ASIN":"B098NQ4Z31","DetailPageURL":"https://www.amazon.es/dp/B098NQ4Z31?tag=topinalambricos-21&linkCode=osi&th=1&psc=1","Images":{"Primary":{"Small":{"Height":75,"URL":"https://m.media-amazon.com/images/I/41D4ffdyOtL._SL75_.jpg","Width":75}}},"ItemInfo":{"ByLineInfo":{"Brand":{"DisplayValue":"Beauneo","Label":"Brand","Locale":"es_ES"},"Manufacturer":{"DisplayValue":"Beauneo","Label":"Manufacturer","Locale":"es_ES"}},"Title":{"DisplayValue":"Beauneo Pulsera de joyeria, Acero Inoxidable de Cuero, Pulsera de Cuero Trenzado, para Hombres Mujeres, Negro - Ancho 6mm - Longitud 21.5cm","Label":"Title","Locale":"es_ES"}},"Offers":{"Summaries":[{"Condition":{"Value":"New"},"LowestPrice":{"Amount":3.24,"Currency":"EUR","DisplayAmount":"3,24 €"}}]}},{"ASIN":"B07BFNKJSM","DetailPageURL":"https://www.amazon.es/dp/B07BFNKJSM?tag=topinalambricos-21&linkCode=osi&th=1&psc=1","Images":{"Primary":{"Small":{"Height":75,"URL":"https://m.media-amazon.com/images/I/515TiJLlJzL._SL75_.jpg","Width":75}}},"ItemInfo":{"ByLineInfo":{"Brand":{"DisplayValue":"Beauty7","Label":"Brand","Locale":"es_ES"},"Manufacturer":{"DisplayValue":"Beauty7","Label":"Manufacturer","Locale":"es_ES"}},"Title":{"DisplayValue":"6PCS Pulsera Cuero Étnico Retro de Cuero Trenzadas Pulseras del Correa del Trenzado Brazalete Ajustable para Hombres Mujeres Leather Wristbands","Label":"Title","Locale":"es_ES"}},"Offers":{"Summaries":[{"Condition":{"Value":"New"},"LowestPrice":{"Amount":9.99,"Currency":"EUR","DisplayAmount":"9,99 €"}}]}},{"ASIN":"B07ZVZMXQW","DetailPageURL":"https://www.amazon.es/dp/B07ZVZMXQW?tag=topinalambricos-21&linkCode=osi&th=1&psc=1","Images":{"Primary":{"Small":{"Height":62,"URL":"https://m.media-amazon.com/images/I/41x8fXwkAtL._SL75_.jpg","Width":75}}},"ItemInfo":{"ByLineInfo":{"Brand":{"DisplayValue":"MovilCom","Label":"Brand","Locale":"es_ES"},"Manufacturer":{"DisplayValue":"Movilcom","Label":"Manufacturer","Locale":"es_ES"}},"Title":{"DisplayValue":"MovilCom® Pack de 2 Pulseras Pulsera de Cuero e Hilo Trenzada Colores Bandera ESPAÑA 2 Unidades Azul","Label":"Title","Locale":"es_ES"}},"Offers":{"Summaries":[{"Condition":{"Value":"New"},"LowestPrice":{"Amount":6.99,"Currency":"EUR","DisplayAmount":"6,99 €"}}]}},{"ASIN":"B09P3P8W14","DetailPageURL":"https://www.amazon.es/dp/B09P3P8W14?tag=topinalambricos-21&linkCode=osi&th=1&psc=1","Images":{"Primary":{"Small":{"Height":75,"URL":"https://m.media-amazon.com/images/I/41p59BBQZ5L._SL75_.jpg","Width":75}}},"ItemInfo":{"ByLineInfo":{"Brand":{"DisplayValue":"Yolev","Label":"Brand","Locale":"es_ES"}},"Title":{"DisplayValue":"Yolev Pulsera de Cuero Trenzado Bolso de Cuero Negro de Doble Capa Pulsera Trenzada Accesorios de Joyería para Hombres y Mujeres","Label":"Title","Locale":"es_ES"}},"Offers":{"Summaries":[{"Condition":{"Value":"New"},"LowestPrice":{"Amount":5.99,"Currency":"EUR","DisplayAmount":"5,99 €"}}]}},{"ASIN":"B095C41W35","DetailPageURL":"https://www.amazon.es/dp/B095C41W35?tag=topinalambricos-21&linkCode=osi&th=1&psc=1","Images":{"Primary":{"Small":{"Height":75,"URL":"https://m.media-amazon.com/images/I/41zzvE11rkS._SL75_.jpg","Width":75}}},"ItemInfo":{"ByLineInfo":{"Brand":{"DisplayValue":"COOLSTEELANDBEYOND","Label":"Brand","Locale":"es_ES"},"Manufacturer":{"DisplayValue":"COOLSTEELANDBEYOND","Label":"Manufacturer","Locale":"es_ES"}},"Title":{"DisplayValue":"Fina Marrón Cuero Trenzado Pulsera de Hombre Mujer, Pulsera Cuero Tejido de Hombre Mujer, de Acero Cierre Magnético","Label":"Title","Locale":"es_ES"}},"Offers":{"Summaries":[{"Condition":{"Value":"New"},"LowestPrice":{"Amount":20.99,"Currency":"EUR","DisplayAmount":"20,99 €"}}]}},{"ASIN":"B086DQRD6B","DetailPageURL":"https://www.amazon.es/dp/B086DQRD6B?tag=topinalambricos-21&linkCode=osi&th=1&psc=1","Images":{"Primary":{"Small":{"Height":75,"URL":"https://m.media-amazon.com/images/I/31OHuqHu8TL._SL75_.jpg","Width":75}}},"ItemInfo":{"ByLineInfo":{"Brand":{"DisplayValue":"TOUS","Label":"Brand","Locale":"es_ES"},"Manufacturer":{"DisplayValue":"Joyeria TOUS","Label":"Manufacturer","Locale":"es_ES"}},"Title":{"DisplayValue":"TOUS Pulsera Man en acero y cuero trenzado (916141500)","Label":"Title","Locale":"es_ES"}},"Offers":{"Summaries":[{"Condition":{"Value":"New"},"LowestPrice":{"Amount":55.0,"Currency":"EUR","DisplayAmount":"55,00 €"}}]}},{"ASIN":"B07FSVK99G","DetailPageURL":"https://www.amazon.es/dp/B07FSVK99G?tag=topinalambricos-21&linkCode=osi&th=1&psc=1","Images":{"Primary":{"Small":{"Height":75,"URL":"https://m.media-amazon.com/images/I/512jH+x6WfL._SL75_.jpg","Width":75}}},"ItemInfo":{"ByLineInfo":{"Brand":{"DisplayValue":"Thajaling","Label":"Brand","Locale":"es_ES"},"Manufacturer":{"DisplayValue":"ChicJ&Y","Label":"Manufacturer","Locale":"es_ES"}},"Title":{"DisplayValue":"Thajaling 4 PCS Pulsera de Cuero Pulsera de Cuerda Multicapa Trenzada de la Vendimia para Hombres Mujeres Pulsera de la Amistad Set, Ajustable","Label":"Title","Locale":"es_ES"}},"Offers":{"Summaries":[{"Condition":{"Value":"New"},"LowestPrice":{"Amount":10.96,"Currency":"EUR","DisplayAmount":"10,96 €"}}]}},{"ASIN":"B07SQ17NCW","DetailPageURL":"https://www.amazon.es/dp/B07SQ17NCW?tag=topinalambricos-21&linkCode=osi&th=1&psc=1","Images":{"Primary":{"Small":{"Height":75,"URL":"https://m.media-amazon.com/images/I/51o7seQJArL._SL75_.jpg","Width":75}}},"ItemInfo":{"ByLineInfo":{"Brand":{"DisplayValue":"Emibele","Label":"Brand","Locale":"es_ES"},"Manufacturer":{"DisplayValue":"Emibele","Label":"Manufacturer","Locale":"es_ES"}},"Title":{"DisplayValue":"Emibele Brazalete de Cuero, Pulsera Deslumbrante Hecha a Mano, Accesorio de Pulsera de Cristal Trenzado Brillante para Muñeca para Niñas y Mujeres - Coloridos","Label":"Title","Locale":"es_ES"}},"Offers":{"Summaries":[{"Condition":{"Value":"New"},"LowestPrice":{"Amount":13.99,"Currency":"EUR","DisplayAmount":"13,99 €"}}]}},{"ASIN":"B081GS3M52","DetailPageURL":"https://www.amazon.es/dp/B081GS3M52?tag=topinalambricos-21&linkCode=osi&th=1&psc=1","Images":{"Primary":{"Small":{"Height":75,"URL":"https://m.media-amazon.com/images/I/41Kkd1M6ckL._SL75_.jpg","Width":75}}},"ItemInfo":{"ByLineInfo":{"Brand":{"DisplayValue":"COOLSTEELANDBEYOND","Label":"Brand","Locale":"es_ES"},"Manufacturer":{"DisplayValue":"COOLSTEELANDBEYOND","Label":"Manufacturer","Locale":"es_ES"}},"Title":{"DisplayValue":"COOLSTEELANDBEYOND Hombre Mujer Multi-Hilo Marrón Negro Cuero Trenzado Tejido Pulsera del Abrigo con Acero Inoxidable Cierre Magnético","Label":"Title","Locale":"es_ES"}},"Offers":{"Summaries":[{"Condition":{"Value":"New"},"LowestPrice":{"Amount":11.99,"Currency":"EUR","DisplayAmount":"11,99 €"}}]}},{"ASIN":"B09JMLK7G8","DetailPageURL":"https://www.amazon.es/dp/B09JMLK7G8?tag=topinalambricos-21&linkCode=osi&th=1&psc=1","Images":{"Primary":{"Small":{"Height":75,"URL":"https://m.media-amazon.com/images/I/5116P39K8nL._SL75_.jpg","Width":75}}},"ItemInfo":{"ByLineInfo":{"Brand":{"DisplayValue":"Zaky","Label":"Brand","Locale":"es_ES"}},"Title":{"DisplayValue":"Zaky Pulsera de cuero trenzado cráneo Anime One P Pegatina negro para accesorios de joyería unisex, regalo 101 piezas","Label":"Title","Locale":"es_ES"}},"Offers":{"Summaries":[{"Condition":{"Value":"New"},"LowestPrice":{"Amount":10.69,"Currency":"EUR","DisplayAmount":"10,69 €"}}]}}],"SearchURL":"https://www.amazon.es/s?k=cuero+trenzado&rh=n%3A10440375031%2Cp_n_availability%3A-1&tag=topinalambricos-21&linkCode=osi","TotalResultCount":54624}},"105":{"SearchResult":{"Items":[{"ASIN":"B07T69G9CG","DetailPageURL":"https://www.amazon.es/dp/B07T69G9CG?tag=topinalambricos-21&linkCode=osi&th=1&psc=1","Images":{"Primary":{"Small":{"Height":75,"URL":"https://m.media-amazon.com/images/I/21wLhrG71qL._SL75_.jpg","Width":45}}},"ItemInfo":{"ByLineInfo":{"Brand":{"DisplayValue":"Lotus","Label":"Brand","Locale":"es_ES"},"Manufacturer":{"DisplayValue":"LOTUS","Label":"Manufacturer","Locale":"es_ES"}},"Title":{"DisplayValue":"Lotus Brazalete Pulsera LS2011-2/1 LS2011-2/1, Multicolor","Label":"Title","Locale":"es_ES"}},"Offers":{"Summaries":[{"Condition":{"Value":"New"},"LowestPrice":{"Amount":26.9,"Currency":"EUR","DisplayAmount":"26,90 €"}}]}},{"ASIN":"B07PG7Z6S3","DetailPageURL":"https://www.amazon.es/dp/B07PG7Z6S3?tag=topinalambricos-21&linkCode=osi&th=1&psc=1","Images":{"Primary":{"Small":{"Height":75,"URL":"https://m.media-amazon.com/images/I/41UsY4BicdL._SL75_.jpg","Width":75}}},"ItemInfo":{"ByLineInfo":{"Brand":{"DisplayValue":"Lotus","Label":"Brand","Locale":"es_ES"},"Manufacturer":{"DisplayValue":"Lotus STYLE","Label":"Manufacturer","Locale":"es_ES"}},"Title":{"DisplayValue":"Lotus LS1935-2/1 D4JLS1935-2-1 - Pulsera de acero inoxidable para hombre, color plateado","Label":"Title","Locale":"es_ES"}},"Offers":{"Summaries":[{"Condition":{"Value":"New"},"LowestPrice":{"Amount":24.0,"Currency":"EUR","DisplayAmount":"24,00 €"}}]}},{"ASIN":"B0BJ2MNXL7","DetailPageURL":"https://www.amazon.es/dp/B0BJ2MNXL7?tag=topinalambricos-21&linkCode=osi&th=1&psc=1","Images":{"Primary":{"Small":{"Height":75,"URL":"https://m.media-amazon.com/images/I/418JXamm1TL._SL75_.jpg","Width":75}}},"ItemInfo":{"ByLineInfo":{"Brand":{"DisplayValue":"Viceroy","Label":"Brand","Locale":"es_ES"}},"Title":{"DisplayValue":"Pulsera Viceroy acero y piel negro .1465P01010","Label":"Title","Locale":"es_ES"}},"Offers":{"Summaries":[{"Condition":{"Value":"New"},"LowestPrice":{"Amount":40.5,"Currency":"EUR","DisplayAmount":"40,50 €"}}]}},{"ASIN":"B00OAABXW0","DetailPageURL":"https://www.amazon.es/dp/B00OAABXW0?tag=topinalambricos-21&linkCode=osi&th=1&psc=1","Images":{"Primary":{"Small":{"Height":62,"URL":"https://m.media-amazon.com/images/I/41m6BIqIgaL._SL75_.jpg","Width":75}}},"ItemInfo":{"ByLineInfo":{"Brand":{"DisplayValue":"Viceroy","Label":"Brand","Locale":"es_ES"},"Manufacturer":{"DisplayValue":"Viceroy","Label":"Manufacturer","Locale":"es_ES"}},"Title":{"DisplayValue":"Viceroy Brazalete Yard de Acero Inoxidable para Hombre, 21,5 cm, 6097P09010, 21.5 Centimeters, Cuero, Sin Piedra","Label":"Title","Locale":"es_ES"}},"Offers":{"Summaries":[{"Condition":{"Value":"New"},"LowestPrice":{"Amount":25.0,"Currency":"EUR","DisplayAmount":"25,00 €"}}]}},{"ASIN":"B085W5VM51","DetailPageURL":"https://www.amazon.es/dp/B085W5VM51?tag=topinalambricos-21&linkCode=osi&th=1&psc=1","Images":{"Primary":{"Small":{"Height":75,"URL":"https://m.media-amazon.com/images/I/21I8fJyh7HL._SL75_.jpg","Width":45}}},"ItemInfo":{"ByLineInfo":{"Brand":{"DisplayValue":"Lotus","Label":"Brand","Locale":"es_ES"},"Manufacturer":{"DisplayValue":"LOTUS","Label":"Manufacturer","Locale":"es_ES"}},"Title":{"DisplayValue":"Lotus Brazalete Pulsera Urban Man LS2093-2/2 LS2093-2/2 Marca","Label":"Title","Locale":"es_ES"}},"Offers":{"Summaries":[{"Condition":{"Value":"New"},"LowestPrice":{"Amount":21.6,"Currency":"EUR","DisplayAmount":"21,60 €"}}]}},{"ASIN":"B06WLH7CC6","DetailPageURL":"https://www.amazon.es/dp/B06WLH7CC6?tag=topinalambricos-21&linkCode=osi&th=1&psc=1","Images":{"Primary":{"Small":{"Height":75,"URL":"https://m.media-amazon.com/images/I/41TwinDK1oL._SL75_.jpg","Width":75}}},"ItemInfo":{"ByLineInfo":{"Brand":{"DisplayValue":"Lotus Style","Label":"Brand","Locale":"es_ES"},"Manufacturer":{"DisplayValue":"LOTUS","Label":"Manufacturer","Locale":"es_ES"}},"Title":{"DisplayValue":"Lotus Style Pulsera modelo LS1832-2/4 de la colección Urban Man en acero para caballero, Plata","Label":"Title","Locale":"es_ES"}},"Offers":{"Summaries":[{"Condition":{"Value":"New"},"LowestPrice":{"Amount":27.49,"Currency":"EUR","DisplayAmount":"27,49 €"}}]}},{"ASIN":"B01N941NXI","DetailPageURL":"https://www.amazon.es/dp/B01N941NXI?tag=topinalambricos-21&linkCode=osi&th=1&psc=1","Images":{"Primary":{"Small":{"Height":71,"URL":"https://m.media-amazon.com/images/I/41VgjtRW20L._SL75_.jpg","Width":75}}},"ItemInfo":{"ByLineInfo":{"Brand":{"DisplayValue":"Viceroy","Label":"Brand","Locale":"es_ES"},"Manufacturer":{"DisplayValue":"Viceroy joyas","Label":"Manufacturer","Locale":"es_ES"}},"Title":{"DisplayValue":"Viceroy Pulsera 6371P09010 Hombre Fashion Acero","Label":"Title","Locale":"es_ES"}},"Offers":{"Summaries":[{"Condition":{"Value":"New"},"LowestPrice":{"Amount":25.0,"Currency":"EUR","DisplayAmount":"25,00 €"}}]}},{"ASIN":"B01I0E1FME","DetailPageURL":"https://www.amazon.es/dp/B01I0E1FME?tag=topinalambricos-21&linkCode=osi&th=1&psc=1","Images":{"Primary":{"Small":{"Height":70,"URL":"https://m.media-amazon.com/images/I/41iRZx9Ui3L._SL75_.jpg","Width":75}}},"ItemInfo":{"ByLineInfo":{"Brand":{"DisplayValue":"Viceroy","Label":"Brand","Locale":"es_ES"}},"Title":{"DisplayValue":"Viceroy Pulsera Acero Hombre Marron","Label":"Title","Locale":"es_ES"}},"Offers":{"Summaries":[{"Condition":{"Value":"New"},"LowestPrice":{"Amount":26.0,"Currency":"EUR","DisplayAmount":"26,00 €"}}]}},{"ASIN":"B08MV62M3V","DetailPageURL":"https://www.amazon.es/dp/B08MV62M3V?tag=topinalambricos-21&linkCode=osi&th=1&psc=1","Images":{"Primary":{"Small":{"Height":75,"URL":"https://m.media-amazon.com/images/I/21WGqVTP99L._SL75_.jpg","Width":45}}},"ItemInfo":{"ByLineInfo":{"Brand":{"DisplayValue":"Lotus Style","Label":"Brand","Locale":"es_ES"},"Manufacturer":{"DisplayValue":"LOTUS","Label":"Manufacturer","Locale":"es_ES"}},"Title":{"DisplayValue":"Lotus Style Pulsera modelo LS2102-2/1 de la colección Urban Man en acero para caballero","Label":"Title","Locale":"es_ES"}},"Offers":{"Summaries":[{"Condition":{"Value":"New"},"LowestPrice":{"Amount":26.1,"Currency":"EUR","DisplayAmount":"26,10 €"}}]}},{"ASIN":"B07HYW6MWW","DetailPageURL":"https://www.amazon.es/dp/B07HYW6MWW?tag=topinalambricos-21&linkCode=osi&th=1&psc=1","Images":{"Primary":{"Small":{"Height":75,"URL":"https://m.media-amazon.com/images/I/41Ooh78UMEL._SL75_.jpg","Width":60}}},"ItemInfo":{"ByLineInfo":{"Brand":{"DisplayValue":"Viceroy","Label":"Brand","Locale":"es_ES"},"Manufacturer":{"DisplayValue":"Viceroy","Label":"Manufacturer","Locale":"es_ES"}},"Title":{"DisplayValue":"PULSERA VICEROY FASHION ACERO Y PIEL TRENZADA PARA HOMBRE 75068P01011","Label":"Title","Locale":"es_ES"}},"Offers":{"Summaries":[{"Condition":{"Value":"New"},"LowestPrice":{"Amount":21.75,"Currency":"EUR","DisplayAmount":"21,75 €"}}]}}],"SearchURL":"https://www.amazon.es/s?k=cuero+plata&rh=n%3A10440403031%2Cp_n_availability%3A-1&tag=topinalambricos-21&linkCode=osi","TotalResultCount":12164}},"106":{"SearchResult":{"Items":[{"ASIN":"B00NVRCEYY","DetailPageURL":"https://www.amazon.es/dp/B00NVRCEYY?tag=topinalambricos-21&linkCode=osi&th=1&psc=1","Images":{"Primary":{"Small":{"Height":39,"URL":"https://m.media-amazon.com/images/I/31BAKm-iGQL._SL75_.jpg","Width":75}}},"ItemInfo":{"ByLineInfo":{"Brand":{"DisplayValue":"HARRY POTTER","Label":"Brand","Locale":"es_ES"},"Manufacturer":{"DisplayValue":"Redstring Spain","Label":"Manufacturer","Locale":"es_ES"}},"Title":{"DisplayValue":"HARRY POTTER Carat - Hpotter Pulsera cuero 20 cm","Label":"Title","Locale":"es_ES"}},"Offers":{"Summaries":[{"Condition":{"Value":"New"},"LowestPrice":{"Amount":7.68,"Currency":"EUR","DisplayAmount":"7,68 €"}}]}},{"ASIN":"B08F7Y71QS","DetailPageURL":"https://www.amazon.es/dp/B08F7Y71QS?tag=topinalambricos-21&linkCode=osi&th=1&psc=1","Images":{"Primary":{"Small":{"Height":75,"URL":"https://m.media-amazon.com/images/I/31QEsux7XVL._SL75_.jpg","Width":75}}},"ItemInfo":{"ByLineInfo":{"Brand":{"DisplayValue":"TOUS","Label":"Brand","Locale":"es_ES"},"Manufacturer":{"DisplayValue":"Joyeria TOUS","Label":"Manufacturer","Locale":"es_ES"}},"Title":{"DisplayValue":"TOUS Pulsera Motif de Perlas y Cordón negro con Plata Vermeil rosa y Gemas","Label":"Title","Locale":"es_ES"}},"Offers":{"Summaries":[{"Condition":{"Value":"New"},"LowestPrice":{"Amount":95.0,"Currency":"EUR","DisplayAmount":"95,00 €"}}]}},{"ASIN":"B09PNNP7SH","DetailPageURL":"https://www.amazon.es/dp/B09PNNP7SH?tag=topinalambricos-21&linkCode=osi&th=1&psc=1","Images":{"Primary":{"Small":{"Height":75,"URL":"https://m.media-amazon.com/images/I/31wb+g4eSlL._SL75_.jpg","Width":75}}},"ItemInfo":{"ByLineInfo":{"Brand":{"DisplayValue":"TOUS","Label":"Brand","Locale":"es_ES"}},"Title":{"DisplayValue":"TOUS Pulsera Elástica para Mujer con Motivo Oso en Plata de Primera Ley, 17 cm de Largo, Simple y Versátil, Colección Sweet Dolls","Label":"Title","Locale":"es_ES"}},"Offers":{"Summaries":[{"Condition":{"Value":"New"},"LowestPrice":{"Amount":45.0,"Currency":"EUR","DisplayAmount":"45,00 €"}}]}},{"ASIN":"B07P66QGRQ","DetailPageURL":"https://www.amazon.es/dp/B07P66QGRQ?tag=topinalambricos-21&linkCode=osi&th=1&psc=1","Images":{"Primary":{"Small":{"Height":75,"URL":"https://m.media-amazon.com/images/I/41p2cWjw+WL._SL75_.jpg","Width":75}}},"ItemInfo":{"ByLineInfo":{"Brand":{"DisplayValue":"Lotus","Label":"Brand","Locale":"es_ES"},"Manufacturer":{"DisplayValue":"Lotus Style","Label":"Manufacturer","Locale":"es_ES"}},"Title":{"DisplayValue":"Pulsera de piel Lotus Style para mujer, color negro, LS1961-2/3, JLS1961-2-3","Label":"Title","Locale":"es_ES"}},"Offers":{"Summaries":[{"Condition":{"Value":"New"},"LowestPrice":{"Amount":24.0,"Currency":"EUR","DisplayAmount":"24,00 €"}}]}},{"ASIN":"B00IRIHNLG","DetailPageURL":"https://www.amazon.es/dp/B00IRIHNLG?tag=topinalambricos-21&linkCode=osi&th=1&psc=1","Images":{"Primary":{"Small":{"Height":75,"URL":"https://m.media-amazon.com/images/I/416FDvLTN4L._SL75_.jpg","Width":75}}},"ItemInfo":{"ByLineInfo":{"Brand":{"DisplayValue":"Fossil","Label":"Brand","Locale":"es_ES"},"Manufacturer":{"DisplayValue":"FOYBT","Label":"Manufacturer","Locale":"es_ES"}},"Title":{"DisplayValue":"Fossil Pulsera ónice de Mujer con Cuero, JA6379040","Label":"Title","Locale":"es_ES"}},"Offers":{"Summaries":[{"Condition":{"Value":"New"},"LowestPrice":{"Amount":21.99,"Currency":"EUR","DisplayAmount":"21,99 €"}}]}},{"ASIN":"B078KBN42J","DetailPageURL":"https://www.amazon.es/dp/B078KBN42J?tag=topinalambricos-21&linkCode=osi&th=1&psc=1","Images":{"Primary":{"Small":{"Height":75,"URL":"https://m.media-amazon.com/images/I/31-rehPJpLS._SL75_.jpg","Width":75}}},"ItemInfo":{"ByLineInfo":{"Brand":{"DisplayValue":"PANDORA","Label":"Brand","Locale":"es_ES"},"Manufacturer":{"DisplayValue":"Pandora","Label":"Manufacturer","Locale":"es_ES"}},"Title":{"DisplayValue":"PANDORA Pulsera Moments 590745CBK-D1 mujer cuero y plata","Label":"Title","Locale":"es_ES"}},"Offers":{"Summaries":[{"Condition":{"Value":"Used"},"LowestPrice":{"Amount":37.25,"Currency":"EUR","DisplayAmount":"37,25 €"}},{"Condition":{"Value":"New"},"LowestPrice":{"Amount":49.0,"Currency":"EUR","DisplayAmount":"49,00 €"}}]}},{"ASIN":"B076X5NKWJ","DetailPageURL":"https://www.amazon.es/dp/B076X5NKWJ?tag=topinalambricos-21&linkCode=osi&th=1&psc=1","Images":{"Primary":{"Small":{"Height":75,"URL":"https://m.media-amazon.com/images/I/21C7koNKdxL._SL75_.jpg","Width":45}}},"ItemInfo":{"ByLineInfo":{"Brand":{"DisplayValue":"LOTUS SILVER","Label":"Brand","Locale":"es_ES"},"Manufacturer":{"DisplayValue":"LOTUS SILVER","Label":"Manufacturer","Locale":"es_ES"}},"Title":{"DisplayValue":"Lotus Silver Pulsera modelo LP1641-2/3 de la colección Tree Of Life en plata para señora","Label":"Title","Locale":"es_ES"}},"Offers":{"Summaries":[{"Condition":{"Value":"New"},"LowestPrice":{"Amount":29.0,"Currency":"EUR","DisplayAmount":"29,00 €"}}]}},{"ASIN":"B08HM5L35D","DetailPageURL":"https://www.amazon.es/dp/B08HM5L35D?tag=topinalambricos-21&linkCode=osi&th=1&psc=1","Images":{"Primary":{"Small":{"Height":75,"URL":"https://m.media-amazon.com/images/I/31IOl6aLJ9L._SL75_.jpg","Width":45}}},"ItemInfo":{"ByLineInfo":{"Brand":{"DisplayValue":"Lotus","Label":"Brand","Locale":"es_ES"},"Manufacturer":{"DisplayValue":"LOTUS","Label":"Manufacturer","Locale":"es_ES"}},"Title":{"DisplayValue":"Lotus Brazalete Pulsera Style Millennial LS2169-2/3, Multicolor","Label":"Title","Locale":"es_ES"}},"Offers":{"Summaries":[{"Condition":{"Value":"New"},"LowestPrice":{"Amount":17.1,"Currency":"EUR","DisplayAmount":"17,10 €"}}]}},{"ASIN":"B07TDB76SX","DetailPageURL":"https://www.amazon.es/dp/B07TDB76SX?tag=topinalambricos-21&linkCode=osi&th=1&psc=1","Images":{"Primary":{"Small":{"Height":75,"URL":"https://m.media-amazon.com/images/I/31WEm3ferKL._SL75_.jpg","Width":75}}},"ItemInfo":{"ByLineInfo":{"Brand":{"DisplayValue":"TOUS","Label":"Brand","Locale":"es_ES"},"Manufacturer":{"DisplayValue":"Joyería TOUS","Label":"Manufacturer","Locale":"es_ES"}},"Title":{"DisplayValue":"TOUS Pulsera de Cordón Marrón Ajustable y Acero para Mujer con Motivo Oso , Joven e Informal, Colección Super Micro","Label":"Title","Locale":"es_ES"}},"Offers":{"Summaries":[{"Condition":{"Value":"New"},"LowestPrice":{"Amount":39.0,"Currency":"EUR","DisplayAmount":"39,00 €"}}]}},{"ASIN":"B08H23T756","DetailPageURL":"https://www.amazon.es/dp/B08H23T756?tag=topinalambricos-21&linkCode=osi&th=1&psc=1","Images":{"Primary":{"Small":{"Height":75,"URL":"https://m.media-amazon.com/images/I/41KWe9kf7UL._SL75_.jpg","Width":75}}},"ItemInfo":{"ByLineInfo":{"Brand":{"DisplayValue":"Promojoya","Label":"Brand","Locale":"es_ES"},"Manufacturer":{"DisplayValue":"Promojoya","Label":"Manufacturer","Locale":"es_ES"}},"Title":{"DisplayValue":"Promojoya Pulsera Plata y Cuero Eres Mi Guardia Civil Favorito","Label":"Title","Locale":"es_ES"}},"Offers":{"Summaries":[{"Condition":{"Value":"New"},"LowestPrice":{"Amount":49.0,"Currency":"EUR","DisplayAmount":"49,00 €"}}]}}],"SearchURL":"https://www.amazon.es/s?k=cuero+plata&rh=n%3A10440375031%2Cp_n_availability%3A-1&tag=topinalambricos-21&linkCode=osi","TotalResultCount":54848}},"108":{"SearchResult":{"Items":[{"ASIN":"B0B9BV7NNN","DetailPageURL":"https://www.amazon.es/dp/B0B9BV7NNN?tag=topinalambricos-21&linkCode=osi&th=1&psc=1","Images":{"Primary":{"Small":{"Height":75,"URL":"https://m.media-amazon.com/images/I/31qz+DHVFRL._SL75_.jpg","Width":75}}},"ItemInfo":{"ByLineInfo":{"Brand":{"DisplayValue":"INTENDENCIA","Label":"Brand","Locale":"es_ES"}},"Title":{"DisplayValue":"Hecho a mano, con cuentas de zamak para mujer - Pulsera de cuero para mujer hecha por Intendenciajewels - Pulsera con cuero y zamak - Pulsera ajustable de 16-19,5 cm.","Label":"Title","Locale":"es_ES"}},"Offers":{"Summaries":[{"Condition":{"Value":"New"},"LowestPrice":{"Amount":22.0,"Currency":"EUR","DisplayAmount":"22,00 €"}}]}},{"ASIN":"B08NW3MJS4","DetailPageURL":"https://www.amazon.es/dp/B08NW3MJS4?tag=topinalambricos-21&linkCode=osi&th=1&psc=1","Images":{"Primary":{"Small":{"Height":75,"URL":"https://m.media-amazon.com/images/I/41pKV8JEheL._SL75_.jpg","Width":75}}},"ItemInfo":{"ByLineInfo":{"Brand":{"DisplayValue":"INTENDENCIA","Label":"Brand","Locale":"es_ES"}},"Title":{"DisplayValue":"Hecho a mano, con cuentas de zamak para mujer - Pulsera de cuero para mujer hecha por Intendenciajewels - Plateado - Brazalete con cuero y zamak - Pulsera ajustable de 16-19,5 cm.","Label":"Title","Locale":"es_ES"}},"Offers":{"Summaries":[{"Condition":{"Value":"New"},"LowestPrice":{"Amount":27.0,"Currency":"EUR","DisplayAmount":"27,00 €"}}]}},{"ASIN":"B0BGFVWC1Q","DetailPageURL":"https://www.amazon.es/dp/B0BGFVWC1Q?tag=topinalambricos-21&linkCode=osi&th=1&psc=1","Images":{"Primary":{"Small":{"Height":75,"URL":"https://m.media-amazon.com/images/I/41L6kyzHtvL._SL75_.jpg","Width":75}}},"ItemInfo":{"ByLineInfo":{"Brand":{"DisplayValue":"arana's","Label":"Brand","Locale":"es_ES"},"Manufacturer":{"DisplayValue":"arana's","Label":"Manufacturer","Locale":"es_ES"}},"Title":{"DisplayValue":"ARANA'S - Pulsera para Mujer | Cuero Rojo Genuino Trenzado | Nudo Marinero | Cierre Zamak (Rojo, 16)","Label":"Title","Locale":"es_ES"}},"Offers":{"Summaries":[{"Condition":{"Value":"New"},"LowestPrice":{"Amount":14.95,"Currency":"EUR","DisplayAmount":"14,95 €"}}]}},{"ASIN":"B094LBZJBJ","DetailPageURL":"https://www.amazon.es/dp/B094LBZJBJ?tag=topinalambricos-21&linkCode=osi&th=1&psc=1","Images":{"Primary":{"Small":{"Height":75,"URL":"https://m.media-amazon.com/images/I/31FjhUofbSS._SL75_.jpg","Width":75}}},"ItemInfo":{"ByLineInfo":{"Brand":{"DisplayValue":"NILUXE DESIGN","Label":"Brand","Locale":"es_ES"}},"Title":{"DisplayValue":"Pulsera mujer cuero y zamak, con baño de plata. Pulsera Bohemia hecha a mano. Regalo Mujer. Pulsera Libélula. Pulsera para mujer. Pulsera Estilo boho","Label":"Title","Locale":"es_ES"}}},{"ASIN":"B08NW4H8DZ","DetailPageURL":"https://www.amazon.es/dp/B08NW4H8DZ?tag=topinalambricos-21&linkCode=osi&th=1&psc=1","Images":{"Primary":{"Small":{"Height":75,"URL":"https://m.media-amazon.com/images/I/419Ikxc-nZL._SL75_.jpg","Width":75}}},"ItemInfo":{"ByLineInfo":{"Brand":{"DisplayValue":"INTENDENCIA","Label":"Brand","Locale":"es_ES"}},"Title":{"DisplayValue":"Pulsera con piedra natural\"Ojo de tigre\", con abalorios de zamak y cuero, hecha a mano por Intendenciajewels - Pulseras piedras naturales - Pulsera ajustable de 16-19,5 cm.","Label":"Title","Locale":"es_ES"}},"Offers":{"Summaries":[{"Condition":{"Value":"New"},"LowestPrice":{"Amount":24.0,"Currency":"EUR","DisplayAmount":"24,00 €"}}]}},{"ASIN":"B086LLG7H5","DetailPageURL":"https://www.amazon.es/dp/B086LLG7H5?tag=topinalambricos-21&linkCode=osi&th=1&psc=1","Images":{"Primary":{"Small":{"Height":75,"URL":"https://m.media-amazon.com/images/I/41a8sw4pq-L._SL75_.jpg","Width":75}}},"ItemInfo":{"ByLineInfo":{"Brand":{"DisplayValue":"INTENDENCIA","Label":"Brand","Locale":"es_ES"}},"Title":{"DisplayValue":"Pulsera de dos vueltas hecha a mano por Intendenciajewels - Pulsera wrap - Pulsera de cuero - Joyería en cuero - Pulsera zamak","Label":"Title","Locale":"es_ES"}},"Offers":{"Summaries":[{"Condition":{"Value":"New"},"LowestPrice":{"Amount":32.0,"Currency":"EUR","DisplayAmount":"32,00 €"}}]}},{"ASIN":"B089ZQF5BG","DetailPageURL":"https://www.amazon.es/dp/B089ZQF5BG?tag=topinalambricos-21&linkCode=osi&th=1&psc=1","Images":{"Primary":{"Small":{"Height":75,"URL":"https://m.media-amazon.com/images/I/41Uroufj4OL._SL75_.jpg","Width":75}}},"ItemInfo":{"ByLineInfo":{"Brand":{"DisplayValue":"INTENDENCIA","Label":"Brand","Locale":"es_ES"}},"Title":{"DisplayValue":"Hecho a mano - Pulsera de cuero para mujer hecho por Intendenciajewels - Joyas para mujer - Pulsera en cuero y abalorios plata - Pulsera ajustable de 16-19,5 cm.","Label":"Title","Locale":"es_ES"}},"Offers":{"Summaries":[{"Condition":{"Value":"New"},"LowestPrice":{"Amount":22.0,"Currency":"EUR","DisplayAmount":"22,00 €"}}]}},{"ASIN":"B087384ZPW","DetailPageURL":"https://www.amazon.es/dp/B087384ZPW?tag=topinalambricos-21&linkCode=osi&th=1&psc=1","Images":{"Primary":{"Small":{"Height":75,"URL":"https://m.media-amazon.com/images/I/31D7lJlhQQL._SL75_.jpg","Width":75}}},"ItemInfo":{"ByLineInfo":{"Brand":{"DisplayValue":"CLIPSEAM","Label":"Brand","Locale":"es_ES"},"Manufacturer":{"DisplayValue":"Clipseam","Label":"Manufacturer","Locale":"es_ES"}},"Title":{"DisplayValue":"Pulsera Para Mujer de Zamak Baño de Plata y con Piedra Volcánica de Lava, adaptable a dos medidas mediante cierre prolongación incluido con la pulsera, diseñado y hecho en España (Modelo 3)","Label":"Title","Locale":"es_ES"}},"Offers":{"Summaries":[{"Condition":{"Value":"New"},"LowestPrice":{"Amount":24.9,"Currency":"EUR","DisplayAmount":"24,90 €"}}]}},{"ASIN":"B07C6YS836","DetailPageURL":"https://www.amazon.es/dp/B07C6YS836?tag=topinalambricos-21&linkCode=osi&th=1&psc=1","Images":{"Primary":{"Small":{"Height":63,"URL":"https://m.media-amazon.com/images/I/41VqSMinKTL._SL75_.jpg","Width":75}}},"ItemInfo":{"ByLineInfo":{"Brand":{"DisplayValue":"Generic","Label":"Brand","Locale":"es_ES"}},"Title":{"DisplayValue":"Pulsera Celta de Hilo cuero (2,5mm) Lauburu (Tetrasquel)","Label":"Title","Locale":"es_ES"}},"Offers":{"Summaries":[{"Condition":{"Value":"New"},"LowestPrice":{"Amount":9.99,"Currency":"EUR","DisplayAmount":"9,99 €"}}]}},{"ASIN":"B08H22W1KC","DetailPageURL":"https://www.amazon.es/dp/B08H22W1KC?tag=topinalambricos-21&linkCode=osi&th=1&psc=1","Images":{"Primary":{"Small":{"Height":75,"URL":"https://m.media-amazon.com/images/I/41XCA6TaS1L._SL75_.jpg","Width":75}}},"ItemInfo":{"ByLineInfo":{"Brand":{"DisplayValue":"INTENDENCIA","Label":"Brand","Locale":"es_ES"}},"Title":{"DisplayValue":"Pulsera de cuero con calavera hecha a mano por Intendenciajewels - Pulsera de calavera - Regalo para mujer - Pulsera de piel para mujer - TAMAÑO AJUSTABLE DE 16-19 cm.","Label":"Title","Locale":"es_ES"}},"Offers":{"Summaries":[{"Condition":{"Value":"New"},"LowestPrice":{"Amount":26.0,"Currency":"EUR","DisplayAmount":"26,00 €"}}]}}],"SearchURL":"https://www.amazon.es/s?k=cuero+zamak&rh=n%3A10440375031%2Cp_n_availability%3A-1&tag=topinalambricos-21&linkCode=osi","TotalResultCount":74}},"109":{"SearchResult":{"Items":[{"ASIN":"B0785HLBVK","DetailPageURL":"https://www.amazon.es/dp/B0785HLBVK?tag=topinalambricos-21&linkCode=osi&th=1&psc=1","Images":{"Primary":{"Small":{"Height":63,"URL":"https://m.media-amazon.com/images/I/51UFhBse-5L._SL75_.jpg","Width":75}}},"ItemInfo":{"ByLineInfo":{"Brand":{"DisplayValue":"Generic","Label":"Brand","Locale":"es_ES"}},"Title":{"DisplayValue":"Pulsera Celta de Cuero, Triskel, ajustable","Label":"Title","Locale":"es_ES"}},"Offers":{"Summaries":[{"Condition":{"Value":"New"},"LowestPrice":{"Amount":24.99,"Currency":"EUR","DisplayAmount":"24,99 €"}}]}},{"ASIN":"B0B5ZQ2XXL","DetailPageURL":"https://www.amazon.es/dp/B0B5ZQ2XXL?tag=topinalambricos-21&linkCode=osi&th=1&psc=1","Images":{"Primary":{"Small":{"Height":75,"URL":"https://m.media-amazon.com/images/I/41FyQLfwxcL._SL75_.jpg","Width":75}}},"ItemInfo":{"ByLineInfo":{"Brand":{"DisplayValue":"Musihy","Label":"Brand","Locale":"es_ES"},"Manufacturer":{"DisplayValue":"Musihy","Label":"Manufacturer","Locale":"es_ES"}},"Title":{"DisplayValue":"Musihy Pulseras de Cuero Hombre Plata, Pulseras para Hombres Geométrico Pulseras Acero Inoxidable Hombre Regalo para Hombre","Label":"Title","Locale":"es_ES"}},"Offers":{"Summaries":[{"Condition":{"Value":"New"},"LowestPrice":{"Amount":28.99,"Currency":"EUR","DisplayAmount":"28,99 €"}}]}},{"ASIN":"B07X3DC6R2","DetailPageURL":"https://www.amazon.es/dp/B07X3DC6R2?tag=topinalambricos-21&linkCode=osi&th=1&psc=1","Images":{"Primary":{"Small":{"Height":75,"URL":"https://m.media-amazon.com/images/I/418UBkvxSoL._SL75_.jpg","Width":65}}},"ItemInfo":{"ByLineInfo":{"Brand":{"DisplayValue":"Halukakah","Label":"Brand","Locale":"es_ES"},"Manufacturer":{"DisplayValue":"Halukakah","Label":"Manufacturer","Locale":"es_ES"}},"Title":{"DisplayValue":"HALUKAKAH Hombres Pulsera de Cuero Genuino con Cuentas de Titanio Dorado/Plateado Cierre Magnético Solo Plata Tamaño Ajustable 21.5-23cm con Caja de Regalo(Oro Platino 21,5-23cm)","Label":"Title","Locale":"es_ES"}},"Offers":{"Summaries":[{"Condition":{"Value":"New"},"LowestPrice":{"Amount":16.99,"Currency":"EUR","DisplayAmount":"16,99 €"}}]}},{"ASIN":"B08PDLNB7J","DetailPageURL":"https://www.amazon.es/dp/B08PDLNB7J?tag=topinalambricos-21&linkCode=osi&th=1&psc=1","Images":{"Primary":{"Small":{"Height":49,"URL":"https://m.media-amazon.com/images/I/318RQPUmITL._SL75_.jpg","Width":75}}},"ItemInfo":{"ByLineInfo":{"Brand":{"DisplayValue":"AZZANO","Label":"Brand","Locale":"es_ES"},"Manufacturer":{"DisplayValue":"AZZANO","Label":"Manufacturer","Locale":"es_ES"}},"Title":{"DisplayValue":"AZZANO Pulsera Hombre Piedra Volcánica Negra y Madera PAU Brasil y Zamak Bañado en Oro Viejo 5 Micras","Label":"Title","Locale":"es_ES"}},"Offers":{"Summaries":[{"Condition":{"Value":"New"},"LowestPrice":{"Amount":14.2,"Currency":"EUR","DisplayAmount":"14,20 €"}}]}},{"ASIN":"B0B5ZS4NYT","DetailPageURL":"https://www.amazon.es/dp/B0B5ZS4NYT?tag=topinalambricos-21&linkCode=osi&th=1&psc=1","Images":{"Primary":{"Small":{"Height":75,"URL":"https://m.media-amazon.com/images/I/31Gthl22csL._SL75_.jpg","Width":75}}},"ItemInfo":{"ByLineInfo":{"Brand":{"DisplayValue":"Musihy","Label":"Brand","Locale":"es_ES"},"Manufacturer":{"DisplayValue":"Musihy","Label":"Manufacturer","Locale":"es_ES"}},"Title":{"DisplayValue":"Musihy Pulsera Hombre Cuero y Acero Plata, Pulseras para Hombres Originales Cruz Pulseras Hombre Acero Inoxidable Regalo Jubilacion Hombre","Label":"Title","Locale":"es_ES"}},"Offers":{"Summaries":[{"Condition":{"Value":"New"},"LowestPrice":{"Amount":28.99,"Currency":"EUR","DisplayAmount":"28,99 €"}}]}},{"ASIN":"B0B69137TR","DetailPageURL":"https://www.amazon.es/dp/B0B69137TR?tag=topinalambricos-21&linkCode=osi&th=1&psc=1","Images":{"Primary":{"Small":{"Height":75,"URL":"https://m.media-amazon.com/images/I/311qGaC7z+L._SL75_.jpg","Width":75}}},"ItemInfo":{"ByLineInfo":{"Brand":{"DisplayValue":"Musihy","Label":"Brand","Locale":"es_ES"},"Manufacturer":{"DisplayValue":"Musihy","Label":"Manufacturer","Locale":"es_ES"}},"Title":{"DisplayValue":"Musihy Pulseras de Cuero Hombre Oro, Pulsera de Hombre Tejido Grueso Pulseras Hombre Acero Inoxidable Regalo 80 Cumpleaños Hombre","Label":"Title","Locale":"es_ES"}},"Offers":{"Summaries":[{"Condition":{"Value":"New"},"LowestPrice":{"Amount":39.99,"Currency":"EUR","DisplayAmount":"39,99 €"}}]}},{"ASIN":"B0B5ZRZMSL","DetailPageURL":"https://www.amazon.es/dp/B0B5ZRZMSL?tag=topinalambricos-21&linkCode=osi&th=1&psc=1","Images":{"Primary":{"Small":{"Height":75,"URL":"https://m.media-amazon.com/images/I/31I7EVRdHyL._SL75_.jpg","Width":75}}},"ItemInfo":{"ByLineInfo":{"Brand":{"DisplayValue":"Musihy","Label":"Brand","Locale":"es_ES"},"Manufacturer":{"DisplayValue":"Musihy","Label":"Manufacturer","Locale":"es_ES"}},"Title":{"DisplayValue":"Musihy Pulseras Hombre de Cuero Negro, Pulseras Hombre Personalizadas Estrella Pulseras de Acero Inoxidable Hombre Regalo Hombre 40 Años","Label":"Title","Locale":"es_ES"}},"Offers":{"Summaries":[{"Condition":{"Value":"New"},"LowestPrice":{"Amount":24.99,"Currency":"EUR","DisplayAmount":"24,99 €"}}]}},{"ASIN":"B0B5ZQP7R9","DetailPageURL":"https://www.amazon.es/dp/B0B5ZQP7R9?tag=topinalambricos-21&linkCode=osi&th=1&psc=1","Images":{"Primary":{"Small":{"Height":75,"URL":"https://m.media-amazon.com/images/I/31zdlXiar-L._SL75_.jpg","Width":75}}},"ItemInfo":{"ByLineInfo":{"Brand":{"DisplayValue":"Musihy","Label":"Brand","Locale":"es_ES"},"Manufacturer":{"DisplayValue":"Musihy","Label":"Manufacturer","Locale":"es_ES"}},"Title":{"DisplayValue":"Musihy Pulseras Hombres Cuero Plata, Pulsera Chico Sencillez Pulsera Acero Inoxidable Hombre Regalo 40 Años Hombre","Label":"Title","Locale":"es_ES"}},"Offers":{"Summaries":[{"Condition":{"Value":"New"},"LowestPrice":{"Amount":29.99,"Currency":"EUR","DisplayAmount":"29,99 €"}}]}},{"ASIN":"B0B5ZQ8H9W","DetailPageURL":"https://www.amazon.es/dp/B0B5ZQ8H9W?tag=topinalambricos-21&linkCode=osi&th=1&psc=1","Images":{"Primary":{"Small":{"Height":75,"URL":"https://m.media-amazon.com/images/I/31zdlXiar-L._SL75_.jpg","Width":75}}},"ItemInfo":{"ByLineInfo":{"Brand":{"DisplayValue":"Musihy","Label":"Brand","Locale":"es_ES"},"Manufacturer":{"DisplayValue":"Musihy","Label":"Manufacturer","Locale":"es_ES"}},"Title":{"DisplayValue":"Musihy Pulsera de Cuero Hombre Plata, Pulseras Hombre Rock Sencillez Pulseras Hombre Acero Inoxidable Regalo 80 Cumpleaños Hombre","Label":"Title","Locale":"es_ES"}},"Offers":{"Summaries":[{"Condition":{"Value":"New"},"LowestPrice":{"Amount":28.99,"Currency":"EUR","DisplayAmount":"28,99 €"}}]}},{"ASIN":"B0B5X7LY6N","DetailPageURL":"https://www.amazon.es/dp/B0B5X7LY6N?tag=topinalambricos-21&linkCode=osi&th=1&psc=1","Images":{"Primary":{"Small":{"Height":75,"URL":"https://m.media-amazon.com/images/I/41u5Ks0wNSL._SL75_.jpg","Width":75}}},"ItemInfo":{"ByLineInfo":{"Brand":{"DisplayValue":"Musihy","Label":"Brand","Locale":"es_ES"},"Manufacturer":{"DisplayValue":"Musihy","Label":"Manufacturer","Locale":"es_ES"}},"Title":{"DisplayValue":"Pulseras Hombres Cuero Negro, Pulsera Hombre Motero con Patrón de Cadena Gruesa Pulsera Acero Inoxidable Hombre Regalo Jubilacion Hombre Original","Label":"Title","Locale":"es_ES"}},"Offers":{"Summaries":[{"Condition":{"Value":"New"},"LowestPrice":{"Amount":29.99,"Currency":"EUR","DisplayAmount":"29,99 €"}}]}}],"SearchURL":"https://www.amazon.es/s?k=cuero+zamak&rh=n%3A10440403031%2Cp_n_availability%3A-1&tag=topinalambricos-21&linkCode=osi","TotalResultCount":37}},"110":{"SearchResult":{"Items":[{"ASIN":"B008VLH6F2","DetailPageURL":"https://www.amazon.es/dp/B008VLH6F2?tag=topinalambricos-21&linkCode=osi&th=1&psc=1","Images":{"Primary":{"Small":{"Height":75,"URL":"https://m.media-amazon.com/images/I/41nyvpIe3LL._SL75_.jpg","Width":75}}},"ItemInfo":{"ByLineInfo":{"Brand":{"DisplayValue":"Valero Pearls","Label":"Brand","Locale":"es_ES"},"Contributors":[{"Locale":"es_ES","Name":"Valero Pearls","Role":"Diseñador","RoleType":"designer"}],"Manufacturer":{"DisplayValue":"Valero Pearls","Label":"Manufacturer","Locale":"es_ES"}},"Title":{"DisplayValue":"Valero Pearls Cuero real Perlas de agua dulce de cultivo Amatista Pulsera de cuero autentico","Label":"Title","Locale":"es_ES"}},"Offers":{"Summaries":[{"Condition":{"Value":"New"},"LowestPrice":{"Amount":29.95,"Currency":"EUR","DisplayAmount":"29,95 €"}}]}},{"ASIN":"B07MVWKHQD","DetailPageURL":"https://www.amazon.es/dp/B07MVWKHQD?tag=topinalambricos-21&linkCode=osi&th=1&psc=1","Images":{"Primary":{"Small":{"Height":75,"URL":"https://m.media-amazon.com/images/I/41T6smC9q1L._SL75_.jpg","Width":75}}},"ItemInfo":{"ByLineInfo":{"Brand":{"DisplayValue":"perlascarel","Label":"Brand","Locale":"es_ES"},"Manufacturer":{"DisplayValue":"Carel","Label":"Manufacturer","Locale":"es_ES"}},"Title":{"DisplayValue":"Pulsera de Perlas Cultivadas Barrocas Blancas con Cuero Natural Gris y Plata de Ley","Label":"Title","Locale":"es_ES"}},"Offers":{"Summaries":[{"Condition":{"Value":"New"},"LowestPrice":{"Amount":19.9,"Currency":"EUR","DisplayAmount":"19,90 €"}}]}},{"ASIN":"B086LL1RGH","DetailPageURL":"https://www.amazon.es/dp/B086LL1RGH?tag=topinalambricos-21&linkCode=osi&th=1&psc=1","Images":{"Primary":{"Small":{"Height":75,"URL":"https://m.media-amazon.com/images/I/41zewq+x+iL._SL75_.jpg","Width":75}}},"ItemInfo":{"ByLineInfo":{"Brand":{"DisplayValue":"INTENDENCIA","Label":"Brand","Locale":"es_ES"}},"Title":{"DisplayValue":"Pulsera hecha a mano con cuero y perla de río natural de Intendenciajewels - Pulsera de perla - Pulsera de cuero y abalorios - Regalo para mujer - Pulsera de cuero y perlas.","Label":"Title","Locale":"es_ES"}},"Offers":{"Summaries":[{"Condition":{"Value":"New"},"LowestPrice":{"Amount":24.0,"Currency":"EUR","DisplayAmount":"24,00 €"}}]}},{"ASIN":"B08F7Y71QS","DetailPageURL":"https://www.amazon.es/dp/B08F7Y71QS?tag=topinalambricos-21&linkCode=osi&th=1&psc=1","Images":{"Primary":{"Small":{"Height":75,"URL":"https://m.media-amazon.com/images/I/31QEsux7XVL._SL75_.jpg","Width":75}}},"ItemInfo":{"ByLineInfo":{"Brand":{"DisplayValue":"TOUS","Label":"Brand","Locale":"es_ES"},"Manufacturer":{"DisplayValue":"Joyeria TOUS","Label":"Manufacturer","Locale":"es_ES"}},"Title":{"DisplayValue":"TOUS Pulsera Motif de Perlas y Cordón negro con Plata Vermeil rosa y Gemas","Label":"Title","Locale":"es_ES"}},"Offers":{"Summaries":[{"Condition":{"Value":"New"},"LowestPrice":{"Amount":95.0,"Currency":"EUR","DisplayAmount":"95,00 €"}}]}},{"ASIN":"B0BDFVR6YJ","DetailPageURL":"https://www.amazon.es/dp/B0BDFVR6YJ?tag=topinalambricos-21&linkCode=osi&th=1&psc=1","Images":{"Primary":{"Small":{"Height":75,"URL":"https://m.media-amazon.com/images/I/31q8WClFBXL._SL75_.jpg","Width":75}}},"ItemInfo":{"ByLineInfo":{"Brand":{"DisplayValue":"JeweBella","Label":"Brand","Locale":"es_ES"},"Manufacturer":{"DisplayValue":"JeweBella","Label":"Manufacturer","Locale":"es_ES"}},"Title":{"DisplayValue":"JeweBella 4mm/6mm/8mm/10mm Pulsera de Perlas de Plata de Ley 925 para Mujer Perla Pulsera Hipoalergénicos 18+6cm Ajustable Pulsera de Perlas para Mujer Niña con Caja","Label":"Title","Locale":"es_ES"}},"Offers":{"Summaries":[{"Condition":{"Value":"New"},"LowestPrice":{"Amount":13.99,"Currency":"EUR","DisplayAmount":"13,99 €"}}]}},{"ASIN":"B0160CMRAW","DetailPageURL":"https://www.amazon.es/dp/B0160CMRAW?tag=topinalambricos-21&linkCode=osi&th=1&psc=1","Images":{"Primary":{"Small":{"Height":75,"URL":"https://m.media-amazon.com/images/I/418PdDMvg5L._SL75_.jpg","Width":75}}},"ItemInfo":{"ByLineInfo":{"Brand":{"DisplayValue":"TOUS","Label":"Brand","Locale":"es_ES"},"Manufacturer":{"DisplayValue":"TOUS","Label":"Manufacturer","Locale":"es_ES"}},"Title":{"DisplayValue":"TOUS Pulsera de Cuerda Negra y Perlas para Mujer con Motivo Oso en Plata de Primera Ley, 16 cm de Largo, Originalidad y Atrevimiento, Colección Pearls","Label":"Title","Locale":"es_ES"}},"Offers":{"Summaries":[{"Condition":{"Value":"New"},"LowestPrice":{"Amount":45.0,"Currency":"EUR","DisplayAmount":"45,00 €"}}]}},{"ASIN":"B01MSFGEK5","DetailPageURL":"https://www.amazon.es/dp/B01MSFGEK5?tag=topinalambricos-21&linkCode=osi&th=1&psc=1","Images":{"Primary":{"Small":{"Height":75,"URL":"https://m.media-amazon.com/images/I/41iesRYKOYL._SL75_.jpg","Width":75}}},"ItemInfo":{"ByLineInfo":{"Brand":{"DisplayValue":"TOUS","Label":"Brand","Locale":"es_ES"},"Manufacturer":{"DisplayValue":"TOUS","Label":"Manufacturer","Locale":"es_ES"}},"Title":{"DisplayValue":"TOUS Pulsera de Cordón para Mujer con Motivo Oso en Ónix y Perla , Simple y Elegante, Colección Tibet","Label":"Title","Locale":"es_ES"}},"Offers":{"Summaries":[{"Condition":{"Value":"New"},"LowestPrice":{"Amount":49.0,"Currency":"EUR","DisplayAmount":"49,00 €"}}]}},{"ASIN":"B07K72L9SR","DetailPageURL":"https://www.amazon.es/dp/B07K72L9SR?tag=topinalambricos-21&linkCode=osi&th=1&psc=1","Images":{"Primary":{"Small":{"Height":75,"URL":"https://m.media-amazon.com/images/I/51bh6RBD6wL._SL75_.jpg","Width":56}}},"ItemInfo":{"ByLineInfo":{"Brand":{"DisplayValue":"sailimue","Label":"Brand","Locale":"es_ES"}},"Title":{"DisplayValue":"sailimue Cuero Pulsera Árbol La Vida para Mujeres Pulsera Tejida Pulseras Perlas Vintage","Label":"Title","Locale":"es_ES"}},"Offers":{"Summaries":[{"Condition":{"Value":"New"},"LowestPrice":{"Amount":15.99,"Currency":"EUR","DisplayAmount":"15,99 €"}}]}},{"ASIN":"B00IRIHNLG","DetailPageURL":"https://www.amazon.es/dp/B00IRIHNLG?tag=topinalambricos-21&linkCode=osi&th=1&psc=1","Images":{"Primary":{"Small":{"Height":75,"URL":"https://m.media-amazon.com/images/I/416FDvLTN4L._SL75_.jpg","Width":75}}},"ItemInfo":{"ByLineInfo":{"Brand":{"DisplayValue":"Fossil","Label":"Brand","Locale":"es_ES"},"Manufacturer":{"DisplayValue":"FOYBT","Label":"Manufacturer","Locale":"es_ES"}},"Title":{"DisplayValue":"Fossil Pulsera ónice de Mujer con Cuero, JA6379040","Label":"Title","Locale":"es_ES"}},"Offers":{"Summaries":[{"Condition":{"Value":"New"},"LowestPrice":{"Amount":21.99,"Currency":"EUR","DisplayAmount":"21,99 €"}}]}},{"ASIN":"B07MD8FH4G","DetailPageURL":"https://www.amazon.es/dp/B07MD8FH4G?tag=topinalambricos-21&linkCode=osi&th=1&psc=1","Images":{"Primary":{"Small":{"Height":75,"URL":"https://m.media-amazon.com/images/I/51IlXAg8n3L._SL75_.jpg","Width":75}}},"ItemInfo":{"ByLineInfo":{"Brand":{"DisplayValue":"FGFD&OU","Label":"Brand","Locale":"es_ES"},"Manufacturer":{"DisplayValue":"FGFD&OU","Label":"Manufacturer","Locale":"es_ES"}},"Title":{"DisplayValue":"Cuero Pulsera Hombre Mujer Pulseras Perlas Vintage Trenzado Pulsera Cierre Magnética Acero Inoxidable (Negro)","Label":"Title","Locale":"es_ES"}},"Offers":{"Summaries":[{"Condition":{"Value":"New"},"LowestPrice":{"Amount":8.98,"Currency":"EUR","DisplayAmount":"8,98 €"}}]}}],"SearchURL":"https://www.amazon.es/s?k=cuero+perlas&rh=n%3A10440375031%2Cp_n_availability%3A-1&tag=topinalambricos-21&linkCode=osi","TotalResultCount":23384}},"111":{"SearchResult":{"Items":[{"ASIN":"B00D9W8HNS","DetailPageURL":"https://www.amazon.es/dp/B00D9W8HNS?tag=topinalambricos-21&linkCode=osi&th=1&psc=1","Images":{"Primary":{"Small":{"Height":75,"URL":"https://m.media-amazon.com/images/I/51Ihb-ic62L._SL75_.jpg","Width":75}}},"ItemInfo":{"ByLineInfo":{"Brand":{"DisplayValue":"MATERIA by Matthias Wagner","Label":"Brand","Locale":"es_ES"},"Manufacturer":{"DisplayValue":"MATERIA by Matthias Wagner","Label":"Manufacturer","Locale":"es_ES"}},"Title":{"DisplayValue":"Materia plata cierre de mosquetón de plata de ley 925 de pescado - para cambiar para abalorios pulseras/cuero Pulseras & cadenas #1348","Label":"Title","Locale":"es_ES"}},"Offers":{"Summaries":[{"Condition":{"Value":"New"},"LowestPrice":{"Amount":43.09,"Currency":"EUR","DisplayAmount":"43,09 €"}}]}},{"ASIN":"B08HLZMCXH","DetailPageURL":"https://www.amazon.es/dp/B08HLZMCXH?tag=topinalambricos-21&linkCode=osi&th=1&psc=1","Images":{"Primary":{"Small":{"Height":75,"URL":"https://m.media-amazon.com/images/I/31yOcuSa-uL._SL75_.jpg","Width":75}}},"ItemInfo":{"ByLineInfo":{"Brand":{"DisplayValue":"BBDMind","Label":"Brand","Locale":"es_ES"},"Manufacturer":{"DisplayValue":"Zhaoyin","Label":"Manufacturer","Locale":"es_ES"}},"Title":{"DisplayValue":"Cierre de bayoneta de plata de ley, cierre de tubo, cierre de pegamento, cierre de bayoneta de plata 925, cierre para cordón de cuero, cierre a presión.","Label":"Title","Locale":"es_ES"}},"Offers":{"Summaries":[{"Condition":{"Value":"New"},"LowestPrice":{"Amount":17.7,"Currency":"EUR","DisplayAmount":"17,70 €"}}]}},{"ASIN":"B08BYS8R6S","DetailPageURL":"https://www.amazon.es/dp/B08BYS8R6S?tag=topinalambricos-21&linkCode=osi&th=1&psc=1","Images":{"Primary":{"Small":{"Height":75,"URL":"https://m.media-amazon.com/images/I/31hxmQzrA9L._SL75_.jpg","Width":75}}},"ItemInfo":{"ByLineInfo":{"Brand":{"DisplayValue":"The Cork Collection","Label":"Brand","Locale":"es_ES"},"Manufacturer":{"DisplayValue":"The Cork Collection","Label":"Manufacturer","Locale":"es_ES"}},"Title":{"DisplayValue":"The Eco Owl 10 unidades para cierre de cuero de 9 mm, para 9 mm, redondo, plata envejecida, cierre de broche de presión para joyas D-6-235","Label":"Title","Locale":"es_ES"}},"Offers":{"Summaries":[{"Condition":{"Value":"New"},"LowestPrice":{"Amount":8.0,"Currency":"EUR","DisplayAmount":"8,00 €"}}]}},{"ASIN":"B08BYS77PY","DetailPageURL":"https://www.amazon.es/dp/B08BYS77PY?tag=topinalambricos-21&linkCode=osi&th=1&psc=1","Images":{"Primary":{"Small":{"Height":75,"URL":"https://m.media-amazon.com/images/I/31tFHQNUdJL._SL75_.jpg","Width":75}}},"ItemInfo":{"ByLineInfo":{"Brand":{"DisplayValue":"The Cork Collection","Label":"Brand","Locale":"es_ES"},"Manufacturer":{"DisplayValue":"The Cork Collection","Label":"Manufacturer","Locale":"es_ES"}},"Title":{"DisplayValue":"The Eco Owl 10 unidades para cierre de cuero de 5 mm, para 5 mm, redondo, plata envejecida, cierre de broche de presión de joyería","Label":"Title","Locale":"es_ES"}},"Offers":{"Summaries":[{"Condition":{"Value":"New"},"LowestPrice":{"Amount":13.0,"Currency":"EUR","DisplayAmount":"13,00 €"}}]}},{"ASIN":"B08BYS5VMR","DetailPageURL":"https://www.amazon.es/dp/B08BYS5VMR?tag=topinalambricos-21&linkCode=osi&th=1&psc=1","Images":{"Primary":{"Small":{"Height":75,"URL":"https://m.media-amazon.com/images/I/3115X7fUmIL._SL75_.jpg","Width":75}}},"ItemInfo":{"ByLineInfo":{"Brand":{"DisplayValue":"The Cork Collection","Label":"Brand","Locale":"es_ES"},"Manufacturer":{"DisplayValue":"The Cork Collection","Label":"Manufacturer","Locale":"es_ES"}},"Title":{"DisplayValue":"The Eco Owl - 5 unidades para cierre de cuero de 15 mm, para 15 mm, redondo, plata envejecida, cierre de broche de presión de joyería","Label":"Title","Locale":"es_ES"}},"Offers":{"Summaries":[{"Condition":{"Value":"New"},"LowestPrice":{"Amount":8.0,"Currency":"EUR","DisplayAmount":"8,00 €"}}]}},{"ASIN":"B08BYRPRMZ","DetailPageURL":"https://www.amazon.es/dp/B08BYRPRMZ?tag=topinalambricos-21&linkCode=osi&th=1&psc=1","Images":{"Primary":{"Small":{"Height":75,"URL":"https://m.media-amazon.com/images/I/31nBv5VI3CL._SL75_.jpg","Width":75}}},"ItemInfo":{"ByLineInfo":{"Brand":{"DisplayValue":"The Cork Collection","Label":"Brand","Locale":"es_ES"},"Manufacturer":{"DisplayValue":"The Cork Collection","Label":"Manufacturer","Locale":"es_ES"}},"Title":{"DisplayValue":"The Eco Owl 10 unidades para cierre de cuero de 5 mm, para 5 mm, redondo, plata envejecida, cierre de broche de presión de joyería","Label":"Title","Locale":"es_ES"}},"Offers":{"Summaries":[{"Condition":{"Value":"New"},"LowestPrice":{"Amount":17.0,"Currency":"EUR","DisplayAmount":"17,00 €"}}]}},{"ASIN":"B08BYRFR67","DetailPageURL":"https://www.amazon.es/dp/B08BYRFR67?tag=topinalambricos-21&linkCode=osi&th=1&psc=1","Images":{"Primary":{"Small":{"Height":75,"URL":"https://m.media-amazon.com/images/I/31wLtjlwc-L._SL75_.jpg","Width":75}}},"ItemInfo":{"ByLineInfo":{"Brand":{"DisplayValue":"The Cork Collection","Label":"Brand","Locale":"es_ES"},"Manufacturer":{"DisplayValue":"The Cork Collection","Label":"Manufacturer","Locale":"es_ES"}},"Title":{"DisplayValue":"The Eco Owl 10 unidades para cierre de cuero de 9 mm, para 9 mm, redondo, plata envejecida, cierre de broche de presión de joyería","Label":"Title","Locale":"es_ES"}},"Offers":{"Summaries":[{"Condition":{"Value":"New"},"LowestPrice":{"Amount":9.0,"Currency":"EUR","DisplayAmount":"9,00 €"}}]}},{"ASIN":"B07XNC12PP","DetailPageURL":"https://www.amazon.es/dp/B07XNC12PP?tag=topinalambricos-21&linkCode=osi&th=1&psc=1","Images":{"Primary":{"Small":{"Height":75,"URL":"https://m.media-amazon.com/images/I/317SPFBOahL._SL75_.jpg","Width":75}}},"ItemInfo":{"ByLineInfo":{"Brand":{"DisplayValue":"Hellery","Label":"Brand","Locale":"es_ES"},"Manufacturer":{"DisplayValue":"Hellery","Label":"Manufacturer","Locale":"es_ES"}},"Title":{"DisplayValue":"20x Pegamento de Material Cuero En Tubo Barril Cierre De Latón Accesorios De Joyería De Bricolaje","Label":"Title","Locale":"es_ES"}},"Offers":{"Summaries":[{"Condition":{"Value":"New"},"LowestPrice":{"Amount":16.19,"Currency":"EUR","DisplayAmount":"16,19 €"}}]}},{"ASIN":"B09SDF2ZDW","DetailPageURL":"https://www.amazon.es/dp/B09SDF2ZDW?tag=topinalambricos-21&linkCode=osi&th=1&psc=1","Images":{"Primary":{"Small":{"Height":75,"URL":"https://m.media-amazon.com/images/I/31pEVpp0d-L._SL75_.jpg","Width":75}}},"ItemInfo":{"ByLineInfo":{"Brand":{"DisplayValue":"VOCOP","Label":"Brand","Locale":"es_ES"},"Manufacturer":{"DisplayValue":"VOCOP","Label":"Manufacturer","Locale":"es_ES"}},"Title":{"DisplayValue":"VOCOP Cierres magnéticos con Cierre de Langosta, Pulseras de Cuero, Conectores de Collar para Accesorios de fabricación de Joyas DIY","Label":"Title","Locale":"es_ES"}},"Offers":{"Summaries":[{"Condition":{"Value":"New"},"LowestPrice":{"Amount":8.17,"Currency":"EUR","DisplayAmount":"8,17 €"}}]}},{"ASIN":"B07CZX25PW","DetailPageURL":"https://www.amazon.es/dp/B07CZX25PW?tag=topinalambricos-21&linkCode=osi&th=1&psc=1","Images":{"Primary":{"Small":{"Height":75,"URL":"https://m.media-amazon.com/images/I/41RfJmQBO2L._SL75_.jpg","Width":75}}},"ItemInfo":{"ByLineInfo":{"Brand":{"DisplayValue":"skyllc","Label":"Brand","Locale":"es_ES"},"Manufacturer":{"DisplayValue":"Skyllc","Label":"Manufacturer","Locale":"es_ES"}},"Title":{"DisplayValue":"skyllc® Broche magnético de 5pcs 5m m con el Mecanismo de fijación Tapa del cordón del Cuero de la joyería","Label":"Title","Locale":"es_ES"}},"Offers":{"Summaries":[{"Condition":{"Value":"New"},"LowestPrice":{"Amount":9.33,"Currency":"EUR","DisplayAmount":"9,33 €"}}]}}],"SearchURL":"https://www.amazon.es/s?k=cierres+cuero&rh=n%3A10440455031%2Cp_n_availability%3A-1&tag=topinalambricos-21&linkCode=osi","TotalResultCount":31}},"113":{"SearchResult":{"Items":[{"ASIN":"B00M2YB59C","DetailPageURL":"https://www.amazon.es/dp/B00M2YB59C?tag=topinalambricos-21&linkCode=osi&th=1&psc=1","Images":{"Primary":{"Small":{"Height":75,"URL":"https://m.media-amazon.com/images/I/41M-F90oSsL._SL75_.jpg","Width":75}}},"ItemInfo":{"ByLineInfo":{"Brand":{"DisplayValue":"DonDon","Label":"Brand","Locale":"es_ES"},"Manufacturer":{"DisplayValue":"Tradict GmbH","Label":"Manufacturer","Locale":"es_ES"}},"Title":{"DisplayValue":"DonDon Collar de Cuero 50cm con Colgante de Bola Elegante de Color latón en Bolsa de Terciopelo Unisex","Label":"Title","Locale":"es_ES"}},"Offers":{"Summaries":[{"Condition":{"Value":"New"},"LowestPrice":{"Amount":17.99,"Currency":"EUR","DisplayAmount":"17,99 €"}}]}},{"ASIN":"B0B6JRFQ8J","DetailPageURL":"https://www.amazon.es/dp/B0B6JRFQ8J?tag=topinalambricos-21&linkCode=osi&th=1&psc=1","Images":{"Primary":{"Small":{"Height":73,"URL":"https://m.media-amazon.com/images/I/31qOARvqt4L._SL75_.jpg","Width":75}}},"ItemInfo":{"ByLineInfo":{"Brand":{"DisplayValue":"Only faith","Label":"Brand","Locale":"es_ES"}},"Title":{"DisplayValue":"Collar para mujer Ojo turco Acero Inoxidable Colores con hermosa caja para regalo (Ojo Turco Plateado)","Label":"Title","Locale":"es_ES"}},"Offers":{"Summaries":[{"Condition":{"Value":"New"},"LowestPrice":{"Amount":7.9,"Currency":"EUR","DisplayAmount":"7,90 €"}}]}},{"ASIN":"B07GTQG4YK","DetailPageURL":"https://www.amazon.es/dp/B07GTQG4YK?tag=topinalambricos-21&linkCode=osi&th=1&psc=1","Images":{"Primary":{"Small":{"Height":75,"URL":"https://m.media-amazon.com/images/I/314TVJshndL._SL75_.jpg","Width":75}}},"ItemInfo":{"ByLineInfo":{"Brand":{"DisplayValue":"HOMEYU","Label":"Brand","Locale":"es_ES"},"Manufacturer":{"DisplayValue":"HOMEYU®","Label":"Manufacturer","Locale":"es_ES"}},"Title":{"DisplayValue":"HOMEYU® Gargantilla de Cuero con Perla Artesanal 3 Collar de Perlas Gargantilla con Turquesa Individual Turquesa Azul para niña de 16\"Totalmente 4 Piezas","Label":"Title","Locale":"es_ES"}},"Offers":{"Summaries":[{"Condition":{"Value":"New"},"LowestPrice":{"Amount":4.99,"Currency":"EUR","DisplayAmount":"4,99 €"}}]}},{"ASIN":"B01BTMJGS4","DetailPageURL":"https://www.amazon.es/dp/B01BTMJGS4?tag=topinalambricos-21&linkCode=osi&th=1&psc=1","Images":{"Primary":{"Small":{"Height":75,"URL":"https://m.media-amazon.com/images/I/41L3hMB39lL._SL75_.jpg","Width":75}}},"ItemInfo":{"ByLineInfo":{"Brand":{"DisplayValue":"ISLAND PIERCINGS","Label":"Brand","Locale":"es_ES"},"Manufacturer":{"DisplayValue":"Island Piercings","Label":"Manufacturer","Locale":"es_ES"}},"Title":{"DisplayValue":"Colgante de madera de la marca ISLAND PIERCINGS con diseño de Ying-Yang. Hecho a mano, muy duradero. N285","Label":"Title","Locale":"es_ES"}},"Offers":{"Summaries":[{"Condition":{"Value":"New"},"LowestPrice":{"Amount":17.29,"Currency":"EUR","DisplayAmount":"17,29 €"}}]}},{"ASIN":"B09CYWFQ1V","DetailPageURL":"https://www.amazon.es/dp/B09CYWFQ1V?tag=topinalambricos-21&linkCode=osi&th=1&psc=1","Images":{"Primary":{"Small":{"Height":75,"URL":"https://m.media-amazon.com/images/I/31SfoqbB3PL._SL75_.jpg","Width":75}}},"ItemInfo":{"ByLineInfo":{"Brand":{"DisplayValue":"Generic","Label":"Brand","Locale":"es_ES"}},"Title":{"DisplayValue":"XanaLú Studio Kanji buena suerte, Colgante de buena suerte en japonés para hombre, mujer, Regalo para mejor amigo, Collar con kanji presentado para regalo, hecho a mano (Kanji Suerte Blanco)","Label":"Title","Locale":"es_ES"}},"Offers":{"Summaries":[{"Condition":{"Value":"New"},"LowestPrice":{"Amount":15.0,"Currency":"EUR","DisplayAmount":"15,00 €"}}]}},{"ASIN":"B00E7NO0CU","DetailPageURL":"https://www.amazon.es/dp/B00E7NO0CU?tag=topinalambricos-21&linkCode=osi&th=1&psc=1","Images":{"Primary":{"Small":{"Height":75,"URL":"https://m.media-amazon.com/images/I/51DBrT5FH9L._SL75_.jpg","Width":50}}},"ItemInfo":{"ByLineInfo":{"Brand":{"DisplayValue":"Kaltner Präsente","Label":"Brand","Locale":"es_ES"},"Manufacturer":{"DisplayValue":"Kaltner Präsente","Label":"Manufacturer","Locale":"es_ES"}},"Title":{"DisplayValue":"Kaltner Präsente - Collar de cuero para hombre y mujer con colgante en forma de aro en piedra sodalita","Label":"Title","Locale":"es_ES"}},"Offers":{"Summaries":[{"Condition":{"Value":"New"},"LowestPrice":{"Amount":21.95,"Currency":"EUR","DisplayAmount":"21,95 €"}}]}},{"ASIN":"B08SQZLMCW","DetailPageURL":"https://www.amazon.es/dp/B08SQZLMCW?tag=topinalambricos-21&linkCode=osi&th=1&psc=1","Images":{"Primary":{"Small":{"Height":75,"URL":"https://m.media-amazon.com/images/I/51qP4b4db2L._SL75_.jpg","Width":75}}},"ItemInfo":{"ByLineInfo":{"Manufacturer":{"DisplayValue":"LSJSN","Label":"Manufacturer","Locale":"es_ES"}},"Title":{"DisplayValue":"Gargantilla Punk, Collar De Cadena De Metal, Gargantilla Gótica De Moda, Gargantillas De Cuero Negro, Harajuku Rock Grunge, Joyería Gótica,   Azul Marino","Label":"Title","Locale":"es_ES"}},"Offers":{"Summaries":[{"Condition":{"Value":"New"},"LowestPrice":{"Amount":18.0,"Currency":"EUR","DisplayAmount":"18,00 €"}}]}},{"ASIN":"B07PXFWMWY","DetailPageURL":"https://www.amazon.es/dp/B07PXFWMWY?tag=topinalambricos-21&linkCode=osi&th=1&psc=1","Images":{"Primary":{"Small":{"Height":75,"URL":"https://m.media-amazon.com/images/I/4189AZWKqTL._SL75_.jpg","Width":75}}},"ItemInfo":{"ByLineInfo":{"Brand":{"DisplayValue":"Minvy","Label":"Brand","Locale":"es_ES"}},"Title":{"DisplayValue":"Collar de gargantilla de campana, collar con lazo Lolita, collar de terciopelo para gato, cosplay","Label":"Title","Locale":"es_ES"}},"Offers":{"Summaries":[{"Condition":{"Value":"New"},"LowestPrice":{"Amount":12.01,"Currency":"EUR","DisplayAmount":"12,01 €"}}]}},{"ASIN":"B071DZNP8J","DetailPageURL":"https://www.amazon.es/dp/B071DZNP8J?tag=topinalambricos-21&linkCode=osi&th=1&psc=1","Images":{"Primary":{"Small":{"Height":75,"URL":"https://m.media-amazon.com/images/I/31hfFM1WhGL._SL75_.jpg","Width":75}}},"ItemInfo":{"ByLineInfo":{"Brand":{"DisplayValue":"JEAN'S FRIEND","Label":"Brand","Locale":"es_ES"}},"Title":{"DisplayValue":"Colgante de metal con diseño de bandera de Canadá, esmaltado vintage","Label":"Title","Locale":"es_ES"}},"Offers":{"Summaries":[{"Condition":{"Value":"New"},"LowestPrice":{"Amount":5.96,"Currency":"EUR","DisplayAmount":"5,96 €"}}]}},{"ASIN":"B0932FWDRB","DetailPageURL":"https://www.amazon.es/dp/B0932FWDRB?tag=topinalambricos-21&linkCode=osi&th=1&psc=1","Images":{"Primary":{"Small":{"Height":75,"URL":"https://m.media-amazon.com/images/I/31ye4me+VSS._SL75_.jpg","Width":75}}},"ItemInfo":{"ByLineInfo":{"Brand":{"DisplayValue":"PINGGUO","Label":"Brand","Locale":"es_ES"},"Manufacturer":{"DisplayValue":"PINGGUO","Label":"Manufacturer","Locale":"es_ES"}},"Title":{"DisplayValue":"PINGGUO Botella de perfume de piedra natural sección colgante cuadrado flor de cerezo ágata para hacer joyas Ch DIY collar accesorio","Label":"Title","Locale":"es_ES"}},"Offers":{"Summaries":[{"Condition":{"Value":"New"},"LowestPrice":{"Amount":14.83,"Currency":"EUR","DisplayAmount":"14,83 €"}}]}}],"SearchURL":"https://www.amazon.es/s?k=cuero+artesanal&rh=n%3A5874964031%2Cp_n_availability%3A-1&tag=topinalambricos-21&linkCode=osi","TotalResultCount":15}},"114":{"SearchResult":{"Items":[{"ASIN":"B0BN3WP4ZX","DetailPageURL":"https://www.amazon.es/dp/B0BN3WP4ZX?tag=topinalambricos-21&linkCode=osi&th=1&psc=1","Images":{"Primary":{"Small":{"Height":75,"URL":"https://m.media-amazon.com/images/I/412b9-5f2VL._SL75_.jpg","Width":75}}},"ItemInfo":{"ByLineInfo":{"Brand":{"DisplayValue":"Kiuiom","Label":"Brand","Locale":"es_ES"}},"Title":{"DisplayValue":"Kiuiom Collar De Cadena,Pulsera De Cuero,Cadenas Para Hombres,Pulsera De Cuero Trenzado,Collar De Cadena Cubana,Pulsera De Cuero De Acero Inoxidable,Collar De Acero Inoxidable","Label":"Title","Locale":"es_ES"}},"Offers":{"Summaries":[{"Condition":{"Value":"New"},"LowestPrice":{"Amount":6.99,"Currency":"EUR","DisplayAmount":"6,99 €"}}]}},{"ASIN":"B0BDK2QV51","DetailPageURL":"https://www.amazon.es/dp/B0BDK2QV51?tag=topinalambricos-21&linkCode=osi&th=1&psc=1","Images":{"Primary":{"Small":{"Height":75,"URL":"https://m.media-amazon.com/images/I/41AXU1bw1tL._SL75_.jpg","Width":75}}},"ItemInfo":{"ByLineInfo":{"Brand":{"DisplayValue":"REIOT","Label":"Brand","Locale":"es_ES"},"Manufacturer":{"DisplayValue":"REIOT","Label":"Manufacturer","Locale":"es_ES"}},"Title":{"DisplayValue":"REIOT Collar Estrella de David, Collar de Seis Estrellas de Hombre en Cordón de Cuero Encerado, Amuleto Religioso Judío Colgante Estrella de David","Label":"Title","Locale":"es_ES"}},"Offers":{"Summaries":[{"Condition":{"Value":"New"},"LowestPrice":{"Amount":21.99,"Currency":"EUR","DisplayAmount":"21,99 €"}}]}},{"ASIN":"B09QMDKZKP","DetailPageURL":"https://www.amazon.es/dp/B09QMDKZKP?tag=topinalambricos-21&linkCode=osi&th=1&psc=1","Images":{"Primary":{"Small":{"Height":75,"URL":"https://m.media-amazon.com/images/I/41FlgPdyeXL._SL75_.jpg","Width":75}}},"ItemInfo":{"ByLineInfo":{"Brand":{"DisplayValue":"Jadive","Label":"Brand","Locale":"es_ES"},"Manufacturer":{"DisplayValue":"Jadive","Label":"Manufacturer","Locale":"es_ES"}},"Title":{"DisplayValue":"3 Cadenas de Cuero Cordón Trenzado de Colgante Negro Collar de Cuero Falso con Cierre de Acero Inoxidable Collar Básico Personalizable para Regalo Hombre San Valentín con Bolsa Terciopelo","Label":"Title","Locale":"es_ES"}},"Offers":{"Summaries":[{"Condition":{"Value":"New"},"LowestPrice":{"Amount":10.99,"Currency":"EUR","DisplayAmount":"10,99 €"}}]}},{"ASIN":"B07YTSJ8C3","DetailPageURL":"https://www.amazon.es/dp/B07YTSJ8C3?tag=topinalambricos-21&linkCode=osi&th=1&psc=1","Images":{"Primary":{"Small":{"Height":75,"URL":"https://m.media-amazon.com/images/I/518qD2eiLZL._SL75_.jpg","Width":75}}},"ItemInfo":{"ByLineInfo":{"Brand":{"DisplayValue":"CASSIECA","Label":"Brand","Locale":"es_ES"},"Manufacturer":{"DisplayValue":"CASSIECA","Label":"Manufacturer","Locale":"es_ES"}},"Title":{"DisplayValue":"CASSIECA 3-4 PCS Collar de Cuero para Hombres Vintage ala de Angel Collar Colgante Pluma Collar Ajustable","Label":"Title","Locale":"es_ES"}},"Offers":{"Summaries":[{"Condition":{"Value":"Used"},"LowestPrice":{"Amount":15.83,"Currency":"EUR","DisplayAmount":"15,83 €"}},{"Condition":{"Value":"New"},"LowestPrice":{"Amount":15.99,"Currency":"EUR","DisplayAmount":"15,99 €"}}]}},{"ASIN":"B09GKK7B8G","DetailPageURL":"https://www.amazon.es/dp/B09GKK7B8G?tag=topinalambricos-21&linkCode=osi&th=1&psc=1","Images":{"Primary":{"Small":{"Height":68,"URL":"https://m.media-amazon.com/images/I/41vdNDjHWHL._SL75_.jpg","Width":75}}},"ItemInfo":{"ByLineInfo":{"Brand":{"DisplayValue":"MILACOLATO","Label":"Brand","Locale":"es_ES"},"Manufacturer":{"DisplayValue":"MILACOLATO","Label":"Manufacturer","Locale":"es_ES"}},"Title":{"DisplayValue":"MILACOLATO 5 piezas Western Cowboy Vintage Bolo Tie Hombres Hecho a Mano de Cuero Forma Redonda Negro Vintage Turquesa Colgante Bolo Ties Corbata para Mujeres Hombres","Label":"Title","Locale":"es_ES"}},"Offers":{"Summaries":[{"Condition":{"Value":"New"},"LowestPrice":{"Amount":18.99,"Currency":"EUR","DisplayAmount":"18,99 €"}}]}},{"ASIN":"B00MFLYJD6","DetailPageURL":"https://www.amazon.es/dp/B00MFLYJD6?tag=topinalambricos-21&linkCode=osi&th=1&psc=1","Images":{"Primary":{"Small":{"Height":75,"URL":"https://m.media-amazon.com/images/I/410wpDNThVL._SL75_.jpg","Width":75}}},"ItemInfo":{"ByLineInfo":{"Brand":{"DisplayValue":"DonDon","Label":"Brand","Locale":"es_ES"},"Manufacturer":{"DisplayValue":"Tradict GmbH","Label":"Manufacturer","Locale":"es_ES"}},"Title":{"DisplayValue":"DonDon Collar de Cuero 50cm con Colgante alas de Acero Inoxidable para Hombres en Bolsa de Terciopelo","Label":"Title","Locale":"es_ES"}},"Offers":{"Summaries":[{"Condition":{"Value":"New"},"LowestPrice":{"Amount":16.08,"Currency":"EUR","DisplayAmount":"16,08 €"}}]}},{"ASIN":"B001RIYA46","DetailPageURL":"https://www.amazon.es/dp/B001RIYA46?tag=topinalambricos-21&linkCode=osi&th=1&psc=1","Images":{"Primary":{"Small":{"Height":75,"URL":"https://m.media-amazon.com/images/I/31cZXeTd9yL._SL75_.jpg","Width":61}}},"ItemInfo":{"ByLineInfo":{"Brand":{"DisplayValue":"Fossil","Label":"Brand","Locale":"es_ES"},"Contributors":[{"Locale":"es_ES","Name":"Fossil","Role":"Diseñador","RoleType":"designer"}],"Manufacturer":{"DisplayValue":"Fossil","Label":"Manufacturer","Locale":"es_ES"}},"Title":{"DisplayValue":"Fossil Collar de Hombre con Piel auténtica JF84068040","Label":"Title","Locale":"es_ES"}},"Offers":{"Summaries":[{"Condition":{"Value":"New"},"LowestPrice":{"Amount":49.0,"Currency":"EUR","DisplayAmount":"49,00 €"}}]}},{"ASIN":"B09LQWV5B4","DetailPageURL":"https://www.amazon.es/dp/B09LQWV5B4?tag=topinalambricos-21&linkCode=osi&th=1&psc=1","Images":{"Primary":{"Small":{"Height":62,"URL":"https://m.media-amazon.com/images/I/515MVkF54JL._SL75_.jpg","Width":75}}},"ItemInfo":{"ByLineInfo":{"Brand":{"DisplayValue":"MILACOLATO","Label":"Brand","Locale":"es_ES"},"Manufacturer":{"DisplayValue":"MILACOLATO","Label":"Manufacturer","Locale":"es_ES"}},"Title":{"DisplayValue":"MILACOLATO 5 Piezas Collares para Hombres Cuero Vintage Collar de Cadena de Cubo de Plumas Collar de Cuero Ajustable para Hombres con Colgante de Joyería Negro","Label":"Title","Locale":"es_ES"}},"Offers":{"Summaries":[{"Condition":{"Value":"New"},"LowestPrice":{"Amount":16.99,"Currency":"EUR","DisplayAmount":"16,99 €"}}]}},{"ASIN":"B07HHGQNBJ","DetailPageURL":"https://www.amazon.es/dp/B07HHGQNBJ?tag=topinalambricos-21&linkCode=osi&th=1&psc=1","Images":{"Primary":{"Small":{"Height":46,"URL":"https://m.media-amazon.com/images/I/316vULc1-mL._SL75_.jpg","Width":75}}},"ItemInfo":{"ByLineInfo":{"Brand":{"DisplayValue":"Lola & Gala","Label":"Brand","Locale":"es_ES"},"Manufacturer":{"DisplayValue":"THE SMART SHOP","Label":"Manufacturer","Locale":"es_ES"}},"Title":{"DisplayValue":"Cadena de Cuero para Collar Hombre y Mujer - Cuero Genuino Liso - Cierre Acero Inoxidable de Clic Fácil, y de Seguridad en Acero Inoxidable - Cordón Negro de 3mm para Colgantes - Varias Medidas (51)","Label":"Title","Locale":"es_ES"}},"Offers":{"Summaries":[{"Condition":{"Value":"New"},"LowestPrice":{"Amount":9.95,"Currency":"EUR","DisplayAmount":"9,95 €"}}]}},{"ASIN":"B005FPT7PY","DetailPageURL":"https://www.amazon.es/dp/B005FPT7PY?tag=topinalambricos-21&linkCode=osi&th=1&psc=1","Images":{"Primary":{"Small":{"Height":75,"URL":"https://m.media-amazon.com/images/I/41h1tgF1l4L._SL75_.jpg","Width":75}}},"ItemInfo":{"ByLineInfo":{"Brand":{"DisplayValue":"s.Oliver","Label":"Brand","Locale":"es_ES"},"Manufacturer":{"DisplayValue":"s.Oliver","Label":"Manufacturer","Locale":"es_ES"}},"Title":{"DisplayValue":"s.Oliver Collar Collar, 45+3 cm, Negro, Estuche de Regalo de Joyería, 9066681","Label":"Title","Locale":"es_ES"}},"Offers":{"Summaries":[{"Condition":{"Value":"New"},"LowestPrice":{"Amount":47.49,"Currency":"EUR","DisplayAmount":"47,49 €"}}]}}],"SearchURL":"https://www.amazon.es/s?k=cuero&rh=n%3A10440411031%2Cp_n_availability%3A-1&tag=topinalambricos-21&linkCode=osi","TotalResultCount":903}},"115":{"SearchResult":{"Items":[{"ASIN":"B07F2D98GB","DetailPageURL":"https://www.amazon.es/dp/B07F2D98GB?tag=topinalambricos-21&linkCode=osi&th=1&psc=1","Images":{"Primary":{"Small":{"Height":75,"URL":"https://m.media-amazon.com/images/I/31Y2V4-6nIL._SL75_.jpg","Width":75}}},"ItemInfo":{"ByLineInfo":{"Brand":{"DisplayValue":"TOUS","Label":"Brand","Locale":"es_ES"},"Manufacturer":{"DisplayValue":"TOUS","Label":"Manufacturer","Locale":"es_ES"}},"Title":{"DisplayValue":"TOUS Gargantilla de Cuero para Mujer con Cierre en Plata de Primera Ley, 40 cm de Largo, Versátil y Clásica, Colección Chokers","Label":"Title","Locale":"es_ES"}},"Offers":{"Summaries":[{"Condition":{"Value":"New"},"LowestPrice":{"Amount":25.0,"Currency":"EUR","DisplayAmount":"25,00 €"}}]}},{"ASIN":"B01M8QI2VT","DetailPageURL":"https://www.amazon.es/dp/B01M8QI2VT?tag=topinalambricos-21&linkCode=osi&th=1&psc=1","Images":{"Primary":{"Small":{"Height":75,"URL":"https://m.media-amazon.com/images/I/31Ck-36RCIL._SL75_.jpg","Width":75}}},"ItemInfo":{"ByLineInfo":{"Brand":{"DisplayValue":"TOUS","Label":"Brand","Locale":"es_ES"},"Manufacturer":{"DisplayValue":"Joyeria TOUS","Label":"Manufacturer","Locale":"es_ES"}},"Title":{"DisplayValue":"TOUS Gargantilla de Cuero para Mujer con Cierre en Plata Vermeil de Primera Ley, 40 cm de Largo, Versátil y Clásica, Colección Chokers","Label":"Title","Locale":"es_ES"}},"Offers":{"Summaries":[{"Condition":{"Value":"New"},"LowestPrice":{"Amount":29.0,"Currency":"EUR","DisplayAmount":"29,00 €"}}]}},{"ASIN":"B09VDL96BF","DetailPageURL":"https://www.amazon.es/dp/B09VDL96BF?tag=topinalambricos-21&linkCode=osi&th=1&psc=1","Images":{"Primary":{"Small":{"Height":75,"URL":"https://m.media-amazon.com/images/I/31EW96fn-RL._SL75_.jpg","Width":75}}},"ItemInfo":{"ByLineInfo":{"Brand":{"DisplayValue":"COOLSTEELANDBEYOND","Label":"Brand","Locale":"es_ES"},"Manufacturer":{"DisplayValue":"COOLSTEELANDBEYOND","Label":"Manufacturer","Locale":"es_ES"}},"Title":{"DisplayValue":"COOLSTEELANDBEYOND Negro Multi-Hilo Cuero Cuerda Collar, Superficie Cepillada Grande Círculo Botón Encantado Colgante Vestir Fiesta","Label":"Title","Locale":"es_ES"}},"Offers":{"Summaries":[{"Condition":{"Value":"New"},"LowestPrice":{"Amount":21.99,"Currency":"EUR","DisplayAmount":"21,99 €"}}]}},{"ASIN":"B0B7GGWL9X","DetailPageURL":"https://www.amazon.es/dp/B0B7GGWL9X?tag=topinalambricos-21&linkCode=osi&th=1&psc=1","Images":{"Primary":{"Small":{"Height":75,"URL":"https://m.media-amazon.com/images/I/21tMW+dvKSL._SL75_.jpg","Width":56}}},"ItemInfo":{"ByLineInfo":{"Brand":{"DisplayValue":"Genérico","Label":"Brand","Locale":"es_ES"}},"Title":{"DisplayValue":"Collar de cuero negro de 2mm para mujer y hombre con Cierre de plata 925, collar genuino liso de cordón de cuero, cadenas de cuero (Collar L - 50cm)","Label":"Title","Locale":"es_ES"}},"Offers":{"Summaries":[{"Condition":{"Value":"New"},"LowestPrice":{"Amount":14.5,"Currency":"EUR","DisplayAmount":"14,50 €"}}]}},{"ASIN":"B0B5MZLWDS","DetailPageURL":"https://www.amazon.es/dp/B0B5MZLWDS?tag=topinalambricos-21&linkCode=osi&th=1&psc=1","Images":{"Primary":{"Small":{"Height":75,"URL":"https://m.media-amazon.com/images/I/51NRB98V5bL._SL75_.jpg","Width":75}}},"ItemInfo":{"ByLineInfo":{"Brand":{"DisplayValue":"MILACOLATO","Label":"Brand","Locale":"es_ES"},"Manufacturer":{"DisplayValue":"MILACOLATO","Label":"Manufacturer","Locale":"es_ES"}},"Title":{"DisplayValue":"MILACOLATO 8 Piezas Goth Gargantilla Collares para Mujer Hombre Punk Negro PU Cuero Collar Ajustable Amor Corazón O-Ring Cadena Vintage Gótico Collar Gargantilla Joyas Disfraces Halloween Accesorios","Label":"Title","Locale":"es_ES"}},"Offers":{"Summaries":[{"Condition":{"Value":"New"},"LowestPrice":{"Amount":11.99,"Currency":"EUR","DisplayAmount":"11,99 €"}}]}},{"ASIN":"B09VDBXZMK","DetailPageURL":"https://www.amazon.es/dp/B09VDBXZMK?tag=topinalambricos-21&linkCode=osi&th=1&psc=1","Images":{"Primary":{"Small":{"Height":65,"URL":"https://m.media-amazon.com/images/I/51wDKWygWaL._SL75_.jpg","Width":75}}},"ItemInfo":{"ByLineInfo":{"Brand":{"DisplayValue":"MILACOLATO","Label":"Brand","Locale":"es_ES"},"Manufacturer":{"DisplayValue":"MILACOLATO","Label":"Manufacturer","Locale":"es_ES"}},"Title":{"DisplayValue":"MILACOLATO 9 Uds Collar de Cuero Gargantilla para Mujer Punk Gótico Cuero Gargantilla Ajustable PU Cuero Goth Collar Halloween Disfraz Accesorio","Label":"Title","Locale":"es_ES"}},"Offers":{"Summaries":[{"Condition":{"Value":"New"},"LowestPrice":{"Amount":22.99,"Currency":"EUR","DisplayAmount":"22,99 €"}}]}},{"ASIN":"B07F2GC4TW","DetailPageURL":"https://www.amazon.es/dp/B07F2GC4TW?tag=topinalambricos-21&linkCode=osi&th=1&psc=1","Images":{"Primary":{"Small":{"Height":75,"URL":"https://m.media-amazon.com/images/I/31W9y0eBJ9L._SL75_.jpg","Width":75}}},"ItemInfo":{"ByLineInfo":{"Brand":{"DisplayValue":"TOUS","Label":"Brand","Locale":"es_ES"},"Manufacturer":{"DisplayValue":"TOUS","Label":"Manufacturer","Locale":"es_ES"}},"Title":{"DisplayValue":"TOUS Collar Gargantilla HOLD de mujer en Plata vermeil 18 kt y cuero marrón, Largo: 38 cm, Anilla 2 cm","Label":"Title","Locale":"es_ES"}},"Offers":{"Summaries":[{"Condition":{"Value":"New"},"LowestPrice":{"Amount":75.0,"Currency":"EUR","DisplayAmount":"75,00 €"}}]}},{"ASIN":"B09TW9PZKN","DetailPageURL":"https://www.amazon.es/dp/B09TW9PZKN?tag=topinalambricos-21&linkCode=osi&th=1&psc=1","Images":{"Primary":{"Small":{"Height":75,"URL":"https://m.media-amazon.com/images/I/41OEK0ZV8qL._SL75_.jpg","Width":68}}},"ItemInfo":{"ByLineInfo":{"Brand":{"DisplayValue":"JeweBella","Label":"Brand","Locale":"es_ES"},"Manufacturer":{"DisplayValue":"JeweBella","Label":"Manufacturer","Locale":"es_ES"}},"Title":{"DisplayValue":"JeweBella 6 Piezas Collar Gargantillas Negra con Colgante para Mujer Niña Conjunto de Gargantilla Collar Cuero Gotico Gargantilla Ajustable Luna Estrella Perla Mariposa Regalos de joyería Mujer","Label":"Title","Locale":"es_ES"}},"Offers":{"Summaries":[{"Condition":{"Value":"New"},"LowestPrice":{"Amount":14.99,"Currency":"EUR","DisplayAmount":"14,99 €"}}]}},{"ASIN":"B07SQBLN9B","DetailPageURL":"https://www.amazon.es/dp/B07SQBLN9B?tag=topinalambricos-21&linkCode=osi&th=1&psc=1","Images":{"Primary":{"Small":{"Height":45,"URL":"https://m.media-amazon.com/images/I/41CJH3cYcNL._SL75_.jpg","Width":75}}},"ItemInfo":{"ByLineInfo":{"Brand":{"DisplayValue":"Lola & Gala","Label":"Brand","Locale":"es_ES"},"Manufacturer":{"DisplayValue":"Yiwu Youtu Jewelry Co., Ltd","Label":"Manufacturer","Locale":"es_ES"}},"Title":{"DisplayValue":"Lote de 3 Cadenas de Cuero para Collar Hombre y Mujer - Cuero Genuino Liso con Doble Cierre Magnético y de Seguridad en Acero Inoxidable - Cordón Negro de 3 mm para Colgantes en 3 medidas diferentes","Label":"Title","Locale":"es_ES"}},"Offers":{"Summaries":[{"Condition":{"Value":"New"},"LowestPrice":{"Amount":17.2,"Currency":"EUR","DisplayAmount":"17,20 €"}}]}},{"ASIN":"B09CYTW6DG","DetailPageURL":"https://www.amazon.es/dp/B09CYTW6DG?tag=topinalambricos-21&linkCode=osi&th=1&psc=1","Images":{"Primary":{"Small":{"Height":75,"URL":"https://m.media-amazon.com/images/I/41dIyh+eAHL._SL75_.jpg","Width":75}}},"ItemInfo":{"ByLineInfo":{"Brand":{"DisplayValue":"JFAN","Label":"Brand","Locale":"es_ES"},"Manufacturer":{"DisplayValue":"JFAN","Label":"Manufacturer","Locale":"es_ES"}},"Title":{"DisplayValue":"JFAN Choker para Mujer Anime Accesorio Collar Cuero de Gotico Punk","Label":"Title","Locale":"es_ES"}},"Offers":{"Summaries":[{"Condition":{"Value":"New"},"LowestPrice":{"Amount":8.99,"Currency":"EUR","DisplayAmount":"8,99 €"}}]}}],"SearchURL":"https://www.amazon.es/s?k=cuero&rh=n%3A10440393031%2Cp_n_availability%3A-1&tag=topinalambricos-21&linkCode=osi","TotalResultCount":16490}},"116":{"SearchResult":{"Items":[{"ASIN":"B01M8QI2VT","DetailPageURL":"https://www.amazon.es/dp/B01M8QI2VT?tag=topinalambricos-21&linkCode=osi&th=1&psc=1","Images":{"Primary":{"Small":{"Height":75,"URL":"https://m.media-amazon.com/images/I/31Ck-36RCIL._SL75_.jpg","Width":75}}},"ItemInfo":{"ByLineInfo":{"Brand":{"DisplayValue":"TOUS","Label":"Brand","Locale":"es_ES"},"Manufacturer":{"DisplayValue":"Joyeria TOUS","Label":"Manufacturer","Locale":"es_ES"}},"Title":{"DisplayValue":"TOUS Gargantilla de Cuero para Mujer con Cierre en Plata Vermeil de Primera Ley, 40 cm de Largo, Versátil y Clásica, Colección Chokers","Label":"Title","Locale":"es_ES"}},"Offers":{"Summaries":[{"Condition":{"Value":"New"},"LowestPrice":{"Amount":29.0,"Currency":"EUR","DisplayAmount":"29,00 €"}}]}},{"ASIN":"B07F2D98GB","DetailPageURL":"https://www.amazon.es/dp/B07F2D98GB?tag=topinalambricos-21&linkCode=osi&th=1&psc=1","Images":{"Primary":{"Small":{"Height":75,"URL":"https://m.media-amazon.com/images/I/31Y2V4-6nIL._SL75_.jpg","Width":75}}},"ItemInfo":{"ByLineInfo":{"Brand":{"DisplayValue":"TOUS","Label":"Brand","Locale":"es_ES"},"Manufacturer":{"DisplayValue":"TOUS","Label":"Manufacturer","Locale":"es_ES"}},"Title":{"DisplayValue":"TOUS Gargantilla de Cuero para Mujer con Cierre en Plata de Primera Ley, 40 cm de Largo, Versátil y Clásica, Colección Chokers","Label":"Title","Locale":"es_ES"}},"Offers":{"Summaries":[{"Condition":{"Value":"New"},"LowestPrice":{"Amount":25.0,"Currency":"EUR","DisplayAmount":"25,00 €"}}]}},{"ASIN":"B01KB2TTR6","DetailPageURL":"https://www.amazon.es/dp/B01KB2TTR6?tag=topinalambricos-21&linkCode=osi&th=1&psc=1","Images":{"Primary":{"Small":{"Height":67,"URL":"https://m.media-amazon.com/images/I/31iIz35oOJL._SL75_.jpg","Width":75}}},"ItemInfo":{"ByLineInfo":{"Brand":{"DisplayValue":"TOUS","Label":"Brand","Locale":"es_ES"},"Manufacturer":{"DisplayValue":"TOUS","Label":"Manufacturer","Locale":"es_ES"}},"Title":{"DisplayValue":"TOUS Collar de Plata de Primera Ley y Colgante de Oso de Onix para Mujer, 45cm de Largo, Elegante y Original, Colección Icon Color","Label":"Title","Locale":"es_ES"}},"Offers":{"Summaries":[{"Condition":{"Value":"New"},"LowestPrice":{"Amount":65.0,"Currency":"EUR","DisplayAmount":"65,00 €"}}]}},{"ASIN":"B071H8G7KD","DetailPageURL":"https://www.amazon.es/dp/B071H8G7KD?tag=topinalambricos-21&linkCode=osi&th=1&psc=1","Images":{"Primary":{"Small":{"Height":75,"URL":"https://m.media-amazon.com/images/I/31ufqCcy74L._SL75_.jpg","Width":75}}},"ItemInfo":{"ByLineInfo":{"Brand":{"DisplayValue":"TOUS","Label":"Brand","Locale":"es_ES"},"Manufacturer":{"DisplayValue":"TOUS","Label":"Manufacturer","Locale":"es_ES"}},"Title":{"DisplayValue":"TOUS Gargantilla de Plata de Primera Ley para Mujer con Bolas, 40 cm de Largo, Clásica e Icónica, Colección Chain","Label":"Title","Locale":"es_ES"}},"Offers":{"Summaries":[{"Condition":{"Value":"New"},"LowestPrice":{"Amount":17.0,"Currency":"EUR","DisplayAmount":"17,00 €"}}]}},{"ASIN":"B0B5MZLWDS","DetailPageURL":"https://www.amazon.es/dp/B0B5MZLWDS?tag=topinalambricos-21&linkCode=osi&th=1&psc=1","Images":{"Primary":{"Small":{"Height":75,"URL":"https://m.media-amazon.com/images/I/51NRB98V5bL._SL75_.jpg","Width":75}}},"ItemInfo":{"ByLineInfo":{"Brand":{"DisplayValue":"MILACOLATO","Label":"Brand","Locale":"es_ES"},"Manufacturer":{"DisplayValue":"MILACOLATO","Label":"Manufacturer","Locale":"es_ES"}},"Title":{"DisplayValue":"MILACOLATO 8 Piezas Goth Gargantilla Collares para Mujer Hombre Punk Negro PU Cuero Collar Ajustable Amor Corazón O-Ring Cadena Vintage Gótico Collar Gargantilla Joyas Disfraces Halloween Accesorios","Label":"Title","Locale":"es_ES"}},"Offers":{"Summaries":[{"Condition":{"Value":"New"},"LowestPrice":{"Amount":11.99,"Currency":"EUR","DisplayAmount":"11,99 €"}}]}},{"ASIN":"B09TW9PZKN","DetailPageURL":"https://www.amazon.es/dp/B09TW9PZKN?tag=topinalambricos-21&linkCode=osi&th=1&psc=1","Images":{"Primary":{"Small":{"Height":75,"URL":"https://m.media-amazon.com/images/I/41OEK0ZV8qL._SL75_.jpg","Width":68}}},"ItemInfo":{"ByLineInfo":{"Brand":{"DisplayValue":"JeweBella","Label":"Brand","Locale":"es_ES"},"Manufacturer":{"DisplayValue":"JeweBella","Label":"Manufacturer","Locale":"es_ES"}},"Title":{"DisplayValue":"JeweBella 6 Piezas Collar Gargantillas Negra con Colgante para Mujer Niña Conjunto de Gargantilla Collar Cuero Gotico Gargantilla Ajustable Luna Estrella Perla Mariposa Regalos de joyería Mujer","Label":"Title","Locale":"es_ES"}},"Offers":{"Summaries":[{"Condition":{"Value":"New"},"LowestPrice":{"Amount":14.99,"Currency":"EUR","DisplayAmount":"14,99 €"}}]}},{"ASIN":"B09VDBXZMK","DetailPageURL":"https://www.amazon.es/dp/B09VDBXZMK?tag=topinalambricos-21&linkCode=osi&th=1&psc=1","Images":{"Primary":{"Small":{"Height":65,"URL":"https://m.media-amazon.com/images/I/51wDKWygWaL._SL75_.jpg","Width":75}}},"ItemInfo":{"ByLineInfo":{"Brand":{"DisplayValue":"MILACOLATO","Label":"Brand","Locale":"es_ES"},"Manufacturer":{"DisplayValue":"MILACOLATO","Label":"Manufacturer","Locale":"es_ES"}},"Title":{"DisplayValue":"MILACOLATO 9 Uds Collar de Cuero Gargantilla para Mujer Punk Gótico Cuero Gargantilla Ajustable PU Cuero Goth Collar Halloween Disfraz Accesorio","Label":"Title","Locale":"es_ES"}},"Offers":{"Summaries":[{"Condition":{"Value":"New"},"LowestPrice":{"Amount":22.99,"Currency":"EUR","DisplayAmount":"22,99 €"}}]}},{"ASIN":"B08PV1BGWS","DetailPageURL":"https://www.amazon.es/dp/B08PV1BGWS?tag=topinalambricos-21&linkCode=osi&th=1&psc=1","Images":{"Primary":{"Small":{"Height":75,"URL":"https://m.media-amazon.com/images/I/415GSLkffRL._SL75_.jpg","Width":75}}},"ItemInfo":{"ByLineInfo":{"Brand":{"DisplayValue":"Handcess","Label":"Brand","Locale":"es_ES"},"Manufacturer":{"DisplayValue":"Handcess","Label":"Manufacturer","Locale":"es_ES"}},"Title":{"DisplayValue":"Handcess Punk Collar en capas Gargantilla de barra de plata Collares de terciopelo negro Cadena para mujeres y niñas","Label":"Title","Locale":"es_ES"}},"Offers":{"Summaries":[{"Condition":{"Value":"New"},"LowestPrice":{"Amount":9.99,"Currency":"EUR","DisplayAmount":"9,99 €"}}]}},{"ASIN":"B07F2GC4TW","DetailPageURL":"https://www.amazon.es/dp/B07F2GC4TW?tag=topinalambricos-21&linkCode=osi&th=1&psc=1","Images":{"Primary":{"Small":{"Height":75,"URL":"https://m.media-amazon.com/images/I/31W9y0eBJ9L._SL75_.jpg","Width":75}}},"ItemInfo":{"ByLineInfo":{"Brand":{"DisplayValue":"TOUS","Label":"Brand","Locale":"es_ES"},"Manufacturer":{"DisplayValue":"TOUS","Label":"Manufacturer","Locale":"es_ES"}},"Title":{"DisplayValue":"TOUS Collar Gargantilla HOLD de mujer en Plata vermeil 18 kt y cuero marrón, Largo: 38 cm, Anilla 2 cm","Label":"Title","Locale":"es_ES"}},"Offers":{"Summaries":[{"Condition":{"Value":"New"},"LowestPrice":{"Amount":75.0,"Currency":"EUR","DisplayAmount":"75,00 €"}}]}},{"ASIN":"B0B4G4WK42","DetailPageURL":"https://www.amazon.es/dp/B0B4G4WK42?tag=topinalambricos-21&linkCode=osi&th=1&psc=1","Images":{"Primary":{"Small":{"Height":75,"URL":"https://m.media-amazon.com/images/I/41QlMa0UUWL._SL75_.jpg","Width":75}}},"ItemInfo":{"ByLineInfo":{"Brand":{"DisplayValue":"CASSIECA","Label":"Brand","Locale":"es_ES"},"Manufacturer":{"DisplayValue":"CASSIECA","Label":"Manufacturer","Locale":"es_ES"}},"Title":{"DisplayValue":"CASSIECA 6 Pcs Gargantilla De Cuero Ajustable para Mujer Turquesa Mariposa Hamsa Pluma Tortuga Gargantilla Punk PU Collar Gótico Vintage Collar Joyería Bohemia Regalos para Mujer","Label":"Title","Locale":"es_ES"}},"Offers":{"Summaries":[{"Condition":{"Value":"New"},"LowestPrice":{"Amount":11.99,"Currency":"EUR","DisplayAmount":"11,99 €"}}]}}],"SearchURL":"https://www.amazon.es/s?k=gargantilla+cuero&rh=n%3A10440393031%2Cp_n_availability%3A-1&tag=topinalambricos-21&linkCode=osi","TotalResultCount":52532}},"117":{"SearchResult":{"Items":[{"ASIN":"B09FK5814G","DetailPageURL":"https://www.amazon.es/dp/B09FK5814G?tag=topinalambricos-21&linkCode=osi&th=1&psc=1","Images":{"Primary":{"Small":{"Height":62,"URL":"https://m.media-amazon.com/images/I/41ZcNlWb5YL._SL75_.jpg","Width":75}}},"ItemInfo":{"ByLineInfo":{"Brand":{"DisplayValue":"YOJAN PIEL","Label":"Brand","Locale":"es_ES"},"Manufacturer":{"DisplayValue":"YOJAN PIEL","Label":"Manufacturer","Locale":"es_ES"}},"Title":{"DisplayValue":"Collar Cuero Perro | Bandera España | Collar Mascotas | Collar Piel (Contorno Cuello DE 32 A 42 CMS., Negro ESPAÑA Centro)","Label":"Title","Locale":"es_ES"}},"Offers":{"Summaries":[{"Condition":{"Value":"New"},"LowestPrice":{"Amount":11.95,"Currency":"EUR","DisplayAmount":"11,95 €"}}]}},{"ASIN":"B01G7G3NFE","DetailPageURL":"https://www.amazon.es/dp/B01G7G3NFE?tag=topinalambricos-21&linkCode=osi&th=1&psc=1","Images":{"Primary":{"Small":{"Height":75,"URL":"https://m.media-amazon.com/images/I/41uwkddSVGL._SL75_.jpg","Width":75}}},"ItemInfo":{"ByLineInfo":{"Brand":{"DisplayValue":"Arppe","Label":"Brand","Locale":"es_ES"},"Manufacturer":{"DisplayValue":"Creaciones Arppe","Label":"Manufacturer","Locale":"es_ES"}},"Title":{"DisplayValue":"Arppe 2154014511 Collar Galgo Cuero Superfelt, Negro y Morado","Label":"Title","Locale":"es_ES"}},"Offers":{"Summaries":[{"Condition":{"Value":"Used"},"LowestPrice":{"Amount":16.24,"Currency":"EUR","DisplayAmount":"16,24 €"}},{"Condition":{"Value":"New"},"LowestPrice":{"Amount":13.05,"Currency":"EUR","DisplayAmount":"13,05 €"}}]}},{"ASIN":"B085NLWPY6","DetailPageURL":"https://www.amazon.es/dp/B085NLWPY6?tag=topinalambricos-21&linkCode=osi&th=1&psc=1","Images":{"Primary":{"Small":{"Height":75,"URL":"https://m.media-amazon.com/images/I/51QoMOBZSRL._SL75_.jpg","Width":75}}},"ItemInfo":{"ByLineInfo":{"Brand":{"DisplayValue":"Didog","Label":"Brand","Locale":"es_ES"},"Manufacturer":{"DisplayValue":"Didog","Label":"Manufacturer","Locale":"es_ES"}},"Title":{"DisplayValue":"Didog - Collares para Perro de Piel auténtica con Placa de Nombre grabada, Collar de Perro de Cuero Suave Personalizado con Etiqueta de identificación Personalizada","Label":"Title","Locale":"es_ES"}},"Offers":{"Summaries":[{"Condition":{"Value":"New"},"LowestPrice":{"Amount":24.99,"Currency":"EUR","DisplayAmount":"24,99 €"}}]}},{"ASIN":"B07JZ595DX","DetailPageURL":"https://www.amazon.es/dp/B07JZ595DX?tag=topinalambricos-21&linkCode=osi&th=1&psc=1","Images":{"Primary":{"Small":{"Height":75,"URL":"https://m.media-amazon.com/images/I/31sB8ffYJVS._SL75_.jpg","Width":67}}},"ItemInfo":{"ByLineInfo":{"Brand":{"DisplayValue":"Jack & Russell","Label":"Brand","Locale":"es_ES"},"Manufacturer":{"DisplayValue":"Jack & Russell","Label":"Manufacturer","Locale":"es_ES"}},"Title":{"DisplayValue":"Jack & Russell Collar de Perro de Cuero de Primera Calidad Hendrix - Original Collar de Perro de Cuero con el Sello en Relieve - Cuero de búfalo marrón Oscuro (M)","Label":"Title","Locale":"es_ES"}},"Offers":{"Summaries":[{"Condition":{"Value":"New"},"LowestPrice":{"Amount":17.27,"Currency":"EUR","DisplayAmount":"17,27 €"}}]}},{"ASIN":"B0919QXRFS","DetailPageURL":"https://www.amazon.es/dp/B0919QXRFS?tag=topinalambricos-21&linkCode=osi&th=1&psc=1","Images":{"Primary":{"Small":{"Height":75,"URL":"https://m.media-amazon.com/images/I/41hAMn+4lUL._SL75_.jpg","Width":75}}},"ItemInfo":{"ByLineInfo":{"Brand":{"DisplayValue":"Roiz","Label":"Brand","Locale":"es_ES"},"Manufacturer":{"DisplayValue":"Roiz","Label":"Manufacturer","Locale":"es_ES"}},"Title":{"DisplayValue":"Collar de Cuero Ajustable HăᶇdcuḞḟŠ detrás de la Espalda para Regalos de Pareja","Label":"Title","Locale":"es_ES"}},"Offers":{"Summaries":[{"Condition":{"Value":"New"},"LowestPrice":{"Amount":32.99,"Currency":"EUR","DisplayAmount":"32,99 € (32,99 € / unidad)","PricePerUnit":32.99}}]}},{"ASIN":"B07D74XZ1C","DetailPageURL":"https://www.amazon.es/dp/B07D74XZ1C?tag=topinalambricos-21&linkCode=osi&th=1&psc=1","Images":{"Primary":{"Small":{"Height":75,"URL":"https://m.media-amazon.com/images/I/41EcggbMRGS._SL75_.jpg","Width":75}}},"ItemInfo":{"ByLineInfo":{"Brand":{"DisplayValue":"Grand Line","Label":"Brand","Locale":"es_ES"},"Manufacturer":{"DisplayValue":"Fitam","Label":"Manufacturer","Locale":"es_ES"}},"Title":{"DisplayValue":"Grand Line Collar de Perro de Cuero, Collare Ancho y Grueso con Suave Acolchado，Collare de Perro en Piel Ajustables Resistentes para Perros Pequeños, Medianos, Grandes (Marrón, S)","Label":"Title","Locale":"es_ES"}},"Offers":{"Summaries":[{"Condition":{"Value":"New"},"LowestPrice":{"Amount":16.99,"Currency":"EUR","DisplayAmount":"16,99 €"}}]}},{"ASIN":"B08Y6QQ5MZ","DetailPageURL":"https://www.amazon.es/dp/B08Y6QQ5MZ?tag=topinalambricos-21&linkCode=osi&th=1&psc=1","Images":{"Primary":{"Small":{"Height":75,"URL":"https://m.media-amazon.com/images/I/4143oUNDD4L._SL75_.jpg","Width":75}}},"ItemInfo":{"ByLineInfo":{"Brand":{"DisplayValue":"HEELE","Label":"Brand","Locale":"es_ES"},"Manufacturer":{"DisplayValue":"HEELE","Label":"Manufacturer","Locale":"es_ES"}},"Title":{"DisplayValue":"HEELE Collar Perro, Collar de Perro Acolchado de Cuero, Tacto Suave de Piel Auténtica, Ajustable, Perros Pequeños, Medianos, Marrón, S","Label":"Title","Locale":"es_ES"}},"Offers":{"Summaries":[{"Condition":{"Value":"New"},"LowestPrice":{"Amount":11.99,"Currency":"EUR","DisplayAmount":"11,99 €"}}]}},{"ASIN":"B0B3713494","DetailPageURL":"https://www.amazon.es/dp/B0B3713494?tag=topinalambricos-21&linkCode=osi&th=1&psc=1","Images":{"Primary":{"Small":{"Height":75,"URL":"https://m.media-amazon.com/images/I/41UOaq7YMvL._SL75_.jpg","Width":75}}},"ItemInfo":{"ByLineInfo":{"Brand":{"DisplayValue":"WowwCollars","Label":"Brand","Locale":"es_ES"},"Manufacturer":{"DisplayValue":"WowwCollars","Label":"Manufacturer","Locale":"es_ES"}},"Title":{"DisplayValue":"Collar de Cuero de Cuero Genuino Collares de Perro de Servicio Pesado Fuertes Ajustables para Perros de Raza pequeños, medianos y Grandes (Rojo) (S)","Label":"Title","Locale":"es_ES"}},"Offers":{"Summaries":[{"Condition":{"Value":"New"},"LowestPrice":{"Amount":18.99,"Currency":"EUR","DisplayAmount":"18,99 €"}}]}},{"ASIN":"B09BDB5R1L","DetailPageURL":"https://www.amazon.es/dp/B09BDB5R1L?tag=topinalambricos-21&linkCode=osi&th=1&psc=1","Images":{"Primary":{"Small":{"Height":75,"URL":"https://m.media-amazon.com/images/I/41JnuxE46FL._SL75_.jpg","Width":75}}},"ItemInfo":{"ByLineInfo":{"Brand":{"DisplayValue":"Yiwong","Label":"Brand","Locale":"es_ES"},"Manufacturer":{"DisplayValue":"Yiwong","Label":"Manufacturer","Locale":"es_ES"}},"Title":{"DisplayValue":"Yiwong Collar de Cuero para Perro con Púas, Collar para Perro con Remache de Clavo de Bala, Collar para Perro de Piel con Tachuelas, para tamaño Mediano, Pitbull, Bulldog inglés","Label":"Title","Locale":"es_ES"}},"Offers":{"Summaries":[{"Condition":{"Value":"New"},"LowestPrice":{"Amount":17.99,"Currency":"EUR","DisplayAmount":"17,99 €"}}]}},{"ASIN":"B01G7G5SHA","DetailPageURL":"https://www.amazon.es/dp/B01G7G5SHA?tag=topinalambricos-21&linkCode=osi&th=1&psc=1","Images":{"Primary":{"Small":{"Height":75,"URL":"https://m.media-amazon.com/images/I/41SRUoRhnrS._SL75_.jpg","Width":75}}},"ItemInfo":{"ByLineInfo":{"Brand":{"DisplayValue":"Arppe","Label":"Brand","Locale":"es_ES"},"Manufacturer":{"DisplayValue":"Creaciones Arppe","Label":"Manufacturer","Locale":"es_ES"}},"Title":{"DisplayValue":"Arppe 1948015517 Collar Cuero Superfelt Choppers, Negro y Purpura","Label":"Title","Locale":"es_ES"}},"Offers":{"Summaries":[{"Condition":{"Value":"New"},"LowestPrice":{"Amount":13.67,"Currency":"EUR","DisplayAmount":"13,67 €"}}]}}],"SearchURL":"https://www.amazon.es/s?k=cuero&rh=n%3A13442193031%2Cp_n_availability%3A-1&tag=topinalambricos-21&linkCode=osi","TotalResultCount":2449}},"119":{"SearchResult":{"Items":[{"ASIN":"B07WX81X8B","DetailPageURL":"https://www.amazon.es/dp/B07WX81X8B?tag=topinalambricos-21&linkCode=osi&th=1&psc=1","Images":{"Primary":{"Small":{"Height":75,"URL":"https://m.media-amazon.com/images/I/41eje0HCHlL._SL75_.jpg","Width":75}}},"ItemInfo":{"ByLineInfo":{"Brand":{"DisplayValue":"Wohlstand","Label":"Brand","Locale":"es_ES"},"Manufacturer":{"DisplayValue":"Wohlstand","Label":"Manufacturer","Locale":"es_ES"}},"Title":{"DisplayValue":"Wohlstand 10 Cierre de mosquetón con Dos terminales de Acero Inoxidable para cordón de Cuero Encerado Pulsera Colgante Lobster Clasp Collar o Pulsera, 3 mm","Label":"Title","Locale":"es_ES"}},"Offers":{"Summaries":[{"Condition":{"Value":"New"},"LowestPrice":{"Amount":9.39,"Currency":"EUR","DisplayAmount":"9,39 €"}}]}},{"ASIN":"B089M9QWYY","DetailPageURL":"https://www.amazon.es/dp/B089M9QWYY?tag=topinalambricos-21&linkCode=osi&th=1&psc=1","Images":{"Primary":{"Small":{"Height":75,"URL":"https://m.media-amazon.com/images/I/31zm+atcN4L._SL75_.jpg","Width":75}}},"ItemInfo":{"ByLineInfo":{"Brand":{"DisplayValue":"Harilla","Label":"Brand","Locale":"es_ES"},"Manufacturer":{"DisplayValue":"Harilla","Label":"Manufacturer","Locale":"es_ES"}},"Title":{"DisplayValue":"Gargantilla de con Cordón de Material Cuero Negro de 2x3 Mm","Label":"Title","Locale":"es_ES"}},"Offers":{"Summaries":[{"Condition":{"Value":"New"},"LowestPrice":{"Amount":10.29,"Currency":"EUR","DisplayAmount":"10,29 €"}}]}},{"ASIN":"B010UIT03E","DetailPageURL":"https://www.amazon.es/dp/B010UIT03E?tag=topinalambricos-21&linkCode=osi&th=1&psc=1","Images":{"Primary":{"Small":{"Height":75,"URL":"https://m.media-amazon.com/images/I/51GqfNrNbhL._SL75_.jpg","Width":75}}},"ItemInfo":{"ByLineInfo":{"Brand":{"DisplayValue":"skyllc","Label":"Brand","Locale":"es_ES"},"Manufacturer":{"DisplayValue":"Skyllc","Label":"Manufacturer","Locale":"es_ES"}},"Title":{"DisplayValue":"skyllc® 10 X Cuero Negro Cordón Colgante, Collar de Cadena + Corchete","Label":"Title","Locale":"es_ES"}},"Offers":{"Summaries":[{"Condition":{"Value":"New"},"LowestPrice":{"Amount":8.05,"Currency":"EUR","DisplayAmount":"8,05 €"}}]}},{"ASIN":"B07FFMCZFH","DetailPageURL":"https://www.amazon.es/dp/B07FFMCZFH?tag=topinalambricos-21&linkCode=osi&th=1&psc=1","Images":{"Primary":{"Small":{"Height":75,"URL":"https://m.media-amazon.com/images/I/41ThUu-pbWL._SL75_.jpg","Width":75}}},"ItemInfo":{"ByLineInfo":{"Brand":{"DisplayValue":"PH PandaHall","Label":"Brand","Locale":"es_ES"},"Manufacturer":{"DisplayValue":"PH PandaHall","Label":"Manufacturer","Locale":"es_ES"}},"Title":{"DisplayValue":"PandaHall Elite Fabricación de Collar de Bricolaje, con Colgantes de Jaula de Alambre de Hierro, Cadena de Cordón de Cuero de Imitación, Plata, 15x14 mm, Agujero: 5 mm","Label":"Title","Locale":"es_ES"}},"Offers":{"Summaries":[{"Condition":{"Value":"New"},"LowestPrice":{"Amount":11.69,"Currency":"EUR","DisplayAmount":"11,69 €"}}]}},{"ASIN":"B096ZW8T34","DetailPageURL":"https://www.amazon.es/dp/B096ZW8T34?tag=topinalambricos-21&linkCode=osi&th=1&psc=1","Images":{"Primary":{"Small":{"Height":75,"URL":"https://m.media-amazon.com/images/I/41Ri0aIfXyS._SL75_.jpg","Width":75}}},"ItemInfo":{"ByLineInfo":{"Brand":{"DisplayValue":"CeFoney","Label":"Brand","Locale":"es_ES"},"Manufacturer":{"DisplayValue":"CeFoney","Label":"Manufacturer","Locale":"es_ES"}},"Title":{"DisplayValue":"CeFoney Collar de cuero de estilo retro con cordón colgante de aleación de película collar colgante estilo retro anillos ajustables colgantes cordón cadena collar para amigos regalo","Label":"Title","Locale":"es_ES"}},"Offers":{"Summaries":[{"Condition":{"Value":"New"},"LowestPrice":{"Amount":7.88,"Currency":"EUR","DisplayAmount":"7,88 €"}}]}},{"ASIN":"B07BLWMNY6","DetailPageURL":"https://www.amazon.es/dp/B07BLWMNY6?tag=topinalambricos-21&linkCode=osi&th=1&psc=1","Images":{"Primary":{"Small":{"Height":75,"URL":"https://m.media-amazon.com/images/I/61IzJ6mjYgL._SL75_.jpg","Width":75}}},"ItemInfo":{"ByLineInfo":{"Brand":{"DisplayValue":"AONER","Label":"Brand","Locale":"es_ES"}},"Title":{"DisplayValue":"AONER 100pcs 49cm Cuerda Cordones de Collar Ajustable Negro Collar de Cadena Colgante + Broche de Langosta para Bricolaje Collares Pulsera (100pcs Negros)","Label":"Title","Locale":"es_ES"}},"Offers":{"Summaries":[{"Condition":{"Value":"New"},"LowestPrice":{"Amount":16.99,"Currency":"EUR","DisplayAmount":"16,99 €"}}]}},{"ASIN":"B0829W1XTC","DetailPageURL":"https://www.amazon.es/dp/B0829W1XTC?tag=topinalambricos-21&linkCode=osi&th=1&psc=1","Images":{"Primary":{"Small":{"Height":75,"URL":"https://m.media-amazon.com/images/I/51SjiHkZB+L._SL75_.jpg","Width":75}}},"ItemInfo":{"ByLineInfo":{"Manufacturer":{"DisplayValue":"Xiuyer","Label":"Manufacturer","Locale":"es_ES"}},"Title":{"DisplayValue":"Collar de Cordón Cera,Xiuyer 50 Piezas 2mm Negro Collares de Cuero de imitación de Cuerda Encerada Trenzado con Cadena de Extensión y Broche de Langosta para Bricolaje Pulsera Joyería","Label":"Title","Locale":"es_ES"}},"Offers":{"Summaries":[{"Condition":{"Value":"New"},"LowestPrice":{"Amount":14.99,"Currency":"EUR","DisplayAmount":"14,99 € (0,30 € / unidad)","PricePerUnit":0.3}}]}},{"ASIN":"B08X4G2NQ7","DetailPageURL":"https://www.amazon.es/dp/B08X4G2NQ7?tag=topinalambricos-21&linkCode=osi&th=1&psc=1","Images":{"Primary":{"Small":{"Height":75,"URL":"https://m.media-amazon.com/images/I/51IpZ7BYhrL._SL75_.jpg","Width":75}}},"ItemInfo":{"ByLineInfo":{"Brand":{"DisplayValue":"Cheriswelry","Label":"Brand","Locale":"es_ES"},"Manufacturer":{"DisplayValue":"Cheriswelry","Label":"Manufacturer","Locale":"es_ES"}},"Title":{"DisplayValue":"Cheriswelry - 128 piezas de cordón de cuero de aleación tibetana, extremos de cordón, cuentas, tapas de cordón de tubo, cierres de bucle de columna para pegar en borlas, hacer joyas (4 colores)","Label":"Title","Locale":"es_ES"}},"Offers":{"Summaries":[{"Condition":{"Value":"New"},"LowestPrice":{"Amount":19.98,"Currency":"EUR","DisplayAmount":"19,98 €"}}]}},{"ASIN":"B08QRMGH1J","DetailPageURL":"https://www.amazon.es/dp/B08QRMGH1J?tag=topinalambricos-21&linkCode=osi&th=1&psc=1","Images":{"Primary":{"Small":{"Height":75,"URL":"https://m.media-amazon.com/images/I/51+YTmO3sDL._SL75_.jpg","Width":75}}},"ItemInfo":{"ByLineInfo":{"Brand":{"DisplayValue":"BronaGrand","Label":"Brand","Locale":"es_ES"},"Manufacturer":{"DisplayValue":"BronaGrand","Label":"Manufacturer","Locale":"es_ES"}},"Title":{"DisplayValue":"Colgantes de pegamento en fianzas, 150 piezas tibetanas redondas de aleación con pegamento plano, cabujón, joyas, accesorios para collares, pulseras, pendientes, 18 x 10 mm, dorado, plateado, bronce","Label":"Title","Locale":"es_ES"}},"Offers":{"Summaries":[{"Condition":{"Value":"New"},"LowestPrice":{"Amount":9.86,"Currency":"EUR","DisplayAmount":"9,86 €"}}]}},{"ASIN":"B073DT6JZP","DetailPageURL":"https://www.amazon.es/dp/B073DT6JZP?tag=topinalambricos-21&linkCode=osi&th=1&psc=1","Images":{"Primary":{"Small":{"Height":75,"URL":"https://m.media-amazon.com/images/I/61Zo9Yc2+nL._SL75_.jpg","Width":75}}},"ItemInfo":{"ByLineInfo":{"Brand":{"DisplayValue":"AONER","Label":"Brand","Locale":"es_ES"}},"Title":{"DisplayValue":"100pcs 49cm Cuerda Cordones de Collar Ajustable Negro Blanco Collar de Cadena Colgante + Broche de Langosta para Bricolaje Collares Pulsera (50pcs blancos+50pcs negros)","Label":"Title","Locale":"es_ES"}},"Offers":{"Summaries":[{"Condition":{"Value":"New"},"LowestPrice":{"Amount":13.99,"Currency":"EUR","DisplayAmount":"13,99 €"}}]}}],"SearchURL":"https://www.amazon.es/s?k=cordones+colgantes+cuero&rh=n%3A4358140031%2Cp_n_availability%3A-1&tag=topinalambricos-21&linkCode=osi","TotalResultCount":115}},"120":{"SearchResult":{"Items":[{"ASIN":"B07VRNBHX5","DetailPageURL":"https://www.amazon.es/dp/B07VRNBHX5?tag=topinalambricos-21&linkCode=osi&th=1&psc=1","Images":{"Primary":{"Small":{"Height":75,"URL":"https://m.media-amazon.com/images/I/51S0b8Jwj7L._SL75_.jpg","Width":75}}},"ItemInfo":{"ByLineInfo":{"Brand":{"DisplayValue":"Artibetter","Label":"Brand","Locale":"es_ES"},"Manufacturer":{"DisplayValue":"Artibetter","Label":"Manufacturer","Locale":"es_ES"}},"Title":{"DisplayValue":"Artibetter Terminales del cordón de los casquillos de extremo del barril 100pcs para la fabricación de la joyería del cordón de cuero","Label":"Title","Locale":"es_ES"}},"Offers":{"Summaries":[{"Condition":{"Value":"New"},"LowestPrice":{"Amount":11.0,"Currency":"EUR","DisplayAmount":"11,00 €"}}]}}],"SearchURL":"https://www.amazon.es/s?k=cordones+tiras+pulseras+cuero&rh=n%3A4358140031%2Cp_n_availability%3A-1&tag=topinalambricos-21&linkCode=osi","TotalResultCount":1}},"121":{"SearchResult":{"Items":[{"ASIN":"B088WR5K58","DetailPageURL":"https://www.amazon.es/dp/B088WR5K58?tag=topinalambricos-21&linkCode=osi&th=1&psc=1","Images":{"Primary":{"Small":{"Height":75,"URL":"https://m.media-amazon.com/images/I/31TCQ44Og-L._SL75_.jpg","Width":75}}},"ItemInfo":{"ByLineInfo":{"Brand":{"DisplayValue":"Nobrand","Label":"Brand","Locale":"es_ES"},"Manufacturer":{"DisplayValue":"Nobrand","Label":"Manufacturer","Locale":"es_ES"}},"Title":{"DisplayValue":"Cortador de cinturón Tira y correa de cuero Cortador de cinturón de cuero Cortar a mano DIY Craft Tool Leathercraft Accesorios","Label":"Title","Locale":"es_ES"}},"Offers":{"Summaries":[{"Condition":{"Value":"New"},"LowestPrice":{"Amount":26.79,"Currency":"EUR","DisplayAmount":"26,79 €"}}]}},{"ASIN":"B0B1CTTH16","DetailPageURL":"https://www.amazon.es/dp/B0B1CTTH16?tag=topinalambricos-21&linkCode=osi&th=1&psc=1","Images":{"Primary":{"Small":{"Height":75,"URL":"https://m.media-amazon.com/images/I/51snrdi1jfL._SL75_.jpg","Width":75}}},"ItemInfo":{"ByLineInfo":{"Brand":{"DisplayValue":"GORGECRAFT","Label":"Brand","Locale":"es_ES"},"Manufacturer":{"DisplayValue":"GORGECRAFT","Label":"Manufacturer","Locale":"es_ES"}},"Title":{"DisplayValue":"GORGECRAFT Tira de Correa de Cuero Marrón Oscuro de 1 pulgada de Ancho Y 79 pulgadas de Largo Tiras de Cinturón de Cuero Envoltura de Un Solo Lado Cordón Plano para Bricolaje Proyectos de Manualidades","Label":"Title","Locale":"es_ES"}},"Offers":{"Summaries":[{"Condition":{"Value":"New"},"LowestPrice":{"Amount":12.69,"Currency":"EUR","DisplayAmount":"12,69 €"}}]}},{"ASIN":"B09V7G6XX3","DetailPageURL":"https://www.amazon.es/dp/B09V7G6XX3?tag=topinalambricos-21&linkCode=osi&th=1&psc=1","Images":{"Primary":{"Small":{"Height":75,"URL":"https://m.media-amazon.com/images/I/51sjkzyqC7L._SL75_.jpg","Width":75}}},"ItemInfo":{"ByLineInfo":{"Brand":{"DisplayValue":"WADORN","Label":"Brand","Locale":"es_ES"},"Manufacturer":{"DisplayValue":"WADORN","Label":"Manufacturer","Locale":"es_ES"}},"Title":{"DisplayValue":"WADORN Correa de Cuero para Bolsa, Tiras de Cinturón de Cuero de 300 cm de Largo Y 2 cm de Ancho, Cinturones Hechos A Mano de Cuero con Remaches para Cuero Proyectos Artesanales de Bricolaje, Marrón","Label":"Title","Locale":"es_ES"}},"Offers":{"Summaries":[{"Condition":{"Value":"New"},"LowestPrice":{"Amount":14.99,"Currency":"EUR","DisplayAmount":"14,99 €"}}]}},{"ASIN":"B0B1CV8Z7M","DetailPageURL":"https://www.amazon.es/dp/B0B1CV8Z7M?tag=topinalambricos-21&linkCode=osi&th=1&psc=1","Images":{"Primary":{"Small":{"Height":75,"URL":"https://m.media-amazon.com/images/I/514pPDfFdtL._SL75_.jpg","Width":75}}},"ItemInfo":{"ByLineInfo":{"Brand":{"DisplayValue":"GORGECRAFT","Label":"Brand","Locale":"es_ES"},"Manufacturer":{"DisplayValue":"GORGECRAFT","Label":"Manufacturer","Locale":"es_ES"}},"Title":{"DisplayValue":"GORGECRAFT Correa de Cuero Marrón de 2 Pulgada de Ancho Y 79 Pulgadas de Largo Patrón de Lichi Tiras de Cinturón de Cuero Envoltura Cordón Plano de Un Solo Lado para Manualidades Proyectos","Label":"Title","Locale":"es_ES"}},"Offers":{"Summaries":[{"Condition":{"Value":"New"},"LowestPrice":{"Amount":15.19,"Currency":"EUR","DisplayAmount":"15,19 €"}}]}},{"ASIN":"B09VSHWB3G","DetailPageURL":"https://www.amazon.es/dp/B09VSHWB3G?tag=topinalambricos-21&linkCode=osi&th=1&psc=1","Images":{"Primary":{"Small":{"Height":75,"URL":"https://m.media-amazon.com/images/I/51Q-a96dsOL._SL75_.jpg","Width":75}}},"ItemInfo":{"ByLineInfo":{"Brand":{"DisplayValue":"WADORN","Label":"Brand","Locale":"es_ES"},"Manufacturer":{"DisplayValue":"WADORN","Label":"Manufacturer","Locale":"es_ES"}},"Title":{"DisplayValue":"WADORN Correa de Piel, Tiras de Cinturón de Cuero de 300 cm de Largo Y 2cm de Ancho para Collares de Mascotas Cuerdas de Tracción Correas de Reloj de Cuero Proyectos Artesanales de Bricolaje, Marrón","Label":"Title","Locale":"es_ES"}},"Offers":{"Summaries":[{"Condition":{"Value":"New"},"LowestPrice":{"Amount":16.09,"Currency":"EUR","DisplayAmount":"16,09 €"}}]}},{"ASIN":"B0B1CWCFP2","DetailPageURL":"https://www.amazon.es/dp/B0B1CWCFP2?tag=topinalambricos-21&linkCode=osi&th=1&psc=1","Images":{"Primary":{"Small":{"Height":75,"URL":"https://m.media-amazon.com/images/I/51CpVGElCUL._SL75_.jpg","Width":75}}},"ItemInfo":{"ByLineInfo":{"Brand":{"DisplayValue":"GORGECRAFT","Label":"Brand","Locale":"es_ES"},"Manufacturer":{"DisplayValue":"GORGECRAFT","Label":"Manufacturer","Locale":"es_ES"}},"Title":{"DisplayValue":"GORGECRAFT Tira de Correa de Cuero Marrón de 1/2 Pulgada de Ancho Y 79 Pulgadas de Largo Tiras de Cinturón de Cuero Envoltura de Cordón Plano de Un Solo Lado para Proyectos de Manualidades Bricolaje","Label":"Title","Locale":"es_ES"}},"Offers":{"Summaries":[{"Condition":{"Value":"New"},"LowestPrice":{"Amount":9.89,"Currency":"EUR","DisplayAmount":"9,89 €"}}]}},{"ASIN":"B0B1CW9YHQ","DetailPageURL":"https://www.amazon.es/dp/B0B1CW9YHQ?tag=topinalambricos-21&linkCode=osi&th=1&psc=1","Images":{"Primary":{"Small":{"Height":75,"URL":"https://m.media-amazon.com/images/I/51+kq0Kk4hL._SL75_.jpg","Width":75}}},"ItemInfo":{"ByLineInfo":{"Brand":{"DisplayValue":"GORGECRAFT","Label":"Brand","Locale":"es_ES"},"Manufacturer":{"DisplayValue":"GORGECRAFT","Label":"Manufacturer","Locale":"es_ES"}},"Title":{"DisplayValue":"GORGECRAFT Tira de Correa de Cuero Negro de 1.5 Pulgada de Ancho Y 79 Pulgadas de Largo Patrón de Lichi Tiras de Cinturón de Cuero Envoltura Cordón Plano de Un Solo Lado para Bricolaje Proyectos","Label":"Title","Locale":"es_ES"}},"Offers":{"Summaries":[{"Condition":{"Value":"New"},"LowestPrice":{"Amount":13.79,"Currency":"EUR","DisplayAmount":"13,79 €"}}]}},{"ASIN":"B07YZFNRSC","DetailPageURL":"https://www.amazon.es/dp/B07YZFNRSC?tag=topinalambricos-21&linkCode=osi&th=1&psc=1","Images":{"Primary":{"Small":{"Height":75,"URL":"https://m.media-amazon.com/images/I/41qE3bJDhbL._SL75_.jpg","Width":75}}},"ItemInfo":{"ByLineInfo":{"Brand":{"DisplayValue":"Hztyyier","Label":"Brand","Locale":"es_ES"}},"Title":{"DisplayValue":"Cortador de correa de cuero de bricolaje Leathercraft Cordón Cordón de encaje Fabricante de tiras Cortador de alambre de corte giratorio para cinturón de tiras cortador de tiras para cuero","Label":"Title","Locale":"es_ES"}},"Offers":{"Summaries":[{"Condition":{"Value":"New"},"LowestPrice":{"Amount":17.59,"Currency":"EUR","DisplayAmount":"17,59 €"}}]}},{"ASIN":"B0993D2DHR","DetailPageURL":"https://www.amazon.es/dp/B0993D2DHR?tag=topinalambricos-21&linkCode=osi&th=1&psc=1","Images":{"Primary":{"Small":{"Height":75,"URL":"https://m.media-amazon.com/images/I/51JmiMsOmES._SL75_.jpg","Width":75}}},"ItemInfo":{"ByLineInfo":{"Brand":{"DisplayValue":"GORGECRAFT","Label":"Brand","Locale":"es_ES"},"Manufacturer":{"DisplayValue":"GORGECRAFT","Label":"Manufacturer","Locale":"es_ES"}},"Title":{"DisplayValue":"GORGECRAFT Tiras de Correas de Cuero de 2 Pulgada de Ancho Cordón Plano para Bricolaje Correa de Cuero de 78 Pulgadas de Largo para Hacer Correa de Bolso Cinturón de Cuero Asas de Muebles Negro","Label":"Title","Locale":"es_ES"}},"Offers":{"Summaries":[{"Condition":{"Value":"New"},"LowestPrice":{"Amount":13.29,"Currency":"EUR","DisplayAmount":"13,29 €"}}]}},{"ASIN":"B09DXXGSGB","DetailPageURL":"https://www.amazon.es/dp/B09DXXGSGB?tag=topinalambricos-21&linkCode=osi&th=1&psc=1","Images":{"Primary":{"Small":{"Height":75,"URL":"https://m.media-amazon.com/images/I/51vkKztf2GL._SL75_.jpg","Width":75}}},"ItemInfo":{"ByLineInfo":{"Brand":{"DisplayValue":"GORGECRAFT","Label":"Brand","Locale":"es_ES"},"Manufacturer":{"DisplayValue":"GORGECRAFT","Label":"Manufacturer","Locale":"es_ES"}},"Title":{"DisplayValue":"GORGECRAFT Tiras de Correas de Cuero de Cordón Plano 1.18\" Correa de Cuero Ancha para Bricolaje 118\" largas para Ropa, Envoltura de Joyas, Proyectos de Manualidades (Café)","Label":"Title","Locale":"es_ES"}},"Offers":{"Summaries":[{"Condition":{"Value":"New"},"LowestPrice":{"Amount":12.99,"Currency":"EUR","DisplayAmount":"12,99 €"}}]}}],"SearchURL":"https://www.amazon.es/s?k=tiras+cinturones&rh=n%3A4358254031%2Cp_n_availability%3A-1&tag=topinalambricos-21&linkCode=osi","TotalResultCount":314}},"122":{"SearchResult":{"Items":[{"ASIN":"B089ZRNVC5","DetailPageURL":"https://www.amazon.es/dp/B089ZRNVC5?tag=topinalambricos-21&linkCode=osi&th=1&psc=1","Images":{"Primary":{"Small":{"Height":75,"URL":"https://m.media-amazon.com/images/I/51AhERkFtyL._SL75_.jpg","Width":75}}},"ItemInfo":{"ByLineInfo":{"Brand":{"DisplayValue":"Nobranded","Label":"Brand","Locale":"es_ES"},"Manufacturer":{"DisplayValue":"Nobranded","Label":"Manufacturer","Locale":"es_ES"}},"Title":{"DisplayValue":"3 Piezas Cordones de Cuero, Hilo de Gamuza Sintética, Cordón de Cuero Trenzado, Cordón de Cuero, para Envolver Regalos, Hacer Joyas, Collar de Cuentas, Brazalete, Manualidades de Bricolaje (3 Colores)","Label":"Title","Locale":"es_ES"}},"Offers":{"Summaries":[{"Condition":{"Value":"New"},"LowestPrice":{"Amount":10.89,"Currency":"EUR","DisplayAmount":"10,89 € (0,73 € / metro)","PricePerUnit":0.73}}]}},{"ASIN":"B08TW8WZ9B","DetailPageURL":"https://www.amazon.es/dp/B08TW8WZ9B?tag=topinalambricos-21&linkCode=osi&th=1&psc=1","Images":{"Primary":{"Small":{"Height":75,"URL":"https://m.media-amazon.com/images/I/51CYYAM+ruL._SL75_.jpg","Width":75}}},"ItemInfo":{"ByLineInfo":{"Brand":{"DisplayValue":"FLOFIA","Label":"Brand","Locale":"es_ES"},"Manufacturer":{"DisplayValue":"FLOFIA","Label":"Manufacturer","Locale":"es_ES"}},"Title":{"DisplayValue":"FLOFIA 3mm*20m Cordón de Cuero Plano 4 Colores, Banda Cintas de Cuero Leather Cord Tira Cuero para Colgante Pulsera Collar Manualidades Colores Mixtos","Label":"Title","Locale":"es_ES"}},"Offers":{"Summaries":[{"Condition":{"Value":"New"},"LowestPrice":{"Amount":12.99,"Currency":"EUR","DisplayAmount":"12,99 €"}}]}},{"ASIN":"B0925LSD7V","DetailPageURL":"https://www.amazon.es/dp/B0925LSD7V?tag=topinalambricos-21&linkCode=osi&th=1&psc=1","Images":{"Primary":{"Small":{"Height":75,"URL":"https://m.media-amazon.com/images/I/6127sSIowfL._SL75_.jpg","Width":75}}},"ItemInfo":{"ByLineInfo":{"Brand":{"DisplayValue":"Aprilye","Label":"Brand","Locale":"es_ES"},"Manufacturer":{"DisplayValue":"Aprilye","Label":"Manufacturer","Locale":"es_ES"}},"Title":{"DisplayValue":"7 Piezas Cuerda de Cuero Gamuza de 2 mm x 5 m, Cordón de Cuero Trenzado con 100 Clips para la Fabricación de Joyas de Collar de Bricolaje - 7 Colores","Label":"Title","Locale":"es_ES"}},"Offers":{"Summaries":[{"Condition":{"Value":"New"},"LowestPrice":{"Amount":9.99,"Currency":"EUR","DisplayAmount":"9,99 € (1,43 € / unidad)","PricePerUnit":1.43}}]}},{"ASIN":"B08GRG683J","DetailPageURL":"https://www.amazon.es/dp/B08GRG683J?tag=topinalambricos-21&linkCode=osi&th=1&psc=1","Images":{"Primary":{"Small":{"Height":75,"URL":"https://m.media-amazon.com/images/I/51ZTueeaz3L._SL75_.jpg","Width":75}}},"ItemInfo":{"ByLineInfo":{"Brand":{"DisplayValue":"PandaHall","Label":"Brand","Locale":"es_ES"},"Manufacturer":{"DisplayValue":"PandaHall","Label":"Manufacturer","Locale":"es_ES"}},"Title":{"DisplayValue":"PandaHall Cordón de cuero trenzado de 4 metros de 5 mm negro redondo cordón de cuero genuino para DIY pulsera collar joyería fabricación","Label":"Title","Locale":"es_ES"}},"Offers":{"Summaries":[{"Condition":{"Value":"New"},"LowestPrice":{"Amount":13.99,"Currency":"EUR","DisplayAmount":"13,99 €"}}]}},{"ASIN":"B09ZRMGZCP","DetailPageURL":"https://www.amazon.es/dp/B09ZRMGZCP?tag=topinalambricos-21&linkCode=osi&th=1&psc=1","Images":{"Primary":{"Small":{"Height":56,"URL":"https://m.media-amazon.com/images/I/416ARFlrGQL._SL75_.jpg","Width":75}}},"ItemInfo":{"ByLineInfo":{"Brand":{"DisplayValue":"LuZ ITALY","Label":"Brand","Locale":"es_ES"}},"Title":{"DisplayValue":"Pulsera de hombre en cuero trenzado -Marrón - Varios tamaños - Cierre de seguridad de acero","Label":"Title","Locale":"es_ES"}},"Offers":{"Summaries":[{"Condition":{"Value":"New"},"LowestPrice":{"Amount":11.9,"Currency":"EUR","DisplayAmount":"11,90 €"}}]}},{"ASIN":"B01MRZIISH","DetailPageURL":"https://www.amazon.es/dp/B01MRZIISH?tag=topinalambricos-21&linkCode=osi&th=1&psc=1","Images":{"Primary":{"Small":{"Height":56,"URL":"https://m.media-amazon.com/images/I/51yFg4h74DL._SL75_.jpg","Width":75}}},"ItemInfo":{"ByLineInfo":{"Brand":{"DisplayValue":"esnado","Label":"Brand","Locale":"es_ES"},"Manufacturer":{"DisplayValue":"esnado","Label":"Manufacturer","Locale":"es_ES"}},"Title":{"DisplayValue":"esnado Cordón de piel redondo trenzado, 4 mm, marrón claro, 5 m, longitud a elegir","Label":"Title","Locale":"es_ES"}},"Offers":{"Summaries":[{"Condition":{"Value":"New"},"LowestPrice":{"Amount":13.95,"Currency":"EUR","DisplayAmount":"13,95 €"}}]}},{"ASIN":"B0BG4Z1XBZ","DetailPageURL":"https://www.amazon.es/dp/B0BG4Z1XBZ?tag=topinalambricos-21&linkCode=osi&th=1&psc=1","Images":{"Primary":{"Small":{"Height":75,"URL":"https://m.media-amazon.com/images/I/51GBmfjFKyL._SL75_.jpg","Width":75}}},"ItemInfo":{"ByLineInfo":{"Brand":{"DisplayValue":"PandaHall","Label":"Brand","Locale":"es_ES"},"Manufacturer":{"DisplayValue":"PandaHall","Label":"Manufacturer","Locale":"es_ES"}},"Title":{"DisplayValue":"PandaHall Cuerda de cuero trenzada de 10,95 yardas 5 mm Cuerda redonda de cuero Cuerda de piel sintética marrón Cuerda de cuero Bolo para collar Pulsera Cinturón Artesanía Fabricación Corbata","Label":"Title","Locale":"es_ES"}},"Offers":{"Summaries":[{"Condition":{"Value":"New"},"LowestPrice":{"Amount":16.49,"Currency":"EUR","DisplayAmount":"16,49 €"}}]}},{"ASIN":"B09MFMG2TH","DetailPageURL":"https://www.amazon.es/dp/B09MFMG2TH?tag=topinalambricos-21&linkCode=osi&th=1&psc=1","Images":{"Primary":{"Small":{"Height":75,"URL":"https://m.media-amazon.com/images/I/515RbujD61L._SL75_.jpg","Width":75}}},"ItemInfo":{"ByLineInfo":{"Brand":{"DisplayValue":"UYST","Label":"Brand","Locale":"es_ES"},"Manufacturer":{"DisplayValue":"UYST","Label":"Manufacturer","Locale":"es_ES"}},"Title":{"DisplayValue":"10m Cordón de Cuero Trenzado Cordones de Cuero Redondos Cuero para Pulsera Collar Ancho 3 mm para Envolver Regalos Hacer Joyas Collar de Cuentas Brazalete Manualidades de Bricolaje Negro marrón","Label":"Title","Locale":"es_ES"}},"Offers":{"Summaries":[{"Condition":{"Value":"New"},"LowestPrice":{"Amount":11.99,"Currency":"EUR","DisplayAmount":"11,99 € (6,00 € / unidad)","PricePerUnit":6.0}}]}},{"ASIN":"B08R79P6SJ","DetailPageURL":"https://www.amazon.es/dp/B08R79P6SJ?tag=topinalambricos-21&linkCode=osi&th=1&psc=1","Images":{"Primary":{"Small":{"Height":75,"URL":"https://m.media-amazon.com/images/I/41UOMX3jVXL._SL75_.jpg","Width":75}}},"ItemInfo":{"ByLineInfo":{"Brand":{"DisplayValue":"Craftdady","Label":"Brand","Locale":"es_ES"},"Manufacturer":{"DisplayValue":"Craftdady","Label":"Manufacturer","Locale":"es_ES"}},"Title":{"DisplayValue":"Craftdady Cuerda trenzada encerada de 100 yardas de 1,5 mm de cuero de imitación de hilo con carrete para hacer joyas, collar y pulseras, color marrón","Label":"Title","Locale":"es_ES"}},"Offers":{"Summaries":[{"Condition":{"Value":"New"},"LowestPrice":{"Amount":12.99,"Currency":"EUR","DisplayAmount":"12,99 € (0,14 € / metro)","PricePerUnit":0.14}}]}},{"ASIN":"B01NALB40V","DetailPageURL":"https://www.amazon.es/dp/B01NALB40V?tag=topinalambricos-21&linkCode=osi&th=1&psc=1","Images":{"Primary":{"Small":{"Height":56,"URL":"https://m.media-amazon.com/images/I/51AoOveA1oL._SL75_.jpg","Width":75}}},"ItemInfo":{"ByLineInfo":{"Brand":{"DisplayValue":"esnado","Label":"Brand","Locale":"es_ES"},"Manufacturer":{"DisplayValue":"esnado","Label":"Manufacturer","Locale":"es_ES"}},"Title":{"DisplayValue":"esnado Cuerda de piel redonda trenzada, 4 mm, color marrón oscuro, 3 m, longitud a elegir","Label":"Title","Locale":"es_ES"}},"Offers":{"Summaries":[{"Condition":{"Value":"New"},"LowestPrice":{"Amount":9.25,"Currency":"EUR","DisplayAmount":"9,25 €"}}]}}],"SearchURL":"https://www.amazon.es/s?k=trenza+cuero&rh=p_n_availability%3A-1&tag=topinalambricos-21&linkCode=osi","TotalResultCount":306}},"124":{"SearchResult":{"Items":[{"ASIN":"B00EE6I9WM","DetailPageURL":"https://www.amazon.es/dp/B00EE6I9WM?tag=topinalambricos-21&linkCode=osi&th=1&psc=1","Images":{"Primary":{"Small":{"Height":75,"URL":"https://m.media-amazon.com/images/I/312KVHuebVL._SL75_.jpg","Width":47}}},"ItemInfo":{"ByLineInfo":{"Brand":{"DisplayValue":"Fossil","Label":"Brand","Locale":"es_ES"},"Contributors":[{"Locale":"es_ES","Name":"Fossil","Role":"Diseñador","RoleType":"designer"}],"Manufacturer":{"DisplayValue":"Fossil","Label":"Manufacturer","Locale":"es_ES"}},"Title":{"DisplayValue":"Fossil, Collar de cuero y acero inoxidable, para Hombre","Label":"Title","Locale":"es_ES"}},"Offers":{"Summaries":[{"Condition":{"Value":"New"},"LowestPrice":{"Amount":26.99,"Currency":"EUR","DisplayAmount":"26,99 €"}}]}},{"ASIN":"B004RMGER0","DetailPageURL":"https://www.amazon.es/dp/B004RMGER0?tag=topinalambricos-21&linkCode=osi&th=1&psc=1","Images":{"Primary":{"Small":{"Height":75,"URL":"https://m.media-amazon.com/images/I/41Q+nqttO0L._SL75_.jpg","Width":75}}},"ItemInfo":{"ByLineInfo":{"Brand":{"DisplayValue":"Fossil","Label":"Brand","Locale":"es_ES"},"Manufacturer":{"DisplayValue":"FOYBT","Label":"Manufacturer","Locale":"es_ES"}},"Title":{"DisplayValue":"Fossil Vintage Casual Collar de hombre en Cuero y Acero Inoxidable, JF85832040","Label":"Title","Locale":"es_ES"}},"Offers":{"Summaries":[{"Condition":{"Value":"New"},"LowestPrice":{"Amount":23.99,"Currency":"EUR","DisplayAmount":"23,99 €"}}]}},{"ASIN":"B07V5GV6FS","DetailPageURL":"https://www.amazon.es/dp/B07V5GV6FS?tag=topinalambricos-21&linkCode=osi&th=1&psc=1","Images":{"Primary":{"Small":{"Height":75,"URL":"https://m.media-amazon.com/images/I/31y3iMZ+LnL._SL75_.jpg","Width":75}}},"ItemInfo":{"ByLineInfo":{"Brand":{"DisplayValue":"COAI","Label":"Brand","Locale":"es_ES"},"Manufacturer":{"DisplayValue":"COAI","Label":"Manufacturer","Locale":"es_ES"}},"Title":{"DisplayValue":"COAI Collar de Cuero con Colgante Cruz de Obsidiana Negra","Label":"Title","Locale":"es_ES"}},"Offers":{"Summaries":[{"Condition":{"Value":"New"},"LowestPrice":{"Amount":25.3,"Currency":"EUR","DisplayAmount":"25,30 €"}}]}},{"ASIN":"B00591HCEW","DetailPageURL":"https://www.amazon.es/dp/B00591HCEW?tag=topinalambricos-21&linkCode=osi&th=1&psc=1","Images":{"Primary":{"Small":{"Height":56,"URL":"https://m.media-amazon.com/images/I/31OPllIckEL._SL75_.jpg","Width":75}}},"ItemInfo":{"ByLineInfo":{"Brand":{"DisplayValue":"Lotus","Label":"Brand","Locale":"es_ES"},"Contributors":[{"Locale":"es_ES","Name":"LOTUS Style","Role":"Diseñador","RoleType":"designer"}],"Manufacturer":{"DisplayValue":"Lotus","Label":"Manufacturer","Locale":"es_ES"}},"Title":{"DisplayValue":"Lotus ls1316-1/2 - Joyería de acero inoxidable","Label":"Title","Locale":"es_ES"}},"Offers":{"Summaries":[{"Condition":{"Value":"New"},"LowestPrice":{"Amount":29.0,"Currency":"EUR","DisplayAmount":"29,00 €"}}]}},{"ASIN":"B09QMDKZKP","DetailPageURL":"https://www.amazon.es/dp/B09QMDKZKP?tag=topinalambricos-21&linkCode=osi&th=1&psc=1","Images":{"Primary":{"Small":{"Height":75,"URL":"https://m.media-amazon.com/images/I/41FlgPdyeXL._SL75_.jpg","Width":75}}},"ItemInfo":{"ByLineInfo":{"Brand":{"DisplayValue":"Jadive","Label":"Brand","Locale":"es_ES"},"Manufacturer":{"DisplayValue":"Jadive","Label":"Manufacturer","Locale":"es_ES"}},"Title":{"DisplayValue":"3 Cadenas de Cuero Cordón Trenzado de Colgante Negro Collar de Cuero Falso con Cierre de Acero Inoxidable Collar Básico Personalizable para Regalo Hombre San Valentín con Bolsa Terciopelo","Label":"Title","Locale":"es_ES"}},"Offers":{"Summaries":[{"Condition":{"Value":"New"},"LowestPrice":{"Amount":10.99,"Currency":"EUR","DisplayAmount":"10,99 €"}}]}},{"ASIN":"B07HHGQNBJ","DetailPageURL":"https://www.amazon.es/dp/B07HHGQNBJ?tag=topinalambricos-21&linkCode=osi&th=1&psc=1","Images":{"Primary":{"Small":{"Height":46,"URL":"https://m.media-amazon.com/images/I/316vULc1-mL._SL75_.jpg","Width":75}}},"ItemInfo":{"ByLineInfo":{"Brand":{"DisplayValue":"Lola & Gala","Label":"Brand","Locale":"es_ES"},"Manufacturer":{"DisplayValue":"THE SMART SHOP","Label":"Manufacturer","Locale":"es_ES"}},"Title":{"DisplayValue":"Cadena de Cuero para Collar Hombre y Mujer - Cuero Genuino Liso - Cierre Acero Inoxidable de Clic Fácil, y de Seguridad en Acero Inoxidable - Cordón Negro de 3mm para Colgantes - Varias Medidas (51)","Label":"Title","Locale":"es_ES"}},"Offers":{"Summaries":[{"Condition":{"Value":"New"},"LowestPrice":{"Amount":9.95,"Currency":"EUR","DisplayAmount":"9,95 €"}}]}},{"ASIN":"B07K7YKJYW","DetailPageURL":"https://www.amazon.es/dp/B07K7YKJYW?tag=topinalambricos-21&linkCode=osi&th=1&psc=1","Images":{"Primary":{"Small":{"Height":75,"URL":"https://m.media-amazon.com/images/I/41EfP9s6PZL._SL75_.jpg","Width":75}}},"ItemInfo":{"ByLineInfo":{"Brand":{"DisplayValue":"Lotus","Label":"Brand","Locale":"es_ES"},"Manufacturer":{"DisplayValue":"Lotus Style","Label":"Manufacturer","Locale":"es_ES"}},"Title":{"DisplayValue":"Lotus JLS1938-1-1 Collar de acero inoxidable para hombre, color plateado","Label":"Title","Locale":"es_ES"}},"Offers":{"Summaries":[{"Condition":{"Value":"New"},"LowestPrice":{"Amount":29.0,"Currency":"EUR","DisplayAmount":"29,00 €"}}]}},{"ASIN":"B07K7HTS5J","DetailPageURL":"https://www.amazon.es/dp/B07K7HTS5J?tag=topinalambricos-21&linkCode=osi&th=1&psc=1","Images":{"Primary":{"Small":{"Height":75,"URL":"https://m.media-amazon.com/images/I/31XmwCUIeZL._SL75_.jpg","Width":55}}},"ItemInfo":{"ByLineInfo":{"Brand":{"DisplayValue":"Kaltner Präsente","Label":"Brand","Locale":"es_ES"},"Manufacturer":{"DisplayValue":"Kaltner Präsente","Label":"Manufacturer","Locale":"es_ES"}},"Title":{"DisplayValue":"Kaltner Präsente Regalo Idea Collar de cuero para hombres y mujeres con colgante de corazón de piedras preciosas de cuarzo rosa diámetro 30 mm, Cuero, Cuarzo","Label":"Title","Locale":"es_ES"}},"Offers":{"Summaries":[{"Condition":{"Value":"New"},"LowestPrice":{"Amount":18.95,"Currency":"EUR","DisplayAmount":"18,95 €"}}]}},{"ASIN":"B0844RPDX7","DetailPageURL":"https://www.amazon.es/dp/B0844RPDX7?tag=topinalambricos-21&linkCode=osi&th=1&psc=1","Images":{"Primary":{"Small":{"Height":75,"URL":"https://m.media-amazon.com/images/I/31y4sErRLEL._SL75_.jpg","Width":75}}},"ItemInfo":{"ByLineInfo":{"Brand":{"DisplayValue":"s.Oliver","Label":"Brand","Locale":"es_ES"},"Manufacturer":{"DisplayValue":"s.Oliver","Label":"Manufacturer","Locale":"es_ES"}},"Title":{"DisplayValue":"s.Oliver Collar Collar, 47+3 cm, Negro, Estuche de Regalo de Joyería, 2027437","Label":"Title","Locale":"es_ES"}},"Offers":{"Summaries":[{"Condition":{"Value":"New"},"LowestPrice":{"Amount":46.85,"Currency":"EUR","DisplayAmount":"46,85 €"}}]}},{"ASIN":"B07HHHY7F5","DetailPageURL":"https://www.amazon.es/dp/B07HHHY7F5?tag=topinalambricos-21&linkCode=osi&th=1&psc=1","Images":{"Primary":{"Small":{"Height":46,"URL":"https://m.media-amazon.com/images/I/316vULc1-mL._SL75_.jpg","Width":75}}},"ItemInfo":{"ByLineInfo":{"Brand":{"DisplayValue":"ZIRKONIA","Label":"Brand","Locale":"es_ES"},"Manufacturer":{"DisplayValue":"Yiwu Youtu Jewelry Co., Ltd","Label":"Manufacturer","Locale":"es_ES"}},"Title":{"DisplayValue":"ZIRKONIA Cadena de Cuero para Collar Hombre y Mujer - Cuero Negro Genuino Liso con Doble Cierre Magnético y de Seguridad en Acero Inoxidable - Cordón de 3mm X 46cm para Colgantes","Label":"Title","Locale":"es_ES"}},"Offers":{"Summaries":[{"Condition":{"Value":"New"},"LowestPrice":{"Amount":9.95,"Currency":"EUR","DisplayAmount":"9,95 €"}}]}}],"SearchURL":"https://www.amazon.es/s?k=colgante+cuero&rh=n%3A10440411031%2Cp_n_availability%3A-1&tag=topinalambricos-21&linkCode=osi","TotalResultCount":11809}},"125":{"SearchResult":{"Items":[{"ASIN":"B0B9X4864J","DetailPageURL":"https://www.amazon.es/dp/B0B9X4864J?tag=topinalambricos-21&linkCode=osi&th=1&psc=1","Images":{"Primary":{"Small":{"Height":75,"URL":"https://m.media-amazon.com/images/I/41ZSQFZGUXL._SL75_.jpg","Width":75}}},"ItemInfo":{"ByLineInfo":{"Brand":{"DisplayValue":"CASSIECA","Label":"Brand","Locale":"es_ES"},"Manufacturer":{"DisplayValue":"CASSIECA","Label":"Manufacturer","Locale":"es_ES"}},"Title":{"DisplayValue":"CASSIECA 8 Pcs Cuero Collar Colgante Largo para Mujer Hombres Declaración Suéter Collar Conjunto Pluma Corazón Hoja Turquesa Mariposa Collar Y Collares Simples Suéter Cadena Moda Joyería Regalos","Label":"Title","Locale":"es_ES"}},"Offers":{"Summaries":[{"Condition":{"Value":"New"},"LowestPrice":{"Amount":12.99,"Currency":"EUR","DisplayAmount":"12,99 €"}}]}},{"ASIN":"B07F2D98GB","DetailPageURL":"https://www.amazon.es/dp/B07F2D98GB?tag=topinalambricos-21&linkCode=osi&th=1&psc=1","Images":{"Primary":{"Small":{"Height":75,"URL":"https://m.media-amazon.com/images/I/31Y2V4-6nIL._SL75_.jpg","Width":75}}},"ItemInfo":{"ByLineInfo":{"Brand":{"DisplayValue":"TOUS","Label":"Brand","Locale":"es_ES"},"Manufacturer":{"DisplayValue":"TOUS","Label":"Manufacturer","Locale":"es_ES"}},"Title":{"DisplayValue":"TOUS Gargantilla de Cuero para Mujer con Cierre en Plata de Primera Ley, 40 cm de Largo, Versátil y Clásica, Colección Chokers","Label":"Title","Locale":"es_ES"}},"Offers":{"Summaries":[{"Condition":{"Value":"New"},"LowestPrice":{"Amount":25.0,"Currency":"EUR","DisplayAmount":"25,00 €"}}]}},{"ASIN":"B071H8G7KD","DetailPageURL":"https://www.amazon.es/dp/B071H8G7KD?tag=topinalambricos-21&linkCode=osi&th=1&psc=1","Images":{"Primary":{"Small":{"Height":75,"URL":"https://m.media-amazon.com/images/I/31ufqCcy74L._SL75_.jpg","Width":75}}},"ItemInfo":{"ByLineInfo":{"Brand":{"DisplayValue":"TOUS","Label":"Brand","Locale":"es_ES"},"Manufacturer":{"DisplayValue":"TOUS","Label":"Manufacturer","Locale":"es_ES"}},"Title":{"DisplayValue":"TOUS Gargantilla de Plata de Primera Ley para Mujer con Bolas, 40 cm de Largo, Clásica e Icónica, Colección Chain","Label":"Title","Locale":"es_ES"}},"Offers":{"Summaries":[{"Condition":{"Value":"New"},"LowestPrice":{"Amount":17.0,"Currency":"EUR","DisplayAmount":"17,00 €"}}]}},{"ASIN":"B01M8QI2VT","DetailPageURL":"https://www.amazon.es/dp/B01M8QI2VT?tag=topinalambricos-21&linkCode=osi&th=1&psc=1","Images":{"Primary":{"Small":{"Height":75,"URL":"https://m.media-amazon.com/images/I/31Ck-36RCIL._SL75_.jpg","Width":75}}},"ItemInfo":{"ByLineInfo":{"Brand":{"DisplayValue":"TOUS","Label":"Brand","Locale":"es_ES"},"Manufacturer":{"DisplayValue":"Joyeria TOUS","Label":"Manufacturer","Locale":"es_ES"}},"Title":{"DisplayValue":"TOUS Gargantilla de Cuero para Mujer con Cierre en Plata Vermeil de Primera Ley, 40 cm de Largo, Versátil y Clásica, Colección Chokers","Label":"Title","Locale":"es_ES"}},"Offers":{"Summaries":[{"Condition":{"Value":"New"},"LowestPrice":{"Amount":29.0,"Currency":"EUR","DisplayAmount":"29,00 €"}}]}},{"ASIN":"B09VDL96BF","DetailPageURL":"https://www.amazon.es/dp/B09VDL96BF?tag=topinalambricos-21&linkCode=osi&th=1&psc=1","Images":{"Primary":{"Small":{"Height":75,"URL":"https://m.media-amazon.com/images/I/31EW96fn-RL._SL75_.jpg","Width":75}}},"ItemInfo":{"ByLineInfo":{"Brand":{"DisplayValue":"COOLSTEELANDBEYOND","Label":"Brand","Locale":"es_ES"},"Manufacturer":{"DisplayValue":"COOLSTEELANDBEYOND","Label":"Manufacturer","Locale":"es_ES"}},"Title":{"DisplayValue":"COOLSTEELANDBEYOND Negro Multi-Hilo Cuero Cuerda Collar, Superficie Cepillada Grande Círculo Botón Encantado Colgante Vestir Fiesta","Label":"Title","Locale":"es_ES"}},"Offers":{"Summaries":[{"Condition":{"Value":"New"},"LowestPrice":{"Amount":21.99,"Currency":"EUR","DisplayAmount":"21,99 €"}}]}},{"ASIN":"B07JD1Z2J6","DetailPageURL":"https://www.amazon.es/dp/B07JD1Z2J6?tag=topinalambricos-21&linkCode=osi&th=1&psc=1","Images":{"Primary":{"Small":{"Height":75,"URL":"https://m.media-amazon.com/images/I/41VUh5dMcXL._SL75_.jpg","Width":75}}},"ItemInfo":{"ByLineInfo":{"Brand":{"DisplayValue":"Minoplata","Label":"Brand","Locale":"es_ES"},"Manufacturer":{"DisplayValue":"MINOPLATA","Label":"Manufacturer","Locale":"es_ES"}},"Title":{"DisplayValue":"Minoplata Cordón de Caucho Negro y Plata 2 Mm. 50 Cm. una Gargantilla Unisex Ideal para Combinar con Colgantes, llamadores de ángeles, medallas y darles un Toque Actual","Label":"Title","Locale":"es_ES"}},"Offers":{"Summaries":[{"Condition":{"Value":"New"},"LowestPrice":{"Amount":9.89,"Currency":"EUR","DisplayAmount":"9,89 €"}}]}},{"ASIN":"B0B5V6ZYHW","DetailPageURL":"https://www.amazon.es/dp/B0B5V6ZYHW?tag=topinalambricos-21&linkCode=osi&th=1&psc=1","Images":{"Primary":{"Small":{"Height":75,"URL":"https://m.media-amazon.com/images/I/4146im4JMPL._SL75_.jpg","Width":75}}},"ItemInfo":{"ByLineInfo":{"Brand":{"DisplayValue":"GNAUMORE","Label":"Brand","Locale":"es_ES"},"Manufacturer":{"DisplayValue":"GNAUMORE","Label":"Manufacturer","Locale":"es_ES"}},"Title":{"DisplayValue":"Collar de cordón de Cuero con Cierre de Plata de,Collar de Cordón Encerado con Broche,Collar Negro Cordón,para Collar Pulsera Fabricación de Joyas","Label":"Title","Locale":"es_ES"}},"Offers":{"Summaries":[{"Condition":{"Value":"New"},"LowestPrice":{"Amount":6.99,"Currency":"EUR","DisplayAmount":"6,99 €"}}]}},{"ASIN":"B079VKPR9Z","DetailPageURL":"https://www.amazon.es/dp/B079VKPR9Z?tag=topinalambricos-21&linkCode=osi&th=1&psc=1","Images":{"Primary":{"Small":{"Height":75,"URL":"https://m.media-amazon.com/images/I/21eAqW36xTL._SL75_.jpg","Width":75}}},"ItemInfo":{"ByLineInfo":{"Brand":{"DisplayValue":"Thomas Sabo","Label":"Brand","Locale":"es_ES"},"Manufacturer":{"DisplayValue":"Thomas Sabo","Label":"Manufacturer","Locale":"es_ES"}},"Title":{"DisplayValue":"Thomas Sabo Collar cadena Mujer plata - X0244-134-11-L75","Label":"Title","Locale":"es_ES"}},"Offers":{"Summaries":[{"Condition":{"Value":"New"},"LowestPrice":{"Amount":44.9,"Currency":"EUR","DisplayAmount":"44,90 €"}}]}},{"ASIN":"B08HMDL67V","DetailPageURL":"https://www.amazon.es/dp/B08HMDL67V?tag=topinalambricos-21&linkCode=osi&th=1&psc=1","Images":{"Primary":{"Small":{"Height":75,"URL":"https://m.media-amazon.com/images/I/31-jX--xyRL._SL75_.jpg","Width":65}}},"ItemInfo":{"ByLineInfo":{"Brand":{"DisplayValue":"Memories","Label":"Brand","Locale":"es_ES"}},"Title":{"DisplayValue":"Memories Pack 2 Colgantes Yin/Yang Ajustable de Acero Inoxidable Ajustable | Collar Masculino/Femenino/Unisex | Regalo Parejas y Amigos","Label":"Title","Locale":"es_ES"}},"Offers":{"Summaries":[{"Condition":{"Value":"New"},"LowestPrice":{"Amount":9.99,"Currency":"EUR","DisplayAmount":"9,99 €"}}]}},{"ASIN":"B09TW9PZKN","DetailPageURL":"https://www.amazon.es/dp/B09TW9PZKN?tag=topinalambricos-21&linkCode=osi&th=1&psc=1","Images":{"Primary":{"Small":{"Height":75,"URL":"https://m.media-amazon.com/images/I/41OEK0ZV8qL._SL75_.jpg","Width":68}}},"ItemInfo":{"ByLineInfo":{"Brand":{"DisplayValue":"JeweBella","Label":"Brand","Locale":"es_ES"},"Manufacturer":{"DisplayValue":"JeweBella","Label":"Manufacturer","Locale":"es_ES"}},"Title":{"DisplayValue":"JeweBella 6 Piezas Collar Gargantillas Negra con Colgante para Mujer Niña Conjunto de Gargantilla Collar Cuero Gotico Gargantilla Ajustable Luna Estrella Perla Mariposa Regalos de joyería Mujer","Label":"Title","Locale":"es_ES"}},"Offers":{"Summaries":[{"Condition":{"Value":"New"},"LowestPrice":{"Amount":14.99,"Currency":"EUR","DisplayAmount":"14,99 €"}}]}}],"SearchURL":"https://www.amazon.es/s?k=colgante+cuero&rh=n%3A10440393031%2Cp_n_availability%3A-1&tag=topinalambricos-21&linkCode=osi","TotalResultCount":60475}},"127":{"SearchResult":{"Items":[{"ASIN":"B07HDLM2SM","DetailPageURL":"https://www.amazon.es/dp/B07HDLM2SM?tag=topinalambricos-21&linkCode=osi&th=1&psc=1","Images":{"Primary":{"Small":{"Height":75,"URL":"https://m.media-amazon.com/images/I/417yvNHZPzS._SL75_.jpg","Width":75}}},"ItemInfo":{"ByLineInfo":{"Brand":{"DisplayValue":"FOUUA","Label":"Brand","Locale":"es_ES"},"Manufacturer":{"DisplayValue":"NUCCE","Label":"Manufacturer","Locale":"es_ES"}},"Title":{"DisplayValue":"FOUUA Correa de Reloj Correa de Cuero Genuino Correa de Reloj Correa de Pulsera de Repuesto en Relieve de cocodrilo Oro Plata 12 13 14 15 16 17 18 19 20 21 22 24 mm","Label":"Title","Locale":"es_ES"}},"Offers":{"Summaries":[{"Condition":{"Value":"New"},"LowestPrice":{"Amount":15.99,"Currency":"EUR","DisplayAmount":"15,99 €"}}]}},{"ASIN":"B07THYWLB1","DetailPageURL":"https://www.amazon.es/dp/B07THYWLB1?tag=topinalambricos-21&linkCode=osi&th=1&psc=1","Images":{"Primary":{"Small":{"Height":75,"URL":"https://m.media-amazon.com/images/I/411XziLle6L._SL75_.jpg","Width":75}}},"ItemInfo":{"ByLineInfo":{"Brand":{"DisplayValue":"BRISMASSI ESETTI","Label":"Brand","Locale":"es_ES"},"Manufacturer":{"DisplayValue":"BRISMASSI ESETTI","Label":"Manufacturer","Locale":"es_ES"}},"Title":{"DisplayValue":"B&E Correa de Reloj de Cuero de Liberación Rápida - Correas de Estilo Elegante para Hombres y Mujeres para Relojes Tradicionales e Inteligentes - 18 mm 20 mm 22 mm de Ancho Disponible-BN22","Label":"Title","Locale":"es_ES"}},"Offers":{"Summaries":[{"Condition":{"Value":"New"},"LowestPrice":{"Amount":25.99,"Currency":"EUR","DisplayAmount":"25,99 €"}}]}},{"ASIN":"B0B4S91WX1","DetailPageURL":"https://www.amazon.es/dp/B0B4S91WX1?tag=topinalambricos-21&linkCode=osi&th=1&psc=1","Images":{"Primary":{"Small":{"Height":75,"URL":"https://m.media-amazon.com/images/I/41Qhkuf4I3S._SL75_.jpg","Width":74}}},"ItemInfo":{"ByLineInfo":{"Brand":{"DisplayValue":"WOCCI","Label":"Brand","Locale":"es_ES"},"Manufacturer":{"DisplayValue":"Wocci Watch Bands","Label":"Manufacturer","Locale":"es_ES"}},"Title":{"DisplayValue":"WOCCI 22mm Correa de Reloj de Piel Genuina con Hebilla Plateada (Café Negro con Puntada Blanca)","Label":"Title","Locale":"es_ES"}},"Offers":{"Summaries":[{"Condition":{"Value":"New"},"LowestPrice":{"Amount":7.99,"Currency":"EUR","DisplayAmount":"7,99 €"}}]}},{"ASIN":"B07ZBDJVK7","DetailPageURL":"https://www.amazon.es/dp/B07ZBDJVK7?tag=topinalambricos-21&linkCode=osi&th=1&psc=1","Images":{"Primary":{"Small":{"Height":75,"URL":"https://m.media-amazon.com/images/I/41QL9X3HCmL._SL75_.jpg","Width":75}}},"ItemInfo":{"ByLineInfo":{"Brand":{"DisplayValue":"NICERIO","Label":"Brand","Locale":"es_ES"},"Manufacturer":{"DisplayValue":"NICERIO","Label":"Manufacturer","Locale":"es_ES"}},"Title":{"DisplayValue":"NICERIO Compatible para Correa de Reloj amazfit bip Correa de Reloj de Silicona Pintada Personalizada reemplazo de Correa de Reloj Delicado Compatible para amazfit bip (patrón de Torre de Hierro)","Label":"Title","Locale":"es_ES"}},"Offers":{"Summaries":[{"Condition":{"Value":"New"},"LowestPrice":{"Amount":11.99,"Currency":"EUR","DisplayAmount":"11,99 €"}}]}},{"ASIN":"B07FF5DFHP","DetailPageURL":"https://www.amazon.es/dp/B07FF5DFHP?tag=topinalambricos-21&linkCode=osi&th=1&psc=1","Images":{"Primary":{"Small":{"Height":75,"URL":"https://m.media-amazon.com/images/I/512vO9lBFCL._SL75_.jpg","Width":75}}},"ItemInfo":{"ByLineInfo":{"Brand":{"DisplayValue":"BINLUN","Label":"Brand","Locale":"es_ES"},"Manufacturer":{"DisplayValue":"BINLUN","Label":"Manufacturer","Locale":"es_ES"}},"Title":{"DisplayValue":"BINLUN Correas de Relojes Cuero de Liberación Rápida Correa Reloj de Piel de Repuesto Correas para Relojes de Hombre y Mujer 12mm 14mm 16mm 18mm 20mm 22mm 24mm con 4 Colores","Label":"Title","Locale":"es_ES"}},"Offers":{"Summaries":[{"Condition":{"Value":"New"},"LowestPrice":{"Amount":16.99,"Currency":"EUR","DisplayAmount":"16,99 €"}}]}},{"ASIN":"B09GXDKZN4","DetailPageURL":"https://www.amazon.es/dp/B09GXDKZN4?tag=topinalambricos-21&linkCode=osi&th=1&psc=1","Images":{"Primary":{"Small":{"Height":75,"URL":"https://m.media-amazon.com/images/I/41rO5RCdMEL._SL75_.jpg","Width":75}}},"ItemInfo":{"ByLineInfo":{"Brand":{"DisplayValue":"Fullmosa","Label":"Brand","Locale":"es_ES"},"Manufacturer":{"DisplayValue":"Fullmosa","Label":"Manufacturer","Locale":"es_ES"}},"Title":{"DisplayValue":"Fullmosa Axus Correa Piel, para correa reloj, Huawei Samsung correa/banda/pulsera/strap 14mm 16mm 18mm 19mm 20mm 22mm 24mm","Label":"Title","Locale":"es_ES"}},"Offers":{"Summaries":[{"Condition":{"Value":"New"},"LowestPrice":{"Amount":18.99,"Currency":"EUR","DisplayAmount":"18,99 €"}}]}},{"ASIN":"B07FK1MVJH","DetailPageURL":"https://www.amazon.es/dp/B07FK1MVJH?tag=topinalambricos-21&linkCode=osi&th=1&psc=1","Images":{"Primary":{"Small":{"Height":75,"URL":"https://m.media-amazon.com/images/I/41EdhIyThmL._SL75_.jpg","Width":75}}},"ItemInfo":{"ByLineInfo":{"Brand":{"DisplayValue":"BINLUN","Label":"Brand","Locale":"es_ES"},"Manufacturer":{"DisplayValue":"BINLUN","Label":"Manufacturer","Locale":"es_ES"}},"Title":{"DisplayValue":"BINLUN Correa Reloj de Piel de Liberación Rápida Correas de Relojes de Cuero de Repuesto para Hombres y Mujeres con 12 Colores (10mm 12mm 14mm 15mm 16mm 17mm 18mm 19mm 20mm 21mm 22mm 23mm)","Label":"Title","Locale":"es_ES"}},"Offers":{"Summaries":[{"Condition":{"Value":"New"},"LowestPrice":{"Amount":15.89,"Currency":"EUR","DisplayAmount":"15,89 €"}}]}},{"ASIN":"B08ZNKB88M","DetailPageURL":"https://www.amazon.es/dp/B08ZNKB88M?tag=topinalambricos-21&linkCode=osi&th=1&psc=1","Images":{"Primary":{"Small":{"Height":75,"URL":"https://m.media-amazon.com/images/I/41h6bLoFsnL._SL75_.jpg","Width":75}}},"ItemInfo":{"ByLineInfo":{"Brand":{"DisplayValue":"ahayo","Label":"Brand","Locale":"es_ES"}},"Title":{"DisplayValue":"AHayo Correa para reloj Garmin Fenix 6X Pro/de piel de zafiro, QuickFit de 26 mm de piel auténtica con correa de silicona ondulada transpirable para Fenix 5X/5X Plus, 26mm, Cuero silicona","Label":"Title","Locale":"es_ES"}},"Offers":{"Summaries":[{"Condition":{"Value":"New"},"LowestPrice":{"Amount":25.99,"Currency":"EUR","DisplayAmount":"25,99 €"}}]}},{"ASIN":"B0B4JPBSZ9","DetailPageURL":"https://www.amazon.es/dp/B0B4JPBSZ9?tag=topinalambricos-21&linkCode=osi&th=1&psc=1","Images":{"Primary":{"Small":{"Height":75,"URL":"https://m.media-amazon.com/images/I/417VRrmS98L._SL75_.jpg","Width":75}}},"ItemInfo":{"ByLineInfo":{"Brand":{"DisplayValue":"woednx","Label":"Brand","Locale":"es_ES"}},"Title":{"DisplayValue":"Woednx Correa de repuesto de 20 mm para reloj inteligente, liberación rápida de silicona suave y agradable para la piel, Correas Reloj","Label":"Title","Locale":"es_ES"}},"Offers":{"Summaries":[{"Condition":{"Value":"New"},"LowestPrice":{"Amount":9.99,"Currency":"EUR","DisplayAmount":"9,99 €"}}]}},{"ASIN":"B09TGTSZSR","DetailPageURL":"https://www.amazon.es/dp/B09TGTSZSR?tag=topinalambricos-21&linkCode=osi&th=1&psc=1","Images":{"Primary":{"Small":{"Height":75,"URL":"https://m.media-amazon.com/images/I/41iVo1btseL._SL75_.jpg","Width":75}}},"ItemInfo":{"ByLineInfo":{"Brand":{"DisplayValue":"Aliwisdom","Label":"Brand","Locale":"es_ES"},"Manufacturer":{"DisplayValue":"Aliwisdom","Label":"Manufacturer","Locale":"es_ES"}},"Title":{"DisplayValue":"Aliwisdom Correa de Reloj Cuero 20mm 22mm para Reloj inteligente o Reloj regular, Universal pulsera de Repuesto de Piel auténtica Smartwatch de liberación rápida para Hombr y Mujer (20 mm, Negro)","Label":"Title","Locale":"es_ES"}},"Offers":{"Summaries":[{"Condition":{"Value":"New"},"LowestPrice":{"Amount":18.92,"Currency":"EUR","DisplayAmount":"18,92 €"}}]}}],"SearchURL":"https://www.amazon.es/s?k=correa+reloj+piel&rh=p_n_availability%3A-1&tag=topinalambricos-21&linkCode=osi","TotalResultCount":306}},"129":{"SearchResult":{"Items":[{"ASIN":"B06XG9TM4C","DetailPageURL":"https://www.amazon.es/dp/B06XG9TM4C?tag=topinalambricos-21&linkCode=osi&th=1&psc=1","Images":{"Primary":{"Small":{"Height":75,"URL":"https://m.media-amazon.com/images/I/41TFO0eVVoL._SL75_.jpg","Width":56}}},"ItemInfo":{"ByLineInfo":{"Brand":{"DisplayValue":"Casio","Label":"Brand","Locale":"es_ES"},"Manufacturer":{"DisplayValue":"Casio","Label":"Manufacturer","Locale":"es_ES"}},"Title":{"DisplayValue":"Casio Reloj Analógico para Hombre de Cuarzo con Correa en Cuero MTP-E133L-2EEF","Label":"Title","Locale":"es_ES"}},"Offers":{"Summaries":[{"Condition":{"Value":"New"},"LowestPrice":{"Amount":39.9,"Currency":"EUR","DisplayAmount":"39,90 €"}}]}},{"ASIN":"B07RPYDLRD","DetailPageURL":"https://www.amazon.es/dp/B07RPYDLRD?tag=topinalambricos-21&linkCode=osi&th=1&psc=1","Images":{"Primary":{"Small":{"Height":75,"URL":"https://m.media-amazon.com/images/I/51K8E80EMvL._SL75_.jpg","Width":75}}},"ItemInfo":{"ByLineInfo":{"Brand":{"DisplayValue":"Lotus","Label":"Brand","Locale":"es_ES"},"Manufacturer":{"DisplayValue":"Lotus","Label":"Manufacturer","Locale":"es_ES"}},"Title":{"DisplayValue":"Lotus Reloj Analógico para Hombre de Cuarzo con Correa en Cuero 18671/3","Label":"Title","Locale":"es_ES"}},"Offers":{"Summaries":[{"Condition":{"Value":"New"},"LowestPrice":{"Amount":58.65,"Currency":"EUR","DisplayAmount":"58,65 €"}}]}},{"ASIN":"B012RI2EXS","DetailPageURL":"https://www.amazon.es/dp/B012RI2EXS?tag=topinalambricos-21&linkCode=osi&th=1&psc=1","Images":{"Primary":{"Small":{"Height":75,"URL":"https://m.media-amazon.com/images/I/31EYUe-JI1L._SL75_.jpg","Width":75}}},"ItemInfo":{"ByLineInfo":{"Brand":{"DisplayValue":"Emporio Armani","Label":"Brand","Locale":"es_ES"},"Contributors":[{"Locale":"es_ES","Name":"Emporio Armani","Role":"Diseñador","RoleType":"designer"}],"Manufacturer":{"DisplayValue":"Emporio Armani","Label":"Manufacturer","Locale":"es_ES"}},"Title":{"DisplayValue":"Emporio Armani Reloj Analógico para Hombre de Cuarzo AR1919 Marrón","Label":"Title","Locale":"es_ES"}},"Offers":{"Summaries":[{"Condition":{"Value":"New"},"LowestPrice":{"Amount":119.99,"Currency":"EUR","DisplayAmount":"119,99 €"}}]}},{"ASIN":"B07S3XSL2D","DetailPageURL":"https://www.amazon.es/dp/B07S3XSL2D?tag=topinalambricos-21&linkCode=osi&th=1&psc=1","Images":{"Primary":{"Small":{"Height":75,"URL":"https://m.media-amazon.com/images/I/41Ikv+XfAPL._SL75_.jpg","Width":75}}},"ItemInfo":{"ByLineInfo":{"Brand":{"DisplayValue":"Lotus","Label":"Brand","Locale":"es_ES"},"Manufacturer":{"DisplayValue":"Lotus","Label":"Manufacturer","Locale":"es_ES"}},"Title":{"DisplayValue":"Lotus Reloj Analógico para Hombre de Cuarzo con Correa en Cuero 18685/2","Label":"Title","Locale":"es_ES"}},"Offers":{"Summaries":[{"Condition":{"Value":"New"},"LowestPrice":{"Amount":67.15,"Currency":"EUR","DisplayAmount":"67,15 €"}}]}},{"ASIN":"B00TRQIT4M","DetailPageURL":"https://www.amazon.es/dp/B00TRQIT4M?tag=topinalambricos-21&linkCode=osi&th=1&psc=1","Images":{"Primary":{"Small":{"Height":75,"URL":"https://m.media-amazon.com/images/I/41fIRA07ueS._SL75_.jpg","Width":75}}},"ItemInfo":{"ByLineInfo":{"Brand":{"DisplayValue":"Emporio Armani","Label":"Brand","Locale":"es_ES"},"Manufacturer":{"DisplayValue":"Emporio Armani","Label":"Manufacturer","Locale":"es_ES"}},"Title":{"DisplayValue":"Emporio Armani Reloj Analógico para Hombre de Cuarzo AR1846 Marrón","Label":"Title","Locale":"es_ES"}},"Offers":{"Summaries":[{"Condition":{"Value":"New"},"LowestPrice":{"Amount":121.99,"Currency":"EUR","DisplayAmount":"121,99 €"}}]}},{"ASIN":"B07KZ9JHGD","DetailPageURL":"https://www.amazon.es/dp/B07KZ9JHGD?tag=topinalambricos-21&linkCode=osi&th=1&psc=1","Images":{"Primary":{"Small":{"Height":75,"URL":"https://m.media-amazon.com/images/I/414LwQxqFFL._SL75_.jpg","Width":45}}},"ItemInfo":{"ByLineInfo":{"Brand":{"DisplayValue":"Lotus","Label":"Brand","Locale":"es_ES"},"Manufacturer":{"DisplayValue":"Lotus","Label":"Manufacturer","Locale":"es_ES"}},"Title":{"DisplayValue":"Lotus Reloj Analógico para Hombre de Cuarzo con Correa en Cuero 10134/F","Label":"Title","Locale":"es_ES"}},"Offers":{"Summaries":[{"Condition":{"Value":"New"},"LowestPrice":{"Amount":56.0,"Currency":"EUR","DisplayAmount":"56,00 €"}}]}},{"ASIN":"B01M3508GO","DetailPageURL":"https://www.amazon.es/dp/B01M3508GO?tag=topinalambricos-21&linkCode=osi&th=1&psc=1","Images":{"Primary":{"Small":{"Height":75,"URL":"https://m.media-amazon.com/images/I/318pJrGCm-L._SL75_.jpg","Width":45}}},"ItemInfo":{"ByLineInfo":{"Brand":{"DisplayValue":"Festina","Label":"Brand","Locale":"es_ES"},"Manufacturer":{"DisplayValue":"Festina","Label":"Manufacturer","Locale":"es_ES"}},"Title":{"DisplayValue":"Reloj FESTINA Para Hombre F16992/1 Outlet Caja de Acero inoxidable 316l Gris plata Correa de Cuero Negro","Label":"Title","Locale":"es_ES"}},"Offers":{"Summaries":[{"Condition":{"Value":"New"},"LowestPrice":{"Amount":69.0,"Currency":"EUR","DisplayAmount":"69,00 €"}}]}},{"ASIN":"B07KZHJH6W","DetailPageURL":"https://www.amazon.es/dp/B07KZHJH6W?tag=topinalambricos-21&linkCode=osi&th=1&psc=1","Images":{"Primary":{"Small":{"Height":75,"URL":"https://m.media-amazon.com/images/I/51slvphIYRL._SL75_.jpg","Width":75}}},"ItemInfo":{"ByLineInfo":{"Brand":{"DisplayValue":"Lotus","Label":"Brand","Locale":"es_ES"},"Manufacturer":{"DisplayValue":"Lotus","Label":"Manufacturer","Locale":"es_ES"}},"Title":{"DisplayValue":"Lotus Reloj Analógico para Hombre de Cuarzo con Correa en Cuero 10134/A","Label":"Title","Locale":"es_ES"}},"Offers":{"Summaries":[{"Condition":{"Value":"New"},"LowestPrice":{"Amount":59.0,"Currency":"EUR","DisplayAmount":"59,00 €"}}]}},{"ASIN":"B07NXX81KB","DetailPageURL":"https://www.amazon.es/dp/B07NXX81KB?tag=topinalambricos-21&linkCode=osi&th=1&psc=1","Images":{"Primary":{"Small":{"Height":75,"URL":"https://m.media-amazon.com/images/I/417btp2eDnL._SL75_.jpg","Width":45}}},"ItemInfo":{"ByLineInfo":{"Brand":{"DisplayValue":"Lotus","Label":"Brand","Locale":"es_ES"},"Manufacturer":{"DisplayValue":"GRUPO FESTINA","Label":"Manufacturer","Locale":"es_ES"}},"Title":{"DisplayValue":"Lotus Reloj Cronógrafo para Hombre de Cuarzo con Correa en Cuero 18630/2","Label":"Title","Locale":"es_ES"}},"Offers":{"Summaries":[{"Condition":{"Value":"New"},"LowestPrice":{"Amount":89.1,"Currency":"EUR","DisplayAmount":"89,10 €"}}]}},{"ASIN":"B0B7MMLJ9K","DetailPageURL":"https://www.amazon.es/dp/B0B7MMLJ9K?tag=topinalambricos-21&linkCode=osi&th=1&psc=1","Images":{"Primary":{"Small":{"Height":75,"URL":"https://m.media-amazon.com/images/I/312qECjYqWL._SL75_.jpg","Width":62}}},"ItemInfo":{"ByLineInfo":{"Brand":{"DisplayValue":"Lacoste","Label":"Brand","Locale":"es_ES"},"Manufacturer":{"DisplayValue":"Movado Group","Label":"Manufacturer","Locale":"es_ES"}},"Title":{"DisplayValue":"Lacoste Reloj Analógico de Cuarzo para hombre con Correa en silicona Azul Marino - 2011202","Label":"Title","Locale":"es_ES"}},"Offers":{"Summaries":[{"Condition":{"Value":"New"},"LowestPrice":{"Amount":109.57,"Currency":"EUR","DisplayAmount":"109,57 €"}}]}}],"SearchURL":"https://www.amazon.es/s?k=correa+cuero&rh=n%3A10117369031%2Cp_n_availability%3A-1&tag=topinalambricos-21&linkCode=osi","TotalResultCount":51610}},"130":{"SearchResult":{"Items":[{"ASIN":"B01M69YQ5O","DetailPageURL":"https://www.amazon.es/dp/B01M69YQ5O?tag=topinalambricos-21&linkCode=osi&th=1&psc=1","Images":{"Primary":{"Small":{"Height":75,"URL":"https://m.media-amazon.com/images/I/21riKGCTCWL._SL75_.jpg","Width":45}}},"ItemInfo":{"ByLineInfo":{"Brand":{"DisplayValue":"Festina","Label":"Brand","Locale":"es_ES"},"Contributors":[{"Locale":"es_ES","Name":"Festina","Role":"Diseñador","RoleType":"designer"}],"Manufacturer":{"DisplayValue":"Festina","Label":"Manufacturer","Locale":"es_ES"}},"Title":{"DisplayValue":"Reloj FESTINA Para Mujer F20260/1 Outlet Caja de Acero inoxidable 316l Gris plata Correa de Cuero Negro","Label":"Title","Locale":"es_ES"}},"Offers":{"Summaries":[{"Condition":{"Value":"New"},"LowestPrice":{"Amount":49.0,"Currency":"EUR","DisplayAmount":"49,00 €"}}]}},{"ASIN":"B0BFBJGKV2","DetailPageURL":"https://www.amazon.es/dp/B0BFBJGKV2?tag=topinalambricos-21&linkCode=osi&th=1&psc=1","Images":{"Primary":{"Small":{"Height":75,"URL":"https://m.media-amazon.com/images/I/31eTwAs0XwL._SL75_.jpg","Width":64}}},"ItemInfo":{"ByLineInfo":{"Brand":{"DisplayValue":"Casio","Label":"Brand","Locale":"es_ES"},"Manufacturer":{"DisplayValue":"Casio","Label":"Manufacturer","Locale":"es_ES"}},"Title":{"DisplayValue":"Casio Reloj Digital para Mujeres de Cuarzo con Correa en Cuero LA680WEGL-4EF","Label":"Title","Locale":"es_ES"}},"Offers":{"Summaries":[{"Condition":{"Value":"New"},"LowestPrice":{"Amount":48.89,"Currency":"EUR","DisplayAmount":"48,89 €"}}]}},{"ASIN":"B0108M6LIO","DetailPageURL":"https://www.amazon.es/dp/B0108M6LIO?tag=topinalambricos-21&linkCode=osi&th=1&psc=1","Images":{"Primary":{"Small":{"Height":75,"URL":"https://m.media-amazon.com/images/I/41ZGtiWlp1L._SL75_.jpg","Width":35}}},"ItemInfo":{"ByLineInfo":{"Brand":{"DisplayValue":"Casio","Label":"Brand","Locale":"es_ES"},"Manufacturer":{"DisplayValue":"CASIO","Label":"Manufacturer","Locale":"es_ES"}},"Title":{"DisplayValue":"Casio Analógico LTP-V004GL 7A","Label":"Title","Locale":"es_ES"}},"Offers":{"Summaries":[{"Condition":{"Value":"New"},"LowestPrice":{"Amount":29.9,"Currency":"EUR","DisplayAmount":"29,90 €"}}]}},{"ASIN":"B076HBTTHZ","DetailPageURL":"https://www.amazon.es/dp/B076HBTTHZ?tag=topinalambricos-21&linkCode=osi&th=1&psc=1","Images":{"Primary":{"Small":{"Height":75,"URL":"https://m.media-amazon.com/images/I/21BkzSSAv1L._SL75_.jpg","Width":52}}},"ItemInfo":{"ByLineInfo":{"Brand":{"DisplayValue":"Daniel Wellington","Label":"Brand","Locale":"es_ES"},"Manufacturer":{"DisplayValue":"Daniel Wellington","Label":"Manufacturer","Locale":"es_ES"}},"Title":{"DisplayValue":"Daniel Wellington Petite Durham, Reloj Marrón/Oro Rosado, 28mm, Cuero, para Mujer","Label":"Title","Locale":"es_ES"}},"Offers":{"Summaries":[{"Condition":{"Value":"Used"},"LowestPrice":{"Amount":62.67,"Currency":"EUR","DisplayAmount":"62,67 €"}}]}},{"ASIN":"B01N3MJGTJ","DetailPageURL":"https://www.amazon.es/dp/B01N3MJGTJ?tag=topinalambricos-21&linkCode=osi&th=1&psc=1","Images":{"Primary":{"Small":{"Height":75,"URL":"https://m.media-amazon.com/images/I/31Lz9nw4cJL._SL75_.jpg","Width":45}}},"ItemInfo":{"ByLineInfo":{"Brand":{"DisplayValue":"Festina","Label":"Brand","Locale":"es_ES"},"Manufacturer":{"DisplayValue":"Festina","Label":"Manufacturer","Locale":"es_ES"}},"Title":{"DisplayValue":"Reloj FESTINA Para Mujer F20254/1 Outlet Caja de Acero inoxidable 316l Gris plata Correa de Cuero Negro","Label":"Title","Locale":"es_ES"}},"Offers":{"Summaries":[{"Condition":{"Value":"New"},"LowestPrice":{"Amount":62.5,"Currency":"EUR","DisplayAmount":"62,50 €"}}]}},{"ASIN":"B079HJRCD2","DetailPageURL":"https://www.amazon.es/dp/B079HJRCD2?tag=topinalambricos-21&linkCode=osi&th=1&psc=1","Images":{"Primary":{"Small":{"Height":75,"URL":"https://m.media-amazon.com/images/I/31GEvycVU0L._SL75_.jpg","Width":75}}},"ItemInfo":{"ByLineInfo":{"Brand":{"DisplayValue":"Michael Kors","Label":"Brand","Locale":"es_ES"},"Manufacturer":{"DisplayValue":"Michael Kors","Label":"Manufacturer","Locale":"es_ES"}},"Title":{"DisplayValue":"Michael Kors Reloj Analogico para Mujer de Cuarzo con Correa en Cuero MK2741","Label":"Title","Locale":"es_ES"}},"Offers":{"Summaries":[{"Condition":{"Value":"New"},"LowestPrice":{"Amount":111.15,"Currency":"EUR","DisplayAmount":"111,15 €"}}]}},{"ASIN":"B08HQ8Y2JY","DetailPageURL":"https://www.amazon.es/dp/B08HQ8Y2JY?tag=topinalambricos-21&linkCode=osi&th=1&psc=1","Images":{"Primary":{"Small":{"Height":75,"URL":"https://m.media-amazon.com/images/I/41Ez4s08CdL._SL75_.jpg","Width":60}}},"ItemInfo":{"ByLineInfo":{"Brand":{"DisplayValue":"Versus Versace","Label":"Brand","Locale":"es_ES"},"Manufacturer":{"DisplayValue":"Timex Group","Label":"Manufacturer","Locale":"es_ES"}},"Title":{"DisplayValue":"Versus Versace Reloj Analógico para Mujer de Cuarzo con Correa en Cuero VSPVQ0520","Label":"Title","Locale":"es_ES"}},"Offers":{"Summaries":[{"Condition":{"Value":"New"},"LowestPrice":{"Amount":92.95,"Currency":"EUR","DisplayAmount":"92,95 €"}},{"Condition":{"Value":"Used"},"LowestPrice":{"Amount":96.03,"Currency":"EUR","DisplayAmount":"96,03 €"}}]}},{"ASIN":"B00ISU9TQU","DetailPageURL":"https://www.amazon.es/dp/B00ISU9TQU?tag=topinalambricos-21&linkCode=osi&th=1&psc=1","Images":{"Primary":{"Small":{"Height":75,"URL":"https://m.media-amazon.com/images/I/415tyMq3sbL._SL75_.jpg","Width":75}}},"ItemInfo":{"ByLineInfo":{"Brand":{"DisplayValue":"Casio","Label":"Brand","Locale":"es_ES"},"Manufacturer":{"DisplayValue":"Casio","Label":"Manufacturer","Locale":"es_ES"}},"Title":{"DisplayValue":"Casio Collection TP-1154PQ-7B, Reloj Redondo para Mujer, Análogo Clásico, Negro","Label":"Title","Locale":"es_ES"}},"Offers":{"Summaries":[{"Condition":{"Value":"New"},"LowestPrice":{"Amount":55.53,"Currency":"EUR","DisplayAmount":"55,53 €"}}]}},{"ASIN":"B072C2BSYL","DetailPageURL":"https://www.amazon.es/dp/B072C2BSYL?tag=topinalambricos-21&linkCode=osi&th=1&psc=1","Images":{"Primary":{"Small":{"Height":75,"URL":"https://m.media-amazon.com/images/I/41wLkDlmELL._SL75_.jpg","Width":75}}},"ItemInfo":{"ByLineInfo":{"Brand":{"DisplayValue":"VICTORIA HYDE","Label":"Brand","Locale":"es_ES"},"Manufacturer":{"DisplayValue":"VICTORIA HYDE","Label":"Manufacturer","Locale":"es_ES"}},"Title":{"DisplayValue":"VICTORIA HYDE Esfera Pequeña Mujeres Reloj de Pulsera de Cuarzo Correa de Cuero","Label":"Title","Locale":"es_ES"}},"Offers":{"Summaries":[{"Condition":{"Value":"New"},"LowestPrice":{"Amount":31.2,"Currency":"EUR","DisplayAmount":"31,20 €"}}]}},{"ASIN":"B08THPRZNF","DetailPageURL":"https://www.amazon.es/dp/B08THPRZNF?tag=topinalambricos-21&linkCode=osi&th=1&psc=1","Images":{"Primary":{"Small":{"Height":75,"URL":"https://m.media-amazon.com/images/I/415y+yTqgXL._SL75_.jpg","Width":55}}},"ItemInfo":{"ByLineInfo":{"Brand":{"DisplayValue":"Timex","Label":"Brand","Locale":"es_ES"},"Manufacturer":{"DisplayValue":"Timex Group","Label":"Manufacturer","Locale":"es_ES"}},"Title":{"DisplayValue":"Timex Reloj de Vestir TWG025200","Label":"Title","Locale":"es_ES"}},"Offers":{"Summaries":[{"Condition":{"Value":"New"},"LowestPrice":{"Amount":67.23,"Currency":"EUR","DisplayAmount":"67,23 €"}}]}}],"SearchURL":"https://www.amazon.es/s?k=correa+cuero&rh=n%3A10117376031%2Cp_n_availability%3A-1&tag=topinalambricos-21&linkCode=osi","TotalResultCount":45896}},"131":{"SearchResult":{"Items":[{"ASIN":"B085B4DDQQ","DetailPageURL":"https://www.amazon.es/dp/B085B4DDQQ?tag=topinalambricos-21&linkCode=osi&th=1&psc=1","Images":{"Primary":{"Small":{"Height":75,"URL":"https://m.media-amazon.com/images/I/31dBpGnrqSL._SL75_.jpg","Width":75}}},"ItemInfo":{"ByLineInfo":{"Brand":{"DisplayValue":"Generic","Label":"Brand","Locale":"es_ES"}},"Title":{"DisplayValue":"Anillo de Zamak y Cuero Negro. Antialérgico.","Label":"Title","Locale":"es_ES"}},"Offers":{"Summaries":[{"Condition":{"Value":"New"},"LowestPrice":{"Amount":17.0,"Currency":"EUR","DisplayAmount":"17,00 €"}}]}},{"ASIN":"B07ZCBBV21","DetailPageURL":"https://www.amazon.es/dp/B07ZCBBV21?tag=topinalambricos-21&linkCode=osi&th=1&psc=1","Images":{"Primary":{"Small":{"Height":55,"URL":"https://m.media-amazon.com/images/I/31+2ikLWbuS._SL75_.jpg","Width":75}}},"ItemInfo":{"ByLineInfo":{"Brand":{"DisplayValue":"ArtBijou","Label":"Brand","Locale":"es_ES"}},"Title":{"DisplayValue":"Anillo Ajustable de Cuero Marrón con Pieza Ovalada de Zamak, Moderno, Regalos para Ella, Regalo Mujer, Regalo Navidad","Label":"Title","Locale":"es_ES"}},"Offers":{"Summaries":[{"Condition":{"Value":"New"},"LowestPrice":{"Amount":30.0,"Currency":"EUR","DisplayAmount":"30,00 €"}}]}},{"ASIN":"B07BST12WB","DetailPageURL":"https://www.amazon.es/dp/B07BST12WB?tag=topinalambricos-21&linkCode=osi&th=1&psc=1","Images":{"Primary":{"Small":{"Height":63,"URL":"https://m.media-amazon.com/images/I/41ImJxoaXzL._SL75_.jpg","Width":75}}},"ItemInfo":{"ByLineInfo":{"Brand":{"DisplayValue":"Generic","Label":"Brand","Locale":"es_ES"}},"Title":{"DisplayValue":"Anillo de Cuero Ajustable Triskel (Trisquel)","Label":"Title","Locale":"es_ES"}},"Offers":{"Summaries":[{"Condition":{"Value":"New"},"LowestPrice":{"Amount":9.99,"Currency":"EUR","DisplayAmount":"9,99 €"}}]}},{"ASIN":"B08191T2X8","DetailPageURL":"https://www.amazon.es/dp/B08191T2X8?tag=topinalambricos-21&linkCode=osi&th=1&psc=1","Images":{"Primary":{"Small":{"Height":52,"URL":"https://m.media-amazon.com/images/I/31IsKdrMdNL._SL75_.jpg","Width":75}}},"ItemInfo":{"ByLineInfo":{"Brand":{"DisplayValue":"ArtBijou","Label":"Brand","Locale":"es_ES"}},"Title":{"DisplayValue":"Anillo Ajustable de Cuero Marrón con Pieza Rectangular de Zamak, Moderno, Regalos para Ella, Regalo Mujer, Regalo Navidad","Label":"Title","Locale":"es_ES"}},"Offers":{"Summaries":[{"Condition":{"Value":"New"},"LowestPrice":{"Amount":35.0,"Currency":"EUR","DisplayAmount":"35,00 €"}}]}},{"ASIN":"B07BSCLGQ9","DetailPageURL":"https://www.amazon.es/dp/B07BSCLGQ9?tag=topinalambricos-21&linkCode=osi&th=1&psc=1","Images":{"Primary":{"Small":{"Height":63,"URL":"https://m.media-amazon.com/images/I/41h5GgUKkBL._SL75_.jpg","Width":75}}},"ItemInfo":{"ByLineInfo":{"Brand":{"DisplayValue":"ArtBijou","Label":"Brand","Locale":"es_ES"}},"Title":{"DisplayValue":"Anillo Ajustable de Cuero Marrón con Flor de Zamak, Moderno, Regalos para Ella, Regalo Mujer","Label":"Title","Locale":"es_ES"}},"Offers":{"Summaries":[{"Condition":{"Value":"New"},"LowestPrice":{"Amount":26.0,"Currency":"EUR","DisplayAmount":"26,00 €"}}]}},{"ASIN":"B01MSVW49A","DetailPageURL":"https://www.amazon.es/dp/B01MSVW49A?tag=topinalambricos-21&linkCode=osi&th=1&psc=1","Images":{"Primary":{"Small":{"Height":58,"URL":"https://m.media-amazon.com/images/I/31aTzNUWoML._SL75_.jpg","Width":75}}},"ItemInfo":{"ByLineInfo":{"Brand":{"DisplayValue":"ArtBijou","Label":"Brand","Locale":"es_ES"}},"Title":{"DisplayValue":"Anillo de Cuero Negro con Perla Redonda Blanca y Bolitas Doradas, Moderno y Elegante, Regalos para Ella, Regalo Mujer","Label":"Title","Locale":"es_ES"}},"Offers":{"Summaries":[{"Condition":{"Value":"New"},"LowestPrice":{"Amount":34.0,"Currency":"EUR","DisplayAmount":"34,00 €"}}]}},{"ASIN":"B077YQVPZ7","DetailPageURL":"https://www.amazon.es/dp/B077YQVPZ7?tag=topinalambricos-21&linkCode=osi&th=1&psc=1","Images":{"Primary":{"Small":{"Height":49,"URL":"https://m.media-amazon.com/images/I/21T3sf-l+ML._SL75_.jpg","Width":75}}},"ItemInfo":{"ByLineInfo":{"Brand":{"DisplayValue":"ArtBijou","Label":"Brand","Locale":"es_ES"}},"Title":{"DisplayValue":"Anillo de Cuero Marrón con Perla, Moderno, Regalos para Ella, Regalo Mujer","Label":"Title","Locale":"es_ES"}},"Offers":{"Summaries":[{"Condition":{"Value":"New"},"LowestPrice":{"Amount":31.0,"Currency":"EUR","DisplayAmount":"31,00 €"}}]}},{"ASIN":"B01N4DPFZ3","DetailPageURL":"https://www.amazon.es/dp/B01N4DPFZ3?tag=topinalambricos-21&linkCode=osi&th=1&psc=1","Images":{"Primary":{"Small":{"Height":62,"URL":"https://m.media-amazon.com/images/I/31ksCuyn-TL._SL75_.jpg","Width":75}}},"ItemInfo":{"ByLineInfo":{"Brand":{"DisplayValue":"ArtBijou","Label":"Brand","Locale":"es_ES"}},"Title":{"DisplayValue":"Anillo de Cuero Negro con Bola de Cerámica Gris Metalizado y Bolitas Plateadas, Moderno y Elegante, Regalos para Ella, Regalo Mujer","Label":"Title","Locale":"es_ES"}},"Offers":{"Summaries":[{"Condition":{"Value":"New"},"LowestPrice":{"Amount":42.0,"Currency":"EUR","DisplayAmount":"42,00 €"}}]}},{"ASIN":"B078W8KM47","DetailPageURL":"https://www.amazon.es/dp/B078W8KM47?tag=topinalambricos-21&linkCode=osi&th=1&psc=1","Images":{"Primary":{"Small":{"Height":50,"URL":"https://m.media-amazon.com/images/I/318jIL+eYjL._SL75_.jpg","Width":75}}},"ItemInfo":{"ByLineInfo":{"Brand":{"DisplayValue":"ArtBijou","Label":"Brand","Locale":"es_ES"}},"Title":{"DisplayValue":"Anillo de Cuero Marrón con Bola de Cerámica Azul, Gris y Morado, Moderno, Boho Chic, Hippie, Regalos para Ella, Regalo Mujer","Label":"Title","Locale":"es_ES"}},"Offers":{"Summaries":[{"Condition":{"Value":"New"},"LowestPrice":{"Amount":38.0,"Currency":"EUR","DisplayAmount":"38,00 €"}}]}},{"ASIN":"B07ZCB8YWJ","DetailPageURL":"https://www.amazon.es/dp/B07ZCB8YWJ?tag=topinalambricos-21&linkCode=osi&th=1&psc=1","Images":{"Primary":{"Small":{"Height":57,"URL":"https://m.media-amazon.com/images/I/31mD1Cx813L._SL75_.jpg","Width":75}}},"ItemInfo":{"ByLineInfo":{"Brand":{"DisplayValue":"ArtBijou","Label":"Brand","Locale":"es_ES"}},"Title":{"DisplayValue":"Anillo Ajustable de Cuero Marrón con Copo de Nieve de Zamak, Moderno, Regalos para Ella, Regalo Mujer, Regalo Navidad","Label":"Title","Locale":"es_ES"}},"Offers":{"Summaries":[{"Condition":{"Value":"New"},"LowestPrice":{"Amount":30.0,"Currency":"EUR","DisplayAmount":"30,00 €"}}]}}],"SearchURL":"https://www.amazon.es/s?k=anillos+de+cuero&rh=n%3A10740573031%2Cp_n_availability%3A-1&tag=topinalambricos-21&linkCode=osi","TotalResultCount":37}},"132":{"SearchResult":{"Items":[{"ASIN":"B07XNTCRNK","DetailPageURL":"https://www.amazon.es/dp/B07XNTCRNK?tag=topinalambricos-21&linkCode=osi&th=1&psc=1","Images":{"Primary":{"Small":{"Height":75,"URL":"https://m.media-amazon.com/images/I/41cdvxAJlCL._SL75_.jpg","Width":75}}},"ItemInfo":{"ByLineInfo":{"Brand":{"DisplayValue":"C-","Label":"Brand","Locale":"es_ES"},"Manufacturer":{"DisplayValue":"C-","Label":"Manufacturer","Locale":"es_ES"}},"Title":{"DisplayValue":"C- Pendientes para Mujer - Super exagerada Belleza Moderada, Metal, triángulo, Gotas, Borla de Cuero Vintage, Negro","Label":"Title","Locale":"es_ES"}},"Offers":{"Summaries":[{"Condition":{"Value":"New"},"LowestPrice":{"Amount":24.49,"Currency":"EUR","DisplayAmount":"24,49 €"}}]}},{"ASIN":"B0BNB763ZD","DetailPageURL":"https://www.amazon.es/dp/B0BNB763ZD?tag=topinalambricos-21&linkCode=osi&th=1&psc=1","Images":{"Primary":{"Small":{"Height":75,"URL":"https://m.media-amazon.com/images/I/41mceDy3o1L._SL75_.jpg","Width":75}}},"ItemInfo":{"ByLineInfo":{"Brand":{"DisplayValue":"Desconocido","Label":"Brand","Locale":"es_ES"}},"Title":{"DisplayValue":"Pendientes Dragon Single Flying Creative Metal sin agujeros, retro, pendientes de clip, pendientes punk, dorado, Talla única","Label":"Title","Locale":"es_ES"}},"Offers":{"Summaries":[{"Condition":{"Value":"New"},"LowestPrice":{"Amount":7.68,"Currency":"EUR","DisplayAmount":"7,68 €"}}]}},{"ASIN":"B0BPHCJR1S","DetailPageURL":"https://www.amazon.es/dp/B0BPHCJR1S?tag=topinalambricos-21&linkCode=osi&th=1&psc=1","Images":{"Primary":{"Small":{"Height":75,"URL":"https://m.media-amazon.com/images/I/41Um8iKfR5S._SL75_.jpg","Width":75}}},"ItemInfo":{"ByLineInfo":{"Brand":{"DisplayValue":"Desconocido","Label":"Brand","Locale":"es_ES"}},"Title":{"DisplayValue":"Pendiente Pendientes Grandes Joyería Moda Moda Moda Patrón Verano Pendientes Geométricos Pendientes Chinos, D, Talla única","Label":"Title","Locale":"es_ES"}},"Offers":{"Summaries":[{"Condition":{"Value":"New"},"LowestPrice":{"Amount":6.94,"Currency":"EUR","DisplayAmount":"6,94 €"}}]}},{"ASIN":"B08SCCRTRD","DetailPageURL":"https://www.amazon.es/dp/B08SCCRTRD?tag=topinalambricos-21&linkCode=osi&th=1&psc=1","Images":{"Primary":{"Small":{"Height":75,"URL":"https://m.media-amazon.com/images/I/411Fz79xFVL._SL75_.jpg","Width":75}}},"ItemInfo":{"ByLineInfo":{"Brand":{"DisplayValue":"DJMJHG","Label":"Brand","Locale":"es_ES"},"Manufacturer":{"DisplayValue":"DJMJHG","Label":"Manufacturer","Locale":"es_ES"}},"Title":{"DisplayValue":"DJMJHG Pendientes de botón Pendientes Boho Pendientes Joyas largas de Moda Mejor Regalo de San Valentín   Cuero Rojo","Label":"Title","Locale":"es_ES"}},"Offers":{"Summaries":[{"Condition":{"Value":"New"},"LowestPrice":{"Amount":11.18,"Currency":"EUR","DisplayAmount":"11,18 €"}}]}},{"ASIN":"B083GFM399","DetailPageURL":"https://www.amazon.es/dp/B083GFM399?tag=topinalambricos-21&linkCode=osi&th=1&psc=1","Images":{"Primary":{"Small":{"Height":75,"URL":"https://m.media-amazon.com/images/I/410L2Y2fh6L._SL75_.jpg","Width":75}}},"ItemInfo":{"ByLineInfo":{"Brand":{"DisplayValue":"LLXXN","Label":"Brand","Locale":"es_ES"},"Manufacturer":{"DisplayValue":"LLSGXNY","Label":"Manufacturer","Locale":"es_ES"}},"Title":{"DisplayValue":"LLXXN Diseño Temperamento Salvaje Pendientes de Cuero de Moda Pendientes creativos","Label":"Title","Locale":"es_ES"}},"Offers":{"Summaries":[{"Condition":{"Value":"New"},"LowestPrice":{"Amount":16.6,"Currency":"EUR","DisplayAmount":"16,60 €"}}]}},{"ASIN":"B07XNT2JNB","DetailPageURL":"https://www.amazon.es/dp/B07XNT2JNB?tag=topinalambricos-21&linkCode=osi&th=1&psc=1","Images":{"Primary":{"Small":{"Height":75,"URL":"https://m.media-amazon.com/images/I/418QlIEKSwL._SL75_.jpg","Width":75}}},"ItemInfo":{"ByLineInfo":{"Brand":{"DisplayValue":"C-","Label":"Brand","Locale":"es_ES"},"Manufacturer":{"DisplayValue":"C-","Label":"Manufacturer","Locale":"es_ES"}},"Title":{"DisplayValue":"C- Pendientes para Mujer - Super exagerada Belleza Moderada, Metal, triángulo, Gotas, Borla de Cuero Vintage, Oro","Label":"Title","Locale":"es_ES"}},"Offers":{"Summaries":[{"Condition":{"Value":"New"},"LowestPrice":{"Amount":24.49,"Currency":"EUR","DisplayAmount":"24,49 €"}}]}},{"ASIN":"B083DDB2BN","DetailPageURL":"https://www.amazon.es/dp/B083DDB2BN?tag=topinalambricos-21&linkCode=osi&th=1&psc=1","Images":{"Primary":{"Small":{"Height":75,"URL":"https://m.media-amazon.com/images/I/41Qt+ZKvYWL._SL75_.jpg","Width":75}}},"ItemInfo":{"ByLineInfo":{"Brand":{"DisplayValue":"LLXXN","Label":"Brand","Locale":"es_ES"},"Manufacturer":{"DisplayValue":"LLSGXNY","Label":"Manufacturer","Locale":"es_ES"}},"Title":{"DisplayValue":"LLXXN Pendientes creativos de Cuero con Forma de Gota para Mujer","Label":"Title","Locale":"es_ES"}},"Offers":{"Summaries":[{"Condition":{"Value":"New"},"LowestPrice":{"Amount":16.0,"Currency":"EUR","DisplayAmount":"16,00 €"}}]}},{"ASIN":"B08THR88NL","DetailPageURL":"https://www.amazon.es/dp/B08THR88NL?tag=topinalambricos-21&linkCode=osi&th=1&psc=1","Images":{"Primary":{"Small":{"Height":75,"URL":"https://m.media-amazon.com/images/I/41zjF-8wzrL._SL75_.jpg","Width":75}}},"ItemInfo":{"ByLineInfo":{"Brand":{"DisplayValue":"DJMJHG","Label":"Brand","Locale":"es_ES"},"Manufacturer":{"DisplayValue":"DJMJHG","Label":"Manufacturer","Locale":"es_ES"}},"Title":{"DisplayValue":"DJMJHG Pendientes de Hoja de Resina Pendientes para Mujer Pendientes Grandes Pendientes de Gota Pendientes de Mujer Pendientes de Moda Joya   Amarilla","Label":"Title","Locale":"es_ES"}},"Offers":{"Summaries":[{"Condition":{"Value":"New"},"LowestPrice":{"Amount":11.76,"Currency":"EUR","DisplayAmount":"11,76 €"}}]}},{"ASIN":"B08S41VSX9","DetailPageURL":"https://www.amazon.es/dp/B08S41VSX9?tag=topinalambricos-21&linkCode=osi&th=1&psc=1","Images":{"Primary":{"Small":{"Height":75,"URL":"https://m.media-amazon.com/images/I/51ZMhtwtJ-L._SL75_.jpg","Width":75}}},"ItemInfo":{"ByLineInfo":{"Brand":{"DisplayValue":"DJMJHG","Label":"Brand","Locale":"es_ES"},"Manufacturer":{"DisplayValue":"DJMJHG","Label":"Manufacturer","Locale":"es_ES"}},"Title":{"DisplayValue":"DJMJHG Pendientes de Boda para Mujer Pendientes Joyería de Moda Pendientes llamativos Pendientes Grandes Pendientes Largos   Azul","Label":"Title","Locale":"es_ES"}},"Offers":{"Summaries":[{"Condition":{"Value":"New"},"LowestPrice":{"Amount":10.91,"Currency":"EUR","DisplayAmount":"10,91 €"}}]}},{"ASIN":"B096FYRN8M","DetailPageURL":"https://www.amazon.es/dp/B096FYRN8M?tag=topinalambricos-21&linkCode=osi&th=1&psc=1","Images":{"Primary":{"Small":{"Height":75,"URL":"https://m.media-amazon.com/images/I/41jXcjDyPLS._SL75_.jpg","Width":75}}},"ItemInfo":{"ByLineInfo":{"Brand":{"DisplayValue":"DJMJHG","Label":"Brand","Locale":"es_ES"},"Manufacturer":{"DisplayValue":"DJMJHG","Label":"Manufacturer","Locale":"es_ES"}},"Title":{"DisplayValue":"Pendientes de plata 925 con perlas naturales para mujer, piedra preciosa nupcial, aro colgante   blanco, pendientes de perlas, joyería para niña, pendiente de perlas negras","Label":"Title","Locale":"es_ES"}},"Offers":{"Summaries":[{"Condition":{"Value":"New"},"LowestPrice":{"Amount":21.83,"Currency":"EUR","DisplayAmount":"21,83 €"}}]}}],"SearchURL":"https://www.amazon.es/s?k=pendientes+cuero+retro&rh=n%3A5874948031%2Cp_n_availability%3A-1&tag=topinalambricos-21&linkCode=osi","TotalResultCount":54}},"133":{"SearchResult":{"Items":[{"ASIN":"B07XT415K5","DetailPageURL":"https://www.amazon.es/dp/B07XT415K5?tag=topinalambricos-21&linkCode=osi&th=1&psc=1","Images":{"Primary":{"Small":{"Height":75,"URL":"https://m.media-amazon.com/images/I/41rx9w387NL._SL75_.jpg","Width":75}}},"ItemInfo":{"ByLineInfo":{"Brand":{"DisplayValue":"YAZILIND","Label":"Brand","Locale":"es_ES"},"Manufacturer":{"DisplayValue":"YAZILIND JEWELRY LIMITED","Label":"Manufacturer","Locale":"es_ES"}},"Title":{"DisplayValue":"YAZILIND Moda Retro Tobilleras de Cuero Cuerda Tejido caracola Concha Hecho a Mano con Cuentas Multicapa pie de Playa Pulsera joyería joyería","Label":"Title","Locale":"es_ES"}},"Offers":{"Summaries":[{"Condition":{"Value":"New"},"LowestPrice":{"Amount":2.39,"Currency":"EUR","DisplayAmount":"2,39 €"}}]}},{"ASIN":"B082XB2NZ4","DetailPageURL":"https://www.amazon.es/dp/B082XB2NZ4?tag=topinalambricos-21&linkCode=osi&th=1&psc=1","Images":{"Primary":{"Small":{"Height":75,"URL":"https://m.media-amazon.com/images/I/31QYh-R00gL._SL75_.jpg","Width":75}}},"ItemInfo":{"ByLineInfo":{"Brand":{"DisplayValue":"Made by Nami","Label":"Brand","Locale":"es_ES"}},"Title":{"DisplayValue":"Made by Nami Tobillera Surferas Mujer y Hombre - Tobillera Fina Estilo Boho Hippie - Accesorios Festivales y Playa - Hechos a Mano - Resistente al Agua y Ajustable (Blanco)","Label":"Title","Locale":"es_ES"}},"Offers":{"Summaries":[{"Condition":{"Value":"New"},"LowestPrice":{"Amount":7.99,"Currency":"EUR","DisplayAmount":"7,99 €"}}]}},{"ASIN":"B0876KQLDP","DetailPageURL":"https://www.amazon.es/dp/B0876KQLDP?tag=topinalambricos-21&linkCode=osi&th=1&psc=1","Images":{"Primary":{"Small":{"Height":75,"URL":"https://m.media-amazon.com/images/I/41jPHN8578L._SL75_.jpg","Width":75}}},"ItemInfo":{"ByLineInfo":{"Brand":{"DisplayValue":"YAZILIND","Label":"Brand","Locale":"es_ES"},"Manufacturer":{"DisplayValue":"YAZILIND JEWELRY LIMITED","Label":"Manufacturer","Locale":"es_ES"}},"Title":{"DisplayValue":"YAZILIND Beach Style Calzado Moda Cuero Cuerda Concha Shell Pulsera Multicapa Tobillera Joyería","Label":"Title","Locale":"es_ES"}},"Offers":{"Summaries":[{"Condition":{"Value":"New"},"LowestPrice":{"Amount":2.29,"Currency":"EUR","DisplayAmount":"2,29 €"}}]}},{"ASIN":"B07XLJZ127","DetailPageURL":"https://www.amazon.es/dp/B07XLJZ127?tag=topinalambricos-21&linkCode=osi&th=1&psc=1","Images":{"Primary":{"Small":{"Height":75,"URL":"https://m.media-amazon.com/images/I/41yxYpxpACL._SL75_.jpg","Width":75}}},"ItemInfo":{"ByLineInfo":{"Brand":{"DisplayValue":"YAZILIND","Label":"Brand","Locale":"es_ES"},"Manufacturer":{"DisplayValue":"YAZILIND JEWELRY LIMITED","Label":"Manufacturer","Locale":"es_ES"}},"Title":{"DisplayValue":"YAZILIND pies Accesorios Doble Capa de Cuero Cuerda Tobillera Estrella Forma Tobilleras pie de Playa Pulsera joyería","Label":"Title","Locale":"es_ES"}},"Offers":{"Summaries":[{"Condition":{"Value":"New"},"LowestPrice":{"Amount":2.29,"Currency":"EUR","DisplayAmount":"2,29 €"}}]}},{"ASIN":"B08CXLFKL9","DetailPageURL":"https://www.amazon.es/dp/B08CXLFKL9?tag=topinalambricos-21&linkCode=osi&th=1&psc=1","Images":{"Primary":{"Small":{"Height":75,"URL":"https://m.media-amazon.com/images/I/41iXSqsSI3L._SL75_.jpg","Width":75}}},"ItemInfo":{"ByLineInfo":{"Brand":{"DisplayValue":"AueDsa","Label":"Brand","Locale":"es_ES"},"Manufacturer":{"DisplayValue":"AueDsa","Label":"Manufacturer","Locale":"es_ES"}},"Title":{"DisplayValue":"AueDsa Tobillera Mujer Cuerda Cuero Piedras Tobillera Mujer Azul Claro","Label":"Title","Locale":"es_ES"}},"Offers":{"Summaries":[{"Condition":{"Value":"New"},"LowestPrice":{"Amount":9.99,"Currency":"EUR","DisplayAmount":"9,99 €"}}]}},{"ASIN":"B0B2WBYFRW","DetailPageURL":"https://www.amazon.es/dp/B0B2WBYFRW?tag=topinalambricos-21&linkCode=osi&th=1&psc=1","Images":{"Primary":{"Small":{"Height":75,"URL":"https://m.media-amazon.com/images/I/31UiFqZUu3L._SL75_.jpg","Width":75}}},"ItemInfo":{"ByLineInfo":{"Brand":{"DisplayValue":"Desconocido","Label":"Brand","Locale":"es_ES"},"Manufacturer":{"DisplayValue":"generic","Label":"Manufacturer","Locale":"es_ES"}},"Title":{"DisplayValue":"Desconocido Tobilleras de Concha Bohemia para Mujer, Cuero Hecho a Mano, Tejido de Concha Natural, joyería para pies, Playa de Verano, Pulsera descalza en la Pierna para Mujer (Tobillera Beige)","Label":"Title","Locale":"es_ES"}},"Offers":{"Summaries":[{"Condition":{"Value":"New"},"LowestPrice":{"Amount":31.64,"Currency":"EUR","DisplayAmount":"31,64 €"}}]}},{"ASIN":"B0B2W9KYZ9","DetailPageURL":"https://www.amazon.es/dp/B0B2W9KYZ9?tag=topinalambricos-21&linkCode=osi&th=1&psc=1","Images":{"Primary":{"Small":{"Height":75,"URL":"https://m.media-amazon.com/images/I/31WkZ6AyA9L._SL75_.jpg","Width":75}}},"ItemInfo":{"ByLineInfo":{"Brand":{"DisplayValue":"Desconocido","Label":"Brand","Locale":"es_ES"},"Manufacturer":{"DisplayValue":"generic","Label":"Manufacturer","Locale":"es_ES"}},"Title":{"DisplayValue":"Desconocido Tobilleras de Concha Bohemia para Mujer, Cuero Hecho a Mano, Tejido de Concha Natural, joyería para pies, Playa de Verano, Pulsera descalza en la Pierna para Mujer (Tobillera Negra)","Label":"Title","Locale":"es_ES"}},"Offers":{"Summaries":[{"Condition":{"Value":"New"},"LowestPrice":{"Amount":32.03,"Currency":"EUR","DisplayAmount":"32,03 €"}}]}},{"ASIN":"B0876JKK8N","DetailPageURL":"https://www.amazon.es/dp/B0876JKK8N?tag=topinalambricos-21&linkCode=osi&th=1&psc=1","Images":{"Primary":{"Small":{"Height":75,"URL":"https://m.media-amazon.com/images/I/31elOcbgsXL._SL75_.jpg","Width":75}}},"ItemInfo":{"ByLineInfo":{"Brand":{"DisplayValue":"YAZILIND","Label":"Brand","Locale":"es_ES"},"Manufacturer":{"DisplayValue":"YAZILIND JEWELRY LIMITED","Label":"Manufacturer","Locale":"es_ES"}},"Title":{"DisplayValue":"YAZILIND Personalidad Amistad Pulsera de Cuero Cuerda Perlas Sol Colgante Multicapa Tobillera joyería (Negro)","Label":"Title","Locale":"es_ES"}},"Offers":{"Summaries":[{"Condition":{"Value":"New"},"LowestPrice":{"Amount":1.99,"Currency":"EUR","DisplayAmount":"1,99 €"}}]}},{"ASIN":"B0876K11QZ","DetailPageURL":"https://www.amazon.es/dp/B0876K11QZ?tag=topinalambricos-21&linkCode=osi&th=1&psc=1","Images":{"Primary":{"Small":{"Height":75,"URL":"https://m.media-amazon.com/images/I/41DOaw3c4tL._SL75_.jpg","Width":75}}},"ItemInfo":{"ByLineInfo":{"Brand":{"DisplayValue":"YAZILIND","Label":"Brand","Locale":"es_ES"},"Manufacturer":{"DisplayValue":"YAZILIND JEWELRY LIMITED","Label":"Manufacturer","Locale":"es_ES"}},"Title":{"DisplayValue":"YAZILIND Moda Calzado Cuero Cuerda Multicapa Pulsera Conjuntos de Mujeres joyería(5pcs)","Label":"Title","Locale":"es_ES"}},"Offers":{"Summaries":[{"Condition":{"Value":"New"},"LowestPrice":{"Amount":2.99,"Currency":"EUR","DisplayAmount":"2,99 €"}}]}},{"ASIN":"B0BMZWHTYJ","DetailPageURL":"https://www.amazon.es/dp/B0BMZWHTYJ?tag=topinalambricos-21&linkCode=osi&th=1&psc=1","Images":{"Primary":{"Small":{"Height":46,"URL":"https://m.media-amazon.com/images/I/31QzukTrvDL._SL75_.jpg","Width":75}}},"ItemInfo":{"ByLineInfo":{"Brand":{"DisplayValue":"Desconocido","Label":"Brand","Locale":"es_ES"},"Manufacturer":{"DisplayValue":"generic","Label":"Manufacturer","Locale":"es_ES"}},"Title":{"DisplayValue":"Tobillera de cuentas de cuero pulsera tejida tobilleras para mujeres hombres pareja descalzo sandalias zapatos playa piscina conveniente y agradable","Label":"Title","Locale":"es_ES"}},"Offers":{"Summaries":[{"Condition":{"Value":"New"},"LowestPrice":{"Amount":2.21,"Currency":"EUR","DisplayAmount":"2,21 €"}}]}}],"SearchURL":"https://www.amazon.es/s?k=cuero&rh=n%3A10440374031%2Cp_n_availability%3A-1&tag=topinalambricos-21&linkCode=osi","TotalResultCount":154}},"136":{"SearchResult":{"Items":[{"ASIN":"B00YGY4J8U","DetailPageURL":"https://www.amazon.es/dp/B00YGY4J8U?tag=topinalambricos-21&linkCode=osi&th=1&psc=1","Images":{"Primary":{"Small":{"Height":75,"URL":"https://m.media-amazon.com/images/I/51VCSZqzvfL._SL75_.jpg","Width":75}}},"ItemInfo":{"ByLineInfo":{"Brand":{"DisplayValue":"DRF","Label":"Brand","Locale":"es_ES"},"Manufacturer":{"DisplayValue":"DRF","Label":"Manufacturer","Locale":"es_ES"}},"Title":{"DisplayValue":"DRF Mochila Cuero Mujeres con Cordones Clásico Formato A4 BG121 (Marrón)","Label":"Title","Locale":"es_ES"}},"Offers":{"Summaries":[{"Condition":{"Value":"New"},"LowestPrice":{"Amount":63.99,"Currency":"EUR","DisplayAmount":"63,99 €"}}]}},{"ASIN":"B0B5HG1LG6","DetailPageURL":"https://www.amazon.es/dp/B0B5HG1LG6?tag=topinalambricos-21&linkCode=osi&th=1&psc=1","Images":{"Primary":{"Small":{"Height":75,"URL":"https://m.media-amazon.com/images/I/319AozNgSKL._SL75_.jpg","Width":56}}},"ItemInfo":{"ByLineInfo":{"Brand":{"DisplayValue":"Guess","Label":"Brand","Locale":"es_ES"},"Manufacturer":{"DisplayValue":"Guess","Label":"Manufacturer","Locale":"es_ES"}},"Title":{"DisplayValue":"Guess VIKKY BACKPACK, Negro , Talla única, Clásico","Label":"Title","Locale":"es_ES"}},"Offers":{"Summaries":[{"Condition":{"Value":"New"},"LowestPrice":{"Amount":105.3,"Currency":"EUR","DisplayAmount":"105,30 €"}}]}},{"ASIN":"B07QMFW7T7","DetailPageURL":"https://www.amazon.es/dp/B07QMFW7T7?tag=topinalambricos-21&linkCode=osi&th=1&psc=1","Images":{"Primary":{"Small":{"Height":75,"URL":"https://m.media-amazon.com/images/I/418ZsWWe+EL._SL75_.jpg","Width":75}}},"ItemInfo":{"ByLineInfo":{"Brand":{"DisplayValue":"Janede","Label":"Brand","Locale":"es_ES"},"Manufacturer":{"DisplayValue":"Janede","Label":"Manufacturer","Locale":"es_ES"}},"Title":{"DisplayValue":"Moda Mochila pequeña Monedero Casual Daypacks de cuero para adolescentes y mujeres Nuevo (Blanco)","Label":"Title","Locale":"es_ES"}},"Offers":{"Summaries":[{"Condition":{"Value":"New"},"LowestPrice":{"Amount":17.0,"Currency":"EUR","DisplayAmount":"17,00 €"}}]}},{"ASIN":"B00ABJG9SC","DetailPageURL":"https://www.amazon.es/dp/B00ABJG9SC?tag=topinalambricos-21&linkCode=osi&th=1&psc=1","Images":{"Primary":{"Small":{"Height":75,"URL":"https://m.media-amazon.com/images/I/41qe+KgupaL._SL75_.jpg","Width":69}}},"ItemInfo":{"ByLineInfo":{"Brand":{"DisplayValue":"Gusti","Label":"Brand","Locale":"es_ES"},"Manufacturer":{"DisplayValue":"Gusti Leder","Label":"Manufacturer","Locale":"es_ES"}},"Title":{"DisplayValue":"Gusti Cuero nature Joe Mochila Vintage Formato A4 Universidad Oficina Trabajo Carpetas Libros Portátil 15'' Retro Marrón U39","Label":"Title","Locale":"es_ES"}},"Offers":{"Summaries":[{"Condition":{"Value":"New"},"LowestPrice":{"Amount":104.95,"Currency":"EUR","DisplayAmount":"104,95 €"}}]}},{"ASIN":"B07X4FXSSZ","DetailPageURL":"https://www.amazon.es/dp/B07X4FXSSZ?tag=topinalambricos-21&linkCode=osi&th=1&psc=1","Images":{"Primary":{"Small":{"Height":75,"URL":"https://m.media-amazon.com/images/I/41lvvFiSsML._SL75_.jpg","Width":75}}},"ItemInfo":{"ByLineInfo":{"Brand":{"DisplayValue":"Johnny Urban","Label":"Brand","Locale":"es_ES"}},"Title":{"DisplayValue":"Johnny Urban Mochila Mujer Pequeña Rosado Elias Casual Bolso e Día de Chica Hecho de Botellas PET Recicladas - Mini Moderno Mochilas Backpack Mujeres - Morral y Bandolera en Una - Ideal para Ocio","Label":"Title","Locale":"es_ES"}},"Offers":{"Summaries":[{"Condition":{"Value":"New"},"LowestPrice":{"Amount":59.95,"Currency":"EUR","DisplayAmount":"59,95 €"}}]}},{"ASIN":"B00O2HJI82","DetailPageURL":"https://www.amazon.es/dp/B00O2HJI82?tag=topinalambricos-21&linkCode=osi&th=1&psc=1","Images":{"Primary":{"Small":{"Height":49,"URL":"https://m.media-amazon.com/images/I/31FV338a2UL._SL75_.jpg","Width":75}}},"ItemInfo":{"ByLineInfo":{"Brand":{"DisplayValue":"Katana","Label":"Brand","Locale":"es_ES"},"Manufacturer":{"DisplayValue":"Katana","Label":"Manufacturer","Locale":"es_ES"}},"Title":{"DisplayValue":"Katana Mochila Portaordenador 15' Cuero De Vaca Graneado K 69510, Negro , Talla única","Label":"Title","Locale":"es_ES"}},"Offers":{"Summaries":[{"Condition":{"Value":"New"},"LowestPrice":{"Amount":110.0,"Currency":"EUR","DisplayAmount":"110,00 €"}}]}},{"ASIN":"B0B3NK14PH","DetailPageURL":"https://www.amazon.es/dp/B0B3NK14PH?tag=topinalambricos-21&linkCode=osi&th=1&psc=1","Images":{"Primary":{"Small":{"Height":75,"URL":"https://m.media-amazon.com/images/I/41o4flZ+iNL._SL75_.jpg","Width":57}}},"ItemInfo":{"ByLineInfo":{"Brand":{"DisplayValue":"MAGIC SELECT","Label":"Brand","Locale":"es_ES"},"Manufacturer":{"DisplayValue":"MAGIC SELECT","Label":"Manufacturer","Locale":"es_ES"}},"Title":{"DisplayValue":"MAGIC SELECT Bolso Mochila para Mujer. Mini Mochila Casual hecha de Cuero PU con 3 Cremalleras Metálicas, 5 Compartimentos, Asa Superior y Correas Traseras Ajustables para Escuela, Oficina, Viajes.","Label":"Title","Locale":"es_ES"}},"Offers":{"Summaries":[{"Condition":{"Value":"New"},"LowestPrice":{"Amount":24.98,"Currency":"EUR","DisplayAmount":"24,98 €"}}]}},{"ASIN":"B00YGZ33H2","DetailPageURL":"https://www.amazon.es/dp/B00YGZ33H2?tag=topinalambricos-21&linkCode=osi&th=1&psc=1","Images":{"Primary":{"Small":{"Height":75,"URL":"https://m.media-amazon.com/images/I/5181nG7LUbL._SL75_.jpg","Width":75}}},"ItemInfo":{"ByLineInfo":{"Brand":{"DisplayValue":"DRF","Label":"Brand","Locale":"es_ES"},"Manufacturer":{"DisplayValue":"DRF","Label":"Manufacturer","Locale":"es_ES"}},"Title":{"DisplayValue":"DRF Mochila Casual Duradero Bolsa De Viaje Mujeres BG122","Label":"Title","Locale":"es_ES"}},"Offers":{"Summaries":[{"Condition":{"Value":"New"},"LowestPrice":{"Amount":55.99,"Currency":"EUR","DisplayAmount":"55,99 €"}}]}},{"ASIN":"B010FJLOXC","DetailPageURL":"https://www.amazon.es/dp/B010FJLOXC?tag=topinalambricos-21&linkCode=osi&th=1&psc=1","Images":{"Primary":{"Small":{"Height":75,"URL":"https://m.media-amazon.com/images/I/5102NymPS+L._SL75_.jpg","Width":65}}},"ItemInfo":{"ByLineInfo":{"Brand":{"DisplayValue":"YOJAN PIEL","Label":"Brand","Locale":"es_ES"}},"Title":{"DisplayValue":"Mochila de Piel Para Mujer | Bolso Bandolera de Hombro con Varios Compartimentos | Casual y Vintage | De Piel Genuina 100% | Resistente, Suave y Duradera","Label":"Title","Locale":"es_ES"}},"Offers":{"Summaries":[{"Condition":{"Value":"New"},"LowestPrice":{"Amount":35.0,"Currency":"EUR","DisplayAmount":"35,00 €"}}]}},{"ASIN":"B07KDSJ11S","DetailPageURL":"https://www.amazon.es/dp/B07KDSJ11S?tag=topinalambricos-21&linkCode=osi&th=1&psc=1","Images":{"Primary":{"Small":{"Height":75,"URL":"https://m.media-amazon.com/images/I/41UvChSvfNL._SL75_.jpg","Width":75}}},"ItemInfo":{"ByLineInfo":{"Brand":{"DisplayValue":"adidas","Label":"Brand","Locale":"es_ES"},"Manufacturer":{"DisplayValue":"adidas","Label":"Manufacturer","Locale":"es_ES"}},"Title":{"DisplayValue":"adidas Originals Mochila unisex de cuero de la PU de los originales mini","Label":"Title","Locale":"es_ES"}},"Offers":{"Summaries":[{"Condition":{"Value":"New"},"LowestPrice":{"Amount":150.05,"Currency":"EUR","DisplayAmount":"150,05 €"}}]}}],"SearchURL":"https://www.amazon.es/s?k=cuero+mujer&rh=n%3A2007986031%2Cp_n_availability%3A-1&tag=topinalambricos-21&linkCode=osi","TotalResultCount":271}},"137":{"SearchResult":{"Items":[{"ASIN":"B07RPV32XM","DetailPageURL":"https://www.amazon.es/dp/B07RPV32XM?tag=topinalambricos-21&linkCode=osi&th=1&psc=1","Images":{"Primary":{"Small":{"Height":75,"URL":"https://m.media-amazon.com/images/I/41XdM-ND5rL._SL75_.jpg","Width":75}}},"ItemInfo":{"ByLineInfo":{"Brand":{"DisplayValue":"Sharkborough","Label":"Brand","Locale":"es_ES"},"Manufacturer":{"DisplayValue":"Sharkborough","Label":"Manufacturer","Locale":"es_ES"}},"Title":{"DisplayValue":"Sharkborough Supreme Anton - Mochila de viaje de cuero genuino para hombre, bolsa de viaje extra capacidad","Label":"Title","Locale":"es_ES"}},"Offers":{"Summaries":[{"Condition":{"Value":"New"},"LowestPrice":{"Amount":79.99,"Currency":"EUR","DisplayAmount":"79,99 €"}}]}},{"ASIN":"B06XC85784","DetailPageURL":"https://www.amazon.es/dp/B06XC85784?tag=topinalambricos-21&linkCode=osi&th=1&psc=1","Images":{"Primary":{"Small":{"Height":49,"URL":"https://m.media-amazon.com/images/I/31RVZQuZYWS._SL75_.jpg","Width":75}}},"ItemInfo":{"ByLineInfo":{"Brand":{"DisplayValue":"Alpenleder","Label":"Brand","Locale":"es_ES"}},"Title":{"DisplayValue":"Bolso Bandolera ALLGÄU | Cuero De Búfalo | Hombre Mujer Portátil Marrón | by Alpenleder (Brandy)","Label":"Title","Locale":"es_ES"}},"Offers":{"Summaries":[{"Condition":{"Value":"New"},"LowestPrice":{"Amount":339.0,"Currency":"EUR","DisplayAmount":"339,00 €"}}]}},{"ASIN":"B097M7LBPF","DetailPageURL":"https://www.amazon.es/dp/B097M7LBPF?tag=topinalambricos-21&linkCode=osi&th=1&psc=1","Images":{"Primary":{"Small":{"Height":75,"URL":"https://m.media-amazon.com/images/I/41o45ooJTjS._SL75_.jpg","Width":75}}},"ItemInfo":{"ByLineInfo":{"Brand":{"DisplayValue":"Hebetag","Label":"Brand","Locale":"es_ES"}},"Title":{"DisplayValue":"Bandolera de cuero para hombres y mujeres solo hombro pecho mochila viaje al aire libre camping casual, Negro,","Label":"Title","Locale":"es_ES"}},"Offers":{"Summaries":[{"Condition":{"Value":"New"},"LowestPrice":{"Amount":36.89,"Currency":"EUR","DisplayAmount":"36,89 €"}}]}},{"ASIN":"B0B8Y9NBX7","DetailPageURL":"https://www.amazon.es/dp/B0B8Y9NBX7?tag=topinalambricos-21&linkCode=osi&th=1&psc=1","Images":{"Primary":{"Small":{"Height":75,"URL":"https://m.media-amazon.com/images/I/31tpNMRhRXL._SL75_.jpg","Width":75}}},"ItemInfo":{"ByLineInfo":{"Brand":{"DisplayValue":"JJJ","Label":"Brand","Locale":"es_ES"},"Manufacturer":{"DisplayValue":"JJJ","Label":"Manufacturer","Locale":"es_ES"}},"Title":{"DisplayValue":"JJJ Mochila de los hombres Mochila de cuero de primera capa Bolsa de escuela multifuncional Bolsa de cuero suave para hombres Bolsa de boca multifuncional (Color: Negro)","Label":"Title","Locale":"es_ES"}},"Offers":{"Summaries":[{"Condition":{"Value":"New"},"LowestPrice":{"Amount":135.71,"Currency":"EUR","DisplayAmount":"135,71 €"}}]}},{"ASIN":"B095YJCNW1","DetailPageURL":"https://www.amazon.es/dp/B095YJCNW1?tag=topinalambricos-21&linkCode=osi&th=1&psc=1","Images":{"Primary":{"Small":{"Height":75,"URL":"https://m.media-amazon.com/images/I/41hWempIKkS._SL75_.jpg","Width":75}}},"ItemInfo":{"ByLineInfo":{"Brand":{"DisplayValue":"Dabeigouz","Label":"Brand","Locale":"es_ES"},"Manufacturer":{"DisplayValue":"Dabeigouzshoutb","Label":"Manufacturer","Locale":"es_ES"}},"Title":{"DisplayValue":"Dabeigouzshoutb bandoleras Hombre, Maletín de Negocios de Cuero Suave de los Hombres Bolsa de Mensajero para Hombres/Bolsa de Negocios Informal de Negocios de 14 Pulgadas Bolsa de computadora","Label":"Title","Locale":"es_ES"}},"Offers":{"Summaries":[{"Condition":{"Value":"New"},"LowestPrice":{"Amount":140.32,"Currency":"EUR","DisplayAmount":"140,32 €"}}]}},{"ASIN":"B0B99J19RK","DetailPageURL":"https://www.amazon.es/dp/B0B99J19RK?tag=topinalambricos-21&linkCode=osi&th=1&psc=1","Images":{"Primary":{"Small":{"Height":75,"URL":"https://m.media-amazon.com/images/I/31lhRHKnt3L._SL75_.jpg","Width":75}}},"ItemInfo":{"ByLineInfo":{"Brand":{"DisplayValue":"BGPH","Label":"Brand","Locale":"es_ES"},"Manufacturer":{"DisplayValue":"buguoaiyuziyou","Label":"Manufacturer","Locale":"es_ES"}},"Title":{"DisplayValue":"BGPH Mochila de Cuero for Hombres/Mujeres, Bolsa de Oficina de Negocios de Gran Capacidad Bolsa de Viaje Informal (Color : Brown)","Label":"Title","Locale":"es_ES"}},"Offers":{"Summaries":[{"Condition":{"Value":"New"},"LowestPrice":{"Amount":194.04,"Currency":"EUR","DisplayAmount":"194,04 €"}}]}},{"ASIN":"B0BHB69R9X","DetailPageURL":"https://www.amazon.es/dp/B0BHB69R9X?tag=topinalambricos-21&linkCode=osi&th=1&psc=1","Images":{"Primary":{"Small":{"Height":75,"URL":"https://m.media-amazon.com/images/I/41PxY205OtL._SL75_.jpg","Width":75}}},"ItemInfo":{"ByLineInfo":{"Brand":{"DisplayValue":"YQBUER","Label":"Brand","Locale":"es_ES"},"Manufacturer":{"DisplayValue":"YQBUER","Label":"Manufacturer","Locale":"es_ES"}},"Title":{"DisplayValue":"Bolso Multiusos de Cuero de Primera Capa Mochila de Cuero curtido Vegetal frotado a Mano con Relieve Retro de Estilo Chino (Color : Yellow, Size : 24 * 9 * 30cm)","Label":"Title","Locale":"es_ES"}},"Offers":{"Summaries":[{"Condition":{"Value":"New"},"LowestPrice":{"Amount":405.79,"Currency":"EUR","DisplayAmount":"405,79 €"}}]}},{"ASIN":"B0B8Y8W79W","DetailPageURL":"https://www.amazon.es/dp/B0B8Y8W79W?tag=topinalambricos-21&linkCode=osi&th=1&psc=1","Images":{"Primary":{"Small":{"Height":75,"URL":"https://m.media-amazon.com/images/I/41IV5nWwTnL._SL75_.jpg","Width":75}}},"ItemInfo":{"ByLineInfo":{"Brand":{"DisplayValue":"JJJ","Label":"Brand","Locale":"es_ES"},"Manufacturer":{"DisplayValue":"JJJ","Label":"Manufacturer","Locale":"es_ES"}},"Title":{"DisplayValue":"JJJ Mochila de cuero para hombre Mochila de primera capa de cuero para jóvenes Bolsa de viaje de cuero suave Bolsa de computadora impermeable de gran capacidad (Color: Negro)","Label":"Title","Locale":"es_ES"}},"Offers":{"Summaries":[{"Condition":{"Value":"New"},"LowestPrice":{"Amount":141.46,"Currency":"EUR","DisplayAmount":"141,46 €"}}]}},{"ASIN":"B0B99J8NVG","DetailPageURL":"https://www.amazon.es/dp/B0B99J8NVG?tag=topinalambricos-21&linkCode=osi&th=1&psc=1","Images":{"Primary":{"Small":{"Height":75,"URL":"https://m.media-amazon.com/images/I/41Ew29W0qML._SL75_.jpg","Width":75}}},"ItemInfo":{"ByLineInfo":{"Brand":{"DisplayValue":"BGPH","Label":"Brand","Locale":"es_ES"},"Manufacturer":{"DisplayValue":"buguoaiyuziyou","Label":"Manufacturer","Locale":"es_ES"}},"Title":{"DisplayValue":"BGPH Mochila de Cuero for Hombres, Mochila de Cuero portátil: Mochila de Cuero de Gran Capacidad Delgada Resistente al Agua, Mochila Informal de Caminata de Viaje (Color : Brown A)","Label":"Title","Locale":"es_ES"}},"Offers":{"Summaries":[{"Condition":{"Value":"New"},"LowestPrice":{"Amount":250.98,"Currency":"EUR","DisplayAmount":"250,98 €"}}]}},{"ASIN":"B0B995H6YC","DetailPageURL":"https://www.amazon.es/dp/B0B995H6YC?tag=topinalambricos-21&linkCode=osi&th=1&psc=1","Images":{"Primary":{"Small":{"Height":75,"URL":"https://m.media-amazon.com/images/I/31SrMe5ZiNL._SL75_.jpg","Width":75}}},"ItemInfo":{"ByLineInfo":{"Brand":{"DisplayValue":"BGPH","Label":"Brand","Locale":"es_ES"},"Manufacturer":{"DisplayValue":"buguoaiyuziyou","Label":"Manufacturer","Locale":"es_ES"}},"Title":{"DisplayValue":"BGPH Mochila de Cuero, Bolso de Hombro de Cuero for Hombres, Regalos de Mochila for Caminar de Viaje Informal for Hombres y Mujeres","Label":"Title","Locale":"es_ES"}},"Offers":{"Summaries":[{"Condition":{"Value":"New"},"LowestPrice":{"Amount":183.55,"Currency":"EUR","DisplayAmount":"183,55 €"}}]}}],"SearchURL":"https://www.amazon.es/s?k=cuero+hombre&rh=n%3A2007986031%2Cp_n_availability%3A-1&tag=topinalambricos-21&linkCode=osi","TotalResultCount":65}},"138":{"SearchResult":{"Items":[{"ASIN":"B00UCBQE3O","DetailPageURL":"https://www.amazon.es/dp/B00UCBQE3O?tag=topinalambricos-21&linkCode=osi&th=1&psc=1","Images":{"Primary":{"Small":{"Height":75,"URL":"https://m.media-amazon.com/images/I/51mJ8+8WIIL._SL75_.jpg","Width":56}}},"ItemInfo":{"ByLineInfo":{"Brand":{"DisplayValue":"YOJAN PIEL","Label":"Brand","Locale":"es_ES"}},"Title":{"DisplayValue":"YOJAN PIEL | Mochila de Piel Para Mujer | Bolso Bandolera de Hombro con Varios Compartimentos | Casual y Vintage | De Piel Genuina 100% | Resistente, Suave y Duradera","Label":"Title","Locale":"es_ES"}},"Offers":{"Summaries":[{"Condition":{"Value":"New"},"LowestPrice":{"Amount":20.99,"Currency":"EUR","DisplayAmount":"20,99 €"}}]}},{"ASIN":"B0B983GJRQ","DetailPageURL":"https://www.amazon.es/dp/B0B983GJRQ?tag=topinalambricos-21&linkCode=osi&th=1&psc=1","Images":{"Primary":{"Small":{"Height":75,"URL":"https://m.media-amazon.com/images/I/41QO0FZMWhL._SL75_.jpg","Width":55}}},"ItemInfo":{"ByLineInfo":{"Brand":{"DisplayValue":"Jo'","Label":"Brand","Locale":"es_ES"},"Manufacturer":{"DisplayValue":"Jo'","Label":"Manufacturer","Locale":"es_ES"}},"Title":{"DisplayValue":"Jo' Mochila/Bolso Unisex Rectangular 1001 Totalmente Artesanal -LIMITED EDITION-, cuero","Label":"Title","Locale":"es_ES"}},"Offers":{"Summaries":[{"Condition":{"Value":"New"},"LowestPrice":{"Amount":189.9,"Currency":"EUR","DisplayAmount":"189,90 €"}}]}},{"ASIN":"B076VLJYQJ","DetailPageURL":"https://www.amazon.es/dp/B076VLJYQJ?tag=topinalambricos-21&linkCode=osi&th=1&psc=1","Images":{"Primary":{"Small":{"Height":75,"URL":"https://m.media-amazon.com/images/I/51IwkDR1KrL._SL75_.jpg","Width":75}}},"ItemInfo":{"ByLineInfo":{"Brand":{"DisplayValue":"Mad Over Shopping","Label":"Brand","Locale":"es_ES"}},"Title":{"DisplayValue":"Mad Over Shopping, Genial Unisex Vendimia Artesanal Cuero Genuino Senderismo Mochila Mochila Bolsa marrón","Label":"Title","Locale":"es_ES"}},"Offers":{"Summaries":[{"Condition":{"Value":"New"},"LowestPrice":{"Amount":43.2,"Currency":"EUR","DisplayAmount":"43,20 €"}}]}},{"ASIN":"B0BJDZ8CDP","DetailPageURL":"https://www.amazon.es/dp/B0BJDZ8CDP?tag=topinalambricos-21&linkCode=osi&th=1&psc=1","Images":{"Primary":{"Small":{"Height":75,"URL":"https://m.media-amazon.com/images/I/61QUA4DhewL._SL75_.jpg","Width":75}}},"ItemInfo":{"ByLineInfo":{"Brand":{"DisplayValue":"FARUTA","Label":"Brand","Locale":"es_ES"},"Manufacturer":{"DisplayValue":"xusuyun","Label":"Manufacturer","Locale":"es_ES"}},"Title":{"DisplayValue":"6 piezas de tela de cuero de hoja de tela de cuero para hacer arte artesanal, pinzas para el cabello, lazos para el cabello, arte artesanal (color : estilo mixto)","Label":"Title","Locale":"es_ES"}},"Offers":{"Summaries":[{"Condition":{"Value":"New"},"LowestPrice":{"Amount":15.33,"Currency":"EUR","DisplayAmount":"15,33 €"}}]}},{"ASIN":"B0BGRCX38M","DetailPageURL":"https://www.amazon.es/dp/B0BGRCX38M?tag=topinalambricos-21&linkCode=osi&th=1&psc=1","Images":{"Primary":{"Small":{"Height":75,"URL":"https://m.media-amazon.com/images/I/41q5jhcyjQL._SL75_.jpg","Width":75}}},"ItemInfo":{"ByLineInfo":{"Brand":{"DisplayValue":"FARUTA","Label":"Brand","Locale":"es_ES"},"Manufacturer":{"DisplayValue":"xusuyun","Label":"Manufacturer","Locale":"es_ES"}},"Title":{"DisplayValue":"FARUTA 3 piezas de acero al carbono U en forma de V herramientas de tallado de cuero de mano de acero inoxidable borde de cuero herramientas de corte para cuero DIY trabajo de tallado artesanal","Label":"Title","Locale":"es_ES"}},"Offers":{"Summaries":[{"Condition":{"Value":"New"},"LowestPrice":{"Amount":8.08,"Currency":"EUR","DisplayAmount":"8,08 €"}}]}},{"ASIN":"B09QHZX7W8","DetailPageURL":"https://www.amazon.es/dp/B09QHZX7W8?tag=topinalambricos-21&linkCode=osi&th=1&psc=1","Images":{"Primary":{"Small":{"Height":75,"URL":"https://m.media-amazon.com/images/I/51e1xGWgSQL._SL75_.jpg","Width":57}}},"ItemInfo":{"ByLineInfo":{"Brand":{"DisplayValue":"Genérico","Label":"Brand","Locale":"es_ES"},"Manufacturer":{"DisplayValue":"argentina","Label":"Manufacturer","Locale":"es_ES"}},"Title":{"DisplayValue":"Genérico Mochila Texas 100% cuero, piel, elegante, delicada, artesanal, color tostado","Label":"Title","Locale":"es_ES"}},"Offers":{"Summaries":[{"Condition":{"Value":"New"},"LowestPrice":{"Amount":140.0,"Currency":"EUR","DisplayAmount":"140,00 €"}}]}},{"ASIN":"B09QJ752ZF","DetailPageURL":"https://www.amazon.es/dp/B09QJ752ZF?tag=topinalambricos-21&linkCode=osi&th=1&psc=1","Images":{"Primary":{"Small":{"Height":75,"URL":"https://m.media-amazon.com/images/I/41tViHGdz1L._SL75_.jpg","Width":61}}},"ItemInfo":{"ByLineInfo":{"Brand":{"DisplayValue":"Genérico","Label":"Brand","Locale":"es_ES"},"Manufacturer":{"DisplayValue":"argentina","Label":"Manufacturer","Locale":"es_ES"}},"Title":{"DisplayValue":"Genérico Mochilla Bruno 100% cuero piel, elegante, artesanal, de diseño, color negra, mujer","Label":"Title","Locale":"es_ES"}},"Offers":{"Summaries":[{"Condition":{"Value":"New"},"LowestPrice":{"Amount":140.0,"Currency":"EUR","DisplayAmount":"140,00 €"}}]}},{"ASIN":"B09QHYJKFF","DetailPageURL":"https://www.amazon.es/dp/B09QHYJKFF?tag=topinalambricos-21&linkCode=osi&th=1&psc=1","Images":{"Primary":{"Small":{"Height":75,"URL":"https://m.media-amazon.com/images/I/41L3qUZzk1L._SL75_.jpg","Width":56}}},"ItemInfo":{"ByLineInfo":{"Brand":{"DisplayValue":"Genérico","Label":"Brand","Locale":"es_ES"},"Manufacturer":{"DisplayValue":"argentina","Label":"Manufacturer","Locale":"es_ES"}},"Title":{"DisplayValue":"Genérico Mochila Lilien 100% cuero piel, elegante, delicada, artesanal, de diseño, para mujer.","Label":"Title","Locale":"es_ES"}},"Offers":{"Summaries":[{"Condition":{"Value":"New"},"LowestPrice":{"Amount":140.0,"Currency":"EUR","DisplayAmount":"140,00 €"}}]}},{"ASIN":"B08DKW36BR","DetailPageURL":"https://www.amazon.es/dp/B08DKW36BR?tag=topinalambricos-21&linkCode=osi&th=1&psc=1","Images":{"Primary":{"Small":{"Height":75,"URL":"https://m.media-amazon.com/images/I/41h5ObjgK5L._SL75_.jpg","Width":75}}},"ItemInfo":{"ByLineInfo":{"Brand":{"DisplayValue":"FANDARE","Label":"Brand","Locale":"es_ES"}},"Title":{"DisplayValue":"FANDARE Retro Mochila Mochilas Tipo Casual Bolsas Escolares Bolsa de Hombro Bolsa de Viaje Daypacks Bolsos de Mujer Hombre Adolescente Al Aire Libre Viaje Compras Excursionismo PU Marrón Claro","Label":"Title","Locale":"es_ES"}},"Offers":{"Summaries":[{"Condition":{"Value":"New"},"LowestPrice":{"Amount":39.99,"Currency":"EUR","DisplayAmount":"39,99 €"}}]}},{"ASIN":"B00YGY4J8U","DetailPageURL":"https://www.amazon.es/dp/B00YGY4J8U?tag=topinalambricos-21&linkCode=osi&th=1&psc=1","Images":{"Primary":{"Small":{"Height":75,"URL":"https://m.media-amazon.com/images/I/51VCSZqzvfL._SL75_.jpg","Width":75}}},"ItemInfo":{"ByLineInfo":{"Brand":{"DisplayValue":"DRF","Label":"Brand","Locale":"es_ES"},"Manufacturer":{"DisplayValue":"DRF","Label":"Manufacturer","Locale":"es_ES"}},"Title":{"DisplayValue":"DRF Mochila Cuero Mujeres con Cordones Clásico Formato A4 BG121 (Marrón)","Label":"Title","Locale":"es_ES"}},"Offers":{"Summaries":[{"Condition":{"Value":"New"},"LowestPrice":{"Amount":63.99,"Currency":"EUR","DisplayAmount":"63,99 €"}}]}}],"SearchURL":"https://www.amazon.es/s?k=cuero+artesanal&rh=n%3A2007986031%2Cp_n_availability%3A-1&tag=topinalambricos-21&linkCode=osi","TotalResultCount":41}},"139":{"SearchResult":{"Items":[{"ASIN":"B07B3HW8JZ","DetailPageURL":"https://www.amazon.es/dp/B07B3HW8JZ?tag=topinalambricos-21&linkCode=osi&th=1&psc=1","Images":{"Primary":{"Small":{"Height":75,"URL":"https://m.media-amazon.com/images/I/51lINwxrfxL._SL75_.jpg","Width":75}}},"ItemInfo":{"ByLineInfo":{"Brand":{"DisplayValue":"autumndeer","Label":"Brand","Locale":"es_ES"},"Manufacturer":{"DisplayValue":"autumndeer","Label":"Manufacturer","Locale":"es_ES"}},"Title":{"DisplayValue":"Mochila de cuero casual unisex vintage mochila de lona mochila mochila de senderismo mochila de viaje al aire libre Shouder bolsa, Brown, 27.9 x 16 x 41.9 cm, Casual","Label":"Title","Locale":"es_ES"}},"Offers":{"Summaries":[{"Condition":{"Value":"New"},"LowestPrice":{"Amount":49.61,"Currency":"EUR","DisplayAmount":"49,61 €"}}]}},{"ASIN":"B079LF65JJ","DetailPageURL":"https://www.amazon.es/dp/B079LF65JJ?tag=topinalambricos-21&linkCode=osi&th=1&psc=1","Images":{"Primary":{"Small":{"Height":75,"URL":"https://m.media-amazon.com/images/I/41MlpMK79TL._SL75_.jpg","Width":75}}},"ItemInfo":{"ByLineInfo":{"Brand":{"DisplayValue":"RERI","Label":"Brand","Locale":"es_ES"}},"Title":{"DisplayValue":"RERI Mochila de lona casual, mochila de cuero de lona, mochilas de senderismo, mochila de hombro unisex, bolsa de escuela de viaje de cuero genuino de lona vintage, gris, L, Mochilas daypack","Label":"Title","Locale":"es_ES"}},"Offers":{"Summaries":[{"Condition":{"Value":"New"},"LowestPrice":{"Amount":36.99,"Currency":"EUR","DisplayAmount":"36,99 €"}}]}},{"ASIN":"B06XD8C9VB","DetailPageURL":"https://www.amazon.es/dp/B06XD8C9VB?tag=topinalambricos-21&linkCode=osi&th=1&psc=1","Images":{"Primary":{"Small":{"Height":75,"URL":"https://m.media-amazon.com/images/I/41OfJ2ka5AL._SL75_.jpg","Width":75}}},"ItemInfo":{"ByLineInfo":{"Brand":{"DisplayValue":"VASCHY","Label":"Brand","Locale":"es_ES"},"Manufacturer":{"DisplayValue":"VASCHY","Label":"Manufacturer","Locale":"es_ES"}},"Title":{"DisplayValue":"VASCHY Mochila Hombre, Mochila Mujer Mochila Vintage de Cuero y Lona Mochila Escolar Universidad Mochila Portatil 15,6 Pulgadas Resistente al Agua para Escuela Trabajo Viajes Universidad Gris","Label":"Title","Locale":"es_ES"}},"Offers":{"Summaries":[{"Condition":{"Value":"New"},"LowestPrice":{"Amount":52.89,"Currency":"EUR","DisplayAmount":"52,89 €"}}]}},{"ASIN":"B073S5C18J","DetailPageURL":"https://www.amazon.es/dp/B073S5C18J?tag=topinalambricos-21&linkCode=osi&th=1&psc=1","Images":{"Primary":{"Small":{"Height":75,"URL":"https://m.media-amazon.com/images/I/51C9OeczswL._SL75_.jpg","Width":75}}},"ItemInfo":{"ByLineInfo":{"Brand":{"DisplayValue":"LOSMILE","Label":"Brand","Locale":"es_ES"}},"Title":{"DisplayValue":"LOSMILE Mochila Hombres Mujer Lona Bolso de Bandolera La Bolsa de Mensajero Bolsa de Lona Bolsa de Hombro Messenger Bag BackPack. (café)","Label":"Title","Locale":"es_ES"}},"Offers":{"Summaries":[{"Condition":{"Value":"New"},"LowestPrice":{"Amount":36.98,"Currency":"EUR","DisplayAmount":"36,98 €"}}]}},{"ASIN":"B0719XBSYC","DetailPageURL":"https://www.amazon.es/dp/B0719XBSYC?tag=topinalambricos-21&linkCode=osi&th=1&psc=1","Images":{"Primary":{"Small":{"Height":75,"URL":"https://m.media-amazon.com/images/I/51JETnOGk1L._SL75_.jpg","Width":75}}},"ItemInfo":{"ByLineInfo":{"Brand":{"DisplayValue":"AUGUR","Label":"Brand","Locale":"es_ES"},"Manufacturer":{"DisplayValue":"AUGUR","Label":"Manufacturer","Locale":"es_ES"}},"Title":{"DisplayValue":"AUGUR Mochila Vintage de Lona para Hombres Mujeres Mochilas portátiles de 17 Pulgadas Mochila de Lona Mochila Tipo Casual (armygrün)","Label":"Title","Locale":"es_ES"}},"Offers":{"Summaries":[{"Condition":{"Value":"New"},"LowestPrice":{"Amount":54.99,"Currency":"EUR","DisplayAmount":"54,99 €"}}]}},{"ASIN":"B07FJ5XY8T","DetailPageURL":"https://www.amazon.es/dp/B07FJ5XY8T?tag=topinalambricos-21&linkCode=osi&th=1&psc=1","Images":{"Primary":{"Small":{"Height":75,"URL":"https://m.media-amazon.com/images/I/41p-m9ak6lL._SL75_.jpg","Width":75}}},"ItemInfo":{"ByLineInfo":{"Brand":{"DisplayValue":"Rufun","Label":"Brand","Locale":"es_ES"},"Manufacturer":{"DisplayValue":"Rufun","Label":"Manufacturer","Locale":"es_ES"}},"Title":{"DisplayValue":"Rufun Mochila de Lona Vintage para portátiles Mochilas de Viaje Bolsa de Gran Capacidad Unisex (Negro)","Label":"Title","Locale":"es_ES"}},"Offers":{"Summaries":[{"Condition":{"Value":"New"},"LowestPrice":{"Amount":32.0,"Currency":"EUR","DisplayAmount":"32,00 €"}}]}},{"ASIN":"B01N3K2188","DetailPageURL":"https://www.amazon.es/dp/B01N3K2188?tag=topinalambricos-21&linkCode=osi&th=1&psc=1","Images":{"Primary":{"Small":{"Height":75,"URL":"https://m.media-amazon.com/images/I/51FL+YICY9L._SL75_.jpg","Width":47}}},"ItemInfo":{"ByLineInfo":{"Brand":{"DisplayValue":"EverVanz","Label":"Brand","Locale":"es_ES"},"Manufacturer":{"DisplayValue":"EverVanz","Label":"Manufacturer","Locale":"es_ES"}},"Title":{"DisplayValue":"EverVanz Mochila de Lona para Portátil, Maleta Grande para Escuela, Viajes o Senderismo","Label":"Title","Locale":"es_ES"}},"Offers":{"Summaries":[{"Condition":{"Value":"New"},"LowestPrice":{"Amount":47.99,"Currency":"EUR","DisplayAmount":"47,99 €"}}]}},{"ASIN":"B07RJZ5RSM","DetailPageURL":"https://www.amazon.es/dp/B07RJZ5RSM?tag=topinalambricos-21&linkCode=osi&th=1&psc=1","Images":{"Primary":{"Small":{"Height":75,"URL":"https://m.media-amazon.com/images/I/41DTR4dhq0L._SL75_.jpg","Width":56}}},"ItemInfo":{"ByLineInfo":{"Brand":{"DisplayValue":"ALASKA EXPORTS","Label":"Brand","Locale":"es_ES"},"Manufacturer":{"DisplayValue":"ALASKA EXPORTS","Label":"Manufacturer","Locale":"es_ES"}},"Title":{"DisplayValue":"Alaska exports Mochila de cuero vintage marrón para ordenador portátil Messenger Bag Mochila Sling para hombres y mujeres, marrón","Label":"Title","Locale":"es_ES"}},"Offers":{"Summaries":[{"Condition":{"Value":"New"},"LowestPrice":{"Amount":69.99,"Currency":"EUR","DisplayAmount":"69,99 €"}}]}},{"ASIN":"B01584V6D2","DetailPageURL":"https://www.amazon.es/dp/B01584V6D2?tag=topinalambricos-21&linkCode=osi&th=1&psc=1","Images":{"Primary":{"Small":{"Height":75,"URL":"https://m.media-amazon.com/images/I/51m6FHQtHbL._SL75_.jpg","Width":75}}},"ItemInfo":{"ByLineInfo":{"Brand":{"DisplayValue":"DRF","Label":"Brand","Locale":"es_ES"}},"Title":{"DisplayValue":"DRF Mochila Senderismo de Lona Gran Capacidad Mochila Casual Viaje Unisex BG09 (Verde)","Label":"Title","Locale":"es_ES"}},"Offers":{"Summaries":[{"Condition":{"Value":"New"},"LowestPrice":{"Amount":51.99,"Currency":"EUR","DisplayAmount":"51,99 €"}}]}},{"ASIN":"B09C4P2L13","DetailPageURL":"https://www.amazon.es/dp/B09C4P2L13?tag=topinalambricos-21&linkCode=osi&th=1&psc=1","Images":{"Primary":{"Small":{"Height":75,"URL":"https://m.media-amazon.com/images/I/41Wm18PG0dL._SL75_.jpg","Width":75}}},"ItemInfo":{"ByLineInfo":{"Brand":{"DisplayValue":"Peng Fang","Label":"Brand","Locale":"es_ES"},"Manufacturer":{"DisplayValue":"PENG FANG","Label":"Manufacturer","Locale":"es_ES"}},"Title":{"DisplayValue":"Peng Fang Moda para hombres 15.6 Mochila portátil Mochila marrón Mochila de cuero para hombres Zipper Empresa de viaje Bolsa de viaje Masculina Mochila de la escuela de negocios 2021-Dark Brown","Label":"Title","Locale":"es_ES"}},"Offers":{"Summaries":[{"Condition":{"Value":"New"},"LowestPrice":{"Amount":38.99,"Currency":"EUR","DisplayAmount":"38,99 €"}}]}}],"SearchURL":"https://www.amazon.es/s?k=cuero+lona&rh=n%3A2007986031%2Cp_n_availability%3A-1&tag=topinalambricos-21&linkCode=osi","TotalResultCount":492}},"140":{"SearchResult":{"Items":[{"ASIN":"B00YGY4J9E","DetailPageURL":"https://www.amazon.es/dp/B00YGY4J9E?tag=topinalambricos-21&linkCode=osi&th=1&psc=1","Images":{"Primary":{"Small":{"Height":75,"URL":"https://m.media-amazon.com/images/I/515lyjjheUL._SL75_.jpg","Width":75}}},"ItemInfo":{"ByLineInfo":{"Brand":{"DisplayValue":"DRF","Label":"Brand","Locale":"es_ES"},"Manufacturer":{"DisplayValue":"DRF","Label":"Manufacturer","Locale":"es_ES"}},"Title":{"DisplayValue":"DRF Mochila Mujeres Con Cordones Formato BG121 (Negro)","Label":"Title","Locale":"es_ES"}},"Offers":{"Summaries":[{"Condition":{"Value":"New"},"LowestPrice":{"Amount":64.99,"Currency":"EUR","DisplayAmount":"64,99 €"}},{"Condition":{"Value":"Used"},"LowestPrice":{"Amount":68.3,"Currency":"EUR","DisplayAmount":"68,30 €"}}]}},{"ASIN":"B0899VNK8Q","DetailPageURL":"https://www.amazon.es/dp/B0899VNK8Q?tag=topinalambricos-21&linkCode=osi&th=1&psc=1","Images":{"Primary":{"Small":{"Height":75,"URL":"https://m.media-amazon.com/images/I/41h6ibWcUFL._SL75_.jpg","Width":75}}},"ItemInfo":{"ByLineInfo":{"Brand":{"DisplayValue":"Bugatti","Label":"Brand","Locale":"es_ES"}},"Title":{"DisplayValue":"Bugatti Nero Mochila Trabajo Hombre Portatil 15 Pulgadas en Nylon y Cuero - Negro","Label":"Title","Locale":"es_ES"}},"Offers":{"Summaries":[{"Condition":{"Value":"New"},"LowestPrice":{"Amount":122.94,"Currency":"EUR","DisplayAmount":"122,94 €"}}]}},{"ASIN":"B0BHD35GQZ","DetailPageURL":"https://www.amazon.es/dp/B0BHD35GQZ?tag=topinalambricos-21&linkCode=osi&th=1&psc=1","Images":{"Primary":{"Small":{"Height":75,"URL":"https://m.media-amazon.com/images/I/41MVTLIu2aL._SL75_.jpg","Width":75}}},"ItemInfo":{"ByLineInfo":{"Brand":{"DisplayValue":"STILORD","Label":"Brand","Locale":"es_ES"},"Manufacturer":{"DisplayValue":"STILORD","Label":"Manufacturer","Locale":"es_ES"}},"Title":{"DisplayValue":"STILORD 'Jason' Mochila Ordenador 17 Pulgadas de Cuero Vintage Bolso de Trabajo XL Bolso Portátil para Colegio Oficina Viaje, Color:Torres - marrón","Label":"Title","Locale":"es_ES"}},"Offers":{"Summaries":[{"Condition":{"Value":"New"},"LowestPrice":{"Amount":139.9,"Currency":"EUR","DisplayAmount":"139,90 €"}}]}},{"ASIN":"B09RB288W5","DetailPageURL":"https://www.amazon.es/dp/B09RB288W5?tag=topinalambricos-21&linkCode=osi&th=1&psc=1","Images":{"Primary":{"Small":{"Height":56,"URL":"https://m.media-amazon.com/images/I/31s1UhzXg9L._SL75_.jpg","Width":75}}},"ItemInfo":{"ByLineInfo":{"Brand":{"DisplayValue":"Desigual","Label":"Brand","Locale":"es_ES"},"Manufacturer":{"DisplayValue":"Desigual","Label":"Manufacturer","Locale":"es_ES"}},"Title":{"DisplayValue":"Desigual Back_Half Logo 22_nerano 2000 Black, 2000-Camiseta de Manga Corta, Color Negro para Mujer, Einheitsgröße","Label":"Title","Locale":"es_ES"}},"Offers":{"Summaries":[{"Condition":{"Value":"New"},"LowestPrice":{"Amount":48.0,"Currency":"EUR","DisplayAmount":"48,00 €"}}]}},{"ASIN":"B08FXY6QN5","DetailPageURL":"https://www.amazon.es/dp/B08FXY6QN5?tag=topinalambricos-21&linkCode=osi&th=1&psc=1","Images":{"Primary":{"Small":{"Height":75,"URL":"https://m.media-amazon.com/images/I/31wDYnFJlTL._SL75_.jpg","Width":49}}},"ItemInfo":{"ByLineInfo":{"Brand":{"DisplayValue":"Samsonite","Label":"Brand","Locale":"es_ES"},"Manufacturer":{"DisplayValue":"Samsonite","Label":"Manufacturer","Locale":"es_ES"}},"Title":{"DisplayValue":"Samsonite Eco Wave - Laptoprucksack, Mochilas Para Laptop Mujer, Negro (black), 14 40 Cm 13 L","Label":"Title","Locale":"es_ES"}},"Offers":{"Summaries":[{"Condition":{"Value":"New"},"LowestPrice":{"Amount":80.4,"Currency":"EUR","DisplayAmount":"80,40 €"}}]}},{"ASIN":"B092WV5PK8","DetailPageURL":"https://www.amazon.es/dp/B092WV5PK8?tag=topinalambricos-21&linkCode=osi&th=1&psc=1","Images":{"Primary":{"Small":{"Height":75,"URL":"https://m.media-amazon.com/images/I/41p1j7eCqbS._SL75_.jpg","Width":75}}},"ItemInfo":{"ByLineInfo":{"Brand":{"DisplayValue":"Lois","Label":"Brand","Locale":"es_ES"},"Contributors":[{"Locale":"es_ES","Name":"Lois","Role":"Diseñador","RoleType":"designer"}],"Manufacturer":{"DisplayValue":"LOIS","Label":"Manufacturer","Locale":"es_ES"}},"Title":{"DisplayValue":"Lois - Mochila Trabajo para Portátil - Mochilas de Viaje con Compartimento para Portátil - Mochila Ordenador Portatil para Hombre para Uso Diario, Oficina y Universidad - Mochila Portatil Marc, Negro","Label":"Title","Locale":"es_ES"}},"Offers":{"Summaries":[{"Condition":{"Value":"New"},"LowestPrice":{"Amount":45.65,"Currency":"EUR","DisplayAmount":"45,65 €"}}]}},{"ASIN":"B0B5HG1LG6","DetailPageURL":"https://www.amazon.es/dp/B0B5HG1LG6?tag=topinalambricos-21&linkCode=osi&th=1&psc=1","Images":{"Primary":{"Small":{"Height":75,"URL":"https://m.media-amazon.com/images/I/319AozNgSKL._SL75_.jpg","Width":56}}},"ItemInfo":{"ByLineInfo":{"Brand":{"DisplayValue":"Guess","Label":"Brand","Locale":"es_ES"},"Manufacturer":{"DisplayValue":"Guess","Label":"Manufacturer","Locale":"es_ES"}},"Title":{"DisplayValue":"Guess VIKKY BACKPACK, Negro , Talla única, Clásico","Label":"Title","Locale":"es_ES"}},"Offers":{"Summaries":[{"Condition":{"Value":"New"},"LowestPrice":{"Amount":105.3,"Currency":"EUR","DisplayAmount":"105,30 €"}}]}},{"ASIN":"B09BJHC97J","DetailPageURL":"https://www.amazon.es/dp/B09BJHC97J?tag=topinalambricos-21&linkCode=osi&th=1&psc=1","Images":{"Primary":{"Small":{"Height":75,"URL":"https://m.media-amazon.com/images/I/41hfU33BW3L._SL75_.jpg","Width":75}}},"ItemInfo":{"ByLineInfo":{"Brand":{"DisplayValue":"Pepe Jeans","Label":"Brand","Locale":"es_ES"},"Manufacturer":{"DisplayValue":"PEPE JEANS","Label":"Manufacturer","Locale":"es_ES"}},"Title":{"DisplayValue":"Pepe Jeans Mochila 28cm.pjl Jina, Equipaje Bolsa De Mensajero Mujer, Multicolor, Talla Única","Label":"Title","Locale":"es_ES"}},"Offers":{"Summaries":[{"Condition":{"Value":"New"},"LowestPrice":{"Amount":65.0,"Currency":"EUR","DisplayAmount":"65,00 €"}}]}},{"ASIN":"B09CTP7NZG","DetailPageURL":"https://www.amazon.es/dp/B09CTP7NZG?tag=topinalambricos-21&linkCode=osi&th=1&psc=1","Images":{"Primary":{"Small":{"Height":75,"URL":"https://m.media-amazon.com/images/I/51NFZVHoODL._SL75_.jpg","Width":75}}},"ItemInfo":{"ByLineInfo":{"Brand":{"DisplayValue":"KSIBNW","Label":"Brand","Locale":"es_ES"},"Manufacturer":{"DisplayValue":"KSIBNW","Label":"Manufacturer","Locale":"es_ES"}},"Title":{"DisplayValue":"KSIBNW Mochila Hombre Portatil Cuero PU,15.6 Pulgadas Mochila Escolar Impermeable Mochila Universitaria Diaria Casual Negocios Viaje Mochila para Portátil con Puerto USB,Mochila de Trabajo Negro","Label":"Title","Locale":"es_ES"}},"Offers":{"Summaries":[{"Condition":{"Value":"New"},"LowestPrice":{"Amount":36.99,"Currency":"EUR","DisplayAmount":"36,99 €"}}]}},{"ASIN":"B09D7RPRTH","DetailPageURL":"https://www.amazon.es/dp/B09D7RPRTH?tag=topinalambricos-21&linkCode=osi&th=1&psc=1","Images":{"Primary":{"Small":{"Height":75,"URL":"https://m.media-amazon.com/images/I/41FqYy3yx7L._SL75_.jpg","Width":56}}},"ItemInfo":{"ByLineInfo":{"Brand":{"DisplayValue":"PURE Leather Studio","Label":"Brand","Locale":"es_ES"}},"Title":{"DisplayValue":"PURE Leather Studio Mochila de cuero VEGA - Para mujer y hombre piel auténtica 16 L I Mochila para ordenador portátil hasta 15,6\" con compartimento antirrobo","Label":"Title","Locale":"es_ES"}},"Offers":{"Summaries":[{"Condition":{"Value":"New"},"LowestPrice":{"Amount":169.95,"Currency":"EUR","DisplayAmount":"169,95 €"}}]}}],"SearchURL":"https://www.amazon.es/s?k=cuero+negro&rh=n%3A2007986031%2Cp_n_availability%3A-1&tag=topinalambricos-21&linkCode=osi","TotalResultCount":35110}},"141":{"SearchResult":{"Items":[{"ASIN":"B09C4P2L13","DetailPageURL":"https://www.amazon.es/dp/B09C4P2L13?tag=topinalambricos-21&linkCode=osi&th=1&psc=1","Images":{"Primary":{"Small":{"Height":75,"URL":"https://m.media-amazon.com/images/I/41Wm18PG0dL._SL75_.jpg","Width":75}}},"ItemInfo":{"ByLineInfo":{"Brand":{"DisplayValue":"Peng Fang","Label":"Brand","Locale":"es_ES"},"Manufacturer":{"DisplayValue":"PENG FANG","Label":"Manufacturer","Locale":"es_ES"}},"Title":{"DisplayValue":"Peng Fang Moda para hombres 15.6 Mochila portátil Mochila marrón Mochila de cuero para hombres Zipper Empresa de viaje Bolsa de viaje Masculina Mochila de la escuela de negocios 2021-Dark Brown","Label":"Title","Locale":"es_ES"}},"Offers":{"Summaries":[{"Condition":{"Value":"New"},"LowestPrice":{"Amount":38.99,"Currency":"EUR","DisplayAmount":"38,99 €"}}]}},{"ASIN":"B01AT2FC6U","DetailPageURL":"https://www.amazon.es/dp/B01AT2FC6U?tag=topinalambricos-21&linkCode=osi&th=1&psc=1","Images":{"Primary":{"Small":{"Height":75,"URL":"https://m.media-amazon.com/images/I/51yPnwqCMXL._SL75_.jpg","Width":65}}},"ItemInfo":{"ByLineInfo":{"Brand":{"DisplayValue":"YOJAN PIEL","Label":"Brand","Locale":"es_ES"}},"Title":{"DisplayValue":"YOJAN PIEL | Mochila de Piel Para Mujer | Bolso Bandolera de Hombro con Varios Compartimentos | Casual y Vintage | De Piel Genuina 100% | Resistente, Suave y Duradera | Medida 32xX26X12","Label":"Title","Locale":"es_ES"}},"Offers":{"Summaries":[{"Condition":{"Value":"New"},"LowestPrice":{"Amount":40.99,"Currency":"EUR","DisplayAmount":"40,99 €"}}]}},{"ASIN":"B09L57JZB5","DetailPageURL":"https://www.amazon.es/dp/B09L57JZB5?tag=topinalambricos-21&linkCode=osi&th=1&psc=1","Images":{"Primary":{"Small":{"Height":75,"URL":"https://m.media-amazon.com/images/I/410vw6q+khL._SL75_.jpg","Width":75}}},"ItemInfo":{"ByLineInfo":{"Brand":{"DisplayValue":"STILORD","Label":"Brand","Locale":"es_ES"},"Manufacturer":{"DisplayValue":"STILORD","Label":"Manufacturer","Locale":"es_ES"}},"Title":{"DisplayValue":"STILORD 'Olivia' Mochila Cuero Mujeres Daypack City-Mocila pequeño Bolsa de Hombro para Diario Salir o Trabajo de Auténtica Piel, Color:Florida - marrón","Label":"Title","Locale":"es_ES"}},"Offers":{"Summaries":[{"Condition":{"Value":"New"},"LowestPrice":{"Amount":89.0,"Currency":"EUR","DisplayAmount":"89,00 €"}}]}},{"ASIN":"B07SVMH6VH","DetailPageURL":"https://www.amazon.es/dp/B07SVMH6VH?tag=topinalambricos-21&linkCode=osi&th=1&psc=1","Images":{"Primary":{"Small":{"Height":75,"URL":"https://m.media-amazon.com/images/I/41OlL6CKf-L._SL75_.jpg","Width":75}}},"ItemInfo":{"ByLineInfo":{"Brand":{"DisplayValue":"STILORD","Label":"Brand","Locale":"es_ES"},"Manufacturer":{"DisplayValue":"STILORD","Label":"Manufacturer","Locale":"es_ES"}},"Title":{"DisplayValue":"STILORD 'Charlie' Vintage Mochila de Cuero Marrón para Hombres Mujeres Grande Salveque Universidad Trabajo Escuela Portátil 13,3 Pulgadas de Piel, Color:Cognac marrón Oscuro","Label":"Title","Locale":"es_ES"}},"Offers":{"Summaries":[{"Condition":{"Value":"New"},"LowestPrice":{"Amount":109.0,"Currency":"EUR","DisplayAmount":"109,00 €"}}]}},{"ASIN":"B0BHNTVV1Z","DetailPageURL":"https://www.amazon.es/dp/B0BHNTVV1Z?tag=topinalambricos-21&linkCode=osi&th=1&psc=1","Images":{"Primary":{"Small":{"Height":75,"URL":"https://m.media-amazon.com/images/I/410vi2bd6PL._SL75_.jpg","Width":75}}},"ItemInfo":{"ByLineInfo":{"Brand":{"DisplayValue":"STILORD","Label":"Brand","Locale":"es_ES"},"Manufacturer":{"DisplayValue":"STILORD","Label":"Manufacturer","Locale":"es_ES"}},"Title":{"DisplayValue":"STILORD 'Nikita' Mochila Piel Vintage Bolso para Ordenador Portátil de 13,3 Pulgadas Mochila Trabajo Mujer Hombre Mochila de Viaje Cuero Genuino, Color:sila - marrón","Label":"Title","Locale":"es_ES"}},"Offers":{"Summaries":[{"Condition":{"Value":"New"},"LowestPrice":{"Amount":129.0,"Currency":"EUR","DisplayAmount":"129,00 €"}}]}},{"ASIN":"B07FVSKPN1","DetailPageURL":"https://www.amazon.es/dp/B07FVSKPN1?tag=topinalambricos-21&linkCode=osi&th=1&psc=1","Images":{"Primary":{"Small":{"Height":75,"URL":"https://m.media-amazon.com/images/I/51dZecmUfJL._SL75_.jpg","Width":70}}},"ItemInfo":{"ByLineInfo":{"Brand":{"DisplayValue":"VASCHY","Label":"Brand","Locale":"es_ES"}},"Title":{"DisplayValue":"VASCHY Mochila Mujer,Bolsos Mochila Piel Grandes Casual Moda Bolsillo Múltiple Bolsa Escolares para Niña con Cordón Marrón","Label":"Title","Locale":"es_ES"}},"Offers":{"Summaries":[{"Condition":{"Value":"New"},"LowestPrice":{"Amount":36.89,"Currency":"EUR","DisplayAmount":"36,89 €"}}]}},{"ASIN":"B082SKDKPF","DetailPageURL":"https://www.amazon.es/dp/B082SKDKPF?tag=topinalambricos-21&linkCode=osi&th=1&psc=1","Images":{"Primary":{"Small":{"Height":75,"URL":"https://m.media-amazon.com/images/I/41aU8Os0JlL._SL75_.jpg","Width":75}}},"ItemInfo":{"ByLineInfo":{"Brand":{"DisplayValue":"STILORD","Label":"Brand","Locale":"es_ES"},"Manufacturer":{"DisplayValue":"STILORD","Label":"Manufacturer","Locale":"es_ES"}},"Title":{"DisplayValue":"STILORD 'Nalos' Mochila Marron Cuero para Mujer Hombre Vintage para Universidad Escuela Tiempo Libre Bolso de Piel para Ordenador Portátil 13,3 Pulgadas, Color:Sepia - marrón","Label":"Title","Locale":"es_ES"}},"Offers":{"Summaries":[{"Condition":{"Value":"New"},"LowestPrice":{"Amount":139.9,"Currency":"EUR","DisplayAmount":"139,90 €"}}]}},{"ASIN":"B0BHD35GQZ","DetailPageURL":"https://www.amazon.es/dp/B0BHD35GQZ?tag=topinalambricos-21&linkCode=osi&th=1&psc=1","Images":{"Primary":{"Small":{"Height":75,"URL":"https://m.media-amazon.com/images/I/41MVTLIu2aL._SL75_.jpg","Width":75}}},"ItemInfo":{"ByLineInfo":{"Brand":{"DisplayValue":"STILORD","Label":"Brand","Locale":"es_ES"},"Manufacturer":{"DisplayValue":"STILORD","Label":"Manufacturer","Locale":"es_ES"}},"Title":{"DisplayValue":"STILORD 'Jason' Mochila Ordenador 17 Pulgadas de Cuero Vintage Bolso de Trabajo XL Bolso Portátil para Colegio Oficina Viaje, Color:Torres - marrón","Label":"Title","Locale":"es_ES"}},"Offers":{"Summaries":[{"Condition":{"Value":"New"},"LowestPrice":{"Amount":139.9,"Currency":"EUR","DisplayAmount":"139,90 €"}}]}},{"ASIN":"B092XBW82X","DetailPageURL":"https://www.amazon.es/dp/B092XBW82X?tag=topinalambricos-21&linkCode=osi&th=1&psc=1","Images":{"Primary":{"Small":{"Height":75,"URL":"https://m.media-amazon.com/images/I/51tWXxXtgnS._SL75_.jpg","Width":75}}},"ItemInfo":{"ByLineInfo":{"Brand":{"DisplayValue":"Lois","Label":"Brand","Locale":"es_ES"},"Contributors":[{"Locale":"es_ES","Name":"Lois","Role":"Diseñador","RoleType":"designer"}],"Manufacturer":{"DisplayValue":"LOIS","Label":"Manufacturer","Locale":"es_ES"}},"Title":{"DisplayValue":"Lois - Mochila Trabajo para Portátil - Mochilas de Viaje con Compartimento para Portátil - Mochila Ordenador Portatil para Hombre para Uso Diario, Oficina y Universidad - Mochila Portatil Mar, Marron","Label":"Title","Locale":"es_ES"}},"Offers":{"Summaries":[{"Condition":{"Value":"New"},"LowestPrice":{"Amount":45.65,"Currency":"EUR","DisplayAmount":"45,65 €"}}]}},{"ASIN":"B09MM76N6T","DetailPageURL":"https://www.amazon.es/dp/B09MM76N6T?tag=topinalambricos-21&linkCode=osi&th=1&psc=1","Images":{"Primary":{"Small":{"Height":75,"URL":"https://m.media-amazon.com/images/I/41t7MhLzAUL._SL75_.jpg","Width":75}}},"ItemInfo":{"ByLineInfo":{"Brand":{"DisplayValue":"STILORD","Label":"Brand","Locale":"es_ES"},"Manufacturer":{"DisplayValue":"STILORD","Label":"Manufacturer","Locale":"es_ES"}},"Title":{"DisplayValue":"STILORD 'Jayden' Mochila Negocios Hombres de Cuero Grande de la Vendimia con el Compartimiento del Ordenador Portátil de 15 Pulgadas DIN A4, Color:Zamora - marrón","Label":"Title","Locale":"es_ES"}},"Offers":{"Summaries":[{"Condition":{"Value":"New"},"LowestPrice":{"Amount":149.9,"Currency":"EUR","DisplayAmount":"149,90 €"}}]}}],"SearchURL":"https://www.amazon.es/s?k=cuero+marron&rh=n%3A2007986031%2Cp_n_availability%3A-1&tag=topinalambricos-21&linkCode=osi","TotalResultCount":12059}},"142":{"SearchResult":{"Items":[{"ASIN":"B09MYHX2LP","DetailPageURL":"https://www.amazon.es/dp/B09MYHX2LP?tag=topinalambricos-21&linkCode=osi&th=1&psc=1","Images":{"Primary":{"Small":{"Height":75,"URL":"https://m.media-amazon.com/images/I/41wC04tbobL._SL75_.jpg","Width":75}}},"ItemInfo":{"ByLineInfo":{"Brand":{"DisplayValue":"zhongningyifeng","Label":"Brand","Locale":"es_ES"},"Manufacturer":{"DisplayValue":"taizhou","Label":"Manufacturer","Locale":"es_ES"}},"Title":{"DisplayValue":"zhongningyifeng Mochila para mujer pequeña de cuero lindo, mini mochila de viaje de moda para niñas adolescentes","Label":"Title","Locale":"es_ES"}},"Offers":{"Summaries":[{"Condition":{"Value":"New"},"LowestPrice":{"Amount":32.99,"Currency":"EUR","DisplayAmount":"32,99 €"}}]}},{"ASIN":"B09MYCYMHT","DetailPageURL":"https://www.amazon.es/dp/B09MYCYMHT?tag=topinalambricos-21&linkCode=osi&th=1&psc=1","Images":{"Primary":{"Small":{"Height":75,"URL":"https://m.media-amazon.com/images/I/41kkNIFO4lL._SL75_.jpg","Width":75}}},"ItemInfo":{"ByLineInfo":{"Brand":{"DisplayValue":"zhongningyifeng","Label":"Brand","Locale":"es_ES"},"Manufacturer":{"DisplayValue":"taizhou","Label":"Manufacturer","Locale":"es_ES"}},"Title":{"DisplayValue":"zhongningyifeng Mochila para mujer pequeña de cuero lindo, mini mochila de viaje de moda para niñas adolescentes","Label":"Title","Locale":"es_ES"}},"Offers":{"Summaries":[{"Condition":{"Value":"New"},"LowestPrice":{"Amount":34.99,"Currency":"EUR","DisplayAmount":"34,99 €"}}]}},{"ASIN":"B07KDSJ11S","DetailPageURL":"https://www.amazon.es/dp/B07KDSJ11S?tag=topinalambricos-21&linkCode=osi&th=1&psc=1","Images":{"Primary":{"Small":{"Height":75,"URL":"https://m.media-amazon.com/images/I/41UvChSvfNL._SL75_.jpg","Width":75}}},"ItemInfo":{"ByLineInfo":{"Brand":{"DisplayValue":"adidas","Label":"Brand","Locale":"es_ES"},"Manufacturer":{"DisplayValue":"adidas","Label":"Manufacturer","Locale":"es_ES"}},"Title":{"DisplayValue":"adidas Originals Mochila unisex de cuero de la PU de los originales mini","Label":"Title","Locale":"es_ES"}},"Offers":{"Summaries":[{"Condition":{"Value":"New"},"LowestPrice":{"Amount":150.05,"Currency":"EUR","DisplayAmount":"150,05 €"}}]}},{"ASIN":"B08Q8QGFC9","DetailPageURL":"https://www.amazon.es/dp/B08Q8QGFC9?tag=topinalambricos-21&linkCode=osi&th=1&psc=1","Images":{"Primary":{"Small":{"Height":75,"URL":"https://m.media-amazon.com/images/I/41lvO3kROIL._SL75_.jpg","Width":75}}},"ItemInfo":{"ByLineInfo":{"Brand":{"DisplayValue":"HARRY POTTER","Label":"Brand","Locale":"es_ES"}},"Title":{"DisplayValue":"Harry Potter Slytherin PU Mini Mochila","Label":"Title","Locale":"es_ES"}},"Offers":{"Summaries":[{"Condition":{"Value":"New"},"LowestPrice":{"Amount":57.32,"Currency":"EUR","DisplayAmount":"57,32 €"}}]}},{"ASIN":"B01N6JZE92","DetailPageURL":"https://www.amazon.es/dp/B01N6JZE92?tag=topinalambricos-21&linkCode=osi&th=1&psc=1","Images":{"Primary":{"Small":{"Height":62,"URL":"https://m.media-amazon.com/images/I/31GjZHOybxL._SL75_.jpg","Width":75}}},"ItemInfo":{"ByLineInfo":{"Brand":{"DisplayValue":"Fjallraven","Label":"Brand","Locale":"es_ES"},"Manufacturer":{"DisplayValue":"Fjallraven","Label":"Manufacturer","Locale":"es_ES"}},"Title":{"DisplayValue":"Fjallraven Kånken No. 2 Black Mini Backpack, Unisex Adulto, Negro, OneSize","Label":"Title","Locale":"es_ES"}},"Offers":{"Summaries":[{"Condition":{"Value":"New"},"LowestPrice":{"Amount":119.7,"Currency":"EUR","DisplayAmount":"119,70 €"}}]}},{"ASIN":"B092SBY3PR","DetailPageURL":"https://www.amazon.es/dp/B092SBY3PR?tag=topinalambricos-21&linkCode=osi&th=1&psc=1","Images":{"Primary":{"Small":{"Height":75,"URL":"https://m.media-amazon.com/images/I/41qiGKPAhqS._SL75_.jpg","Width":75}}},"ItemInfo":{"ByLineInfo":{"Brand":{"DisplayValue":"N\\C","Label":"Brand","Locale":"es_ES"}},"Title":{"DisplayValue":"Bolso de las muchachas Bowknot lindo cuero mini mochila monedero para las mujeres estudiantes escuela estilo universitario","Label":"Title","Locale":"es_ES"}},"Offers":{"Summaries":[{"Condition":{"Value":"New"},"LowestPrice":{"Amount":29.58,"Currency":"EUR","DisplayAmount":"29,58 €"}}]}},{"ASIN":"B0B4PSSQHM","DetailPageURL":"https://www.amazon.es/dp/B0B4PSSQHM?tag=topinalambricos-21&linkCode=osi&th=1&psc=1","Images":{"Primary":{"Small":{"Height":75,"URL":"https://m.media-amazon.com/images/I/41Fnl16rLJL._SL75_.jpg","Width":75}}},"ItemInfo":{"ByLineInfo":{"Brand":{"DisplayValue":"STILORD","Label":"Brand","Locale":"es_ES"},"Manufacturer":{"DisplayValue":"STILORD","Label":"Manufacturer","Locale":"es_ES"}},"Title":{"DisplayValue":"STILORD 'Rey' Mochila Cruzada para Mujer Cuero Vintage Bolso de Pecho Backpack Mini Mochila Bandolera 2 in 1 Pequeña Bolsa de Mano Auténtica Piel, Color:Torres - marrón","Label":"Title","Locale":"es_ES"}},"Offers":{"Summaries":[{"Condition":{"Value":"New"},"LowestPrice":{"Amount":89.9,"Currency":"EUR","DisplayAmount":"89,90 €"}}]}},{"ASIN":"B07QMFW7T7","DetailPageURL":"https://www.amazon.es/dp/B07QMFW7T7?tag=topinalambricos-21&linkCode=osi&th=1&psc=1","Images":{"Primary":{"Small":{"Height":75,"URL":"https://m.media-amazon.com/images/I/418ZsWWe+EL._SL75_.jpg","Width":75}}},"ItemInfo":{"ByLineInfo":{"Brand":{"DisplayValue":"Janede","Label":"Brand","Locale":"es_ES"},"Manufacturer":{"DisplayValue":"Janede","Label":"Manufacturer","Locale":"es_ES"}},"Title":{"DisplayValue":"Moda Mochila pequeña Monedero Casual Daypacks de cuero para adolescentes y mujeres Nuevo (Blanco)","Label":"Title","Locale":"es_ES"}},"Offers":{"Summaries":[{"Condition":{"Value":"New"},"LowestPrice":{"Amount":17.0,"Currency":"EUR","DisplayAmount":"17,00 €"}}]}},{"ASIN":"B08DKW36BR","DetailPageURL":"https://www.amazon.es/dp/B08DKW36BR?tag=topinalambricos-21&linkCode=osi&th=1&psc=1","Images":{"Primary":{"Small":{"Height":75,"URL":"https://m.media-amazon.com/images/I/41h5ObjgK5L._SL75_.jpg","Width":75}}},"ItemInfo":{"ByLineInfo":{"Brand":{"DisplayValue":"FANDARE","Label":"Brand","Locale":"es_ES"}},"Title":{"DisplayValue":"FANDARE Retro Mochila Mochilas Tipo Casual Bolsas Escolares Bolsa de Hombro Bolsa de Viaje Daypacks Bolsos de Mujer Hombre Adolescente Al Aire Libre Viaje Compras Excursionismo PU Marrón Claro","Label":"Title","Locale":"es_ES"}},"Offers":{"Summaries":[{"Condition":{"Value":"New"},"LowestPrice":{"Amount":39.99,"Currency":"EUR","DisplayAmount":"39,99 €"}}]}},{"ASIN":"B0B4SYCBM4","DetailPageURL":"https://www.amazon.es/dp/B0B4SYCBM4?tag=topinalambricos-21&linkCode=osi&th=1&psc=1","Images":{"Primary":{"Small":{"Height":75,"URL":"https://m.media-amazon.com/images/I/31N11vPWeEL._SL75_.jpg","Width":75}}},"ItemInfo":{"ByLineInfo":{"Brand":{"DisplayValue":"STILORD","Label":"Brand","Locale":"es_ES"},"Manufacturer":{"DisplayValue":"STILORD","Label":"Manufacturer","Locale":"es_ES"}},"Title":{"DisplayValue":"STILORD 'Calla' Mochila de Cuero Señoras Pequeña Bolsa Elegante Mujeres Piel Genuina City Daypack Vintage Moderna Bolsa de Cuero Mini Mochilas Damas, Color:Torres - marrón","Label":"Title","Locale":"es_ES"}},"Offers":{"Summaries":[{"Condition":{"Value":"New"},"LowestPrice":{"Amount":89.9,"Currency":"EUR","DisplayAmount":"89,90 €"}}]}}],"SearchURL":"https://www.amazon.es/s?k=cuero+mini&rh=n%3A2007986031%2Cp_n_availability%3A-1&tag=topinalambricos-21&linkCode=osi","TotalResultCount":746}},"144":{"SearchResult":{"Items":[{"ASIN":"B09WV1QSCJ","DetailPageURL":"https://www.amazon.es/dp/B09WV1QSCJ?tag=topinalambricos-21&linkCode=osi&th=1&psc=1","Images":{"Primary":{"Small":{"Height":75,"URL":"https://m.media-amazon.com/images/I/31r3AgcIj4L._SL75_.jpg","Width":75}}},"ItemInfo":{"ByLineInfo":{"Brand":{"DisplayValue":"XTI","Label":"Brand","Locale":"es_ES"},"Manufacturer":{"DisplayValue":"XTI Footwear, S.L.","Label":"Manufacturer","Locale":"es_ES"}},"Title":{"DisplayValue":"XTI 184068, Bolso de Hombro para Mujer, Kaki, One Size","Label":"Title","Locale":"es_ES"}},"Offers":{"Summaries":[{"Condition":{"Value":"New"},"LowestPrice":{"Amount":31.49,"Currency":"EUR","DisplayAmount":"31,49 €"}}]}},{"ASIN":"B09GHH1MJX","DetailPageURL":"https://www.amazon.es/dp/B09GHH1MJX?tag=topinalambricos-21&linkCode=osi&th=1&psc=1","Images":{"Primary":{"Small":{"Height":75,"URL":"https://m.media-amazon.com/images/I/411cq4NXVrL._SL75_.jpg","Width":75}}},"ItemInfo":{"ByLineInfo":{"Brand":{"DisplayValue":"Lois","Label":"Brand","Locale":"es_ES"},"Contributors":[{"Locale":"es_ES","Name":"Lois","Role":"Diseñador","RoleType":"designer"}],"Manufacturer":{"DisplayValue":"LOIS","Label":"Manufacturer","Locale":"es_ES"}},"Title":{"DisplayValue":"Lois - Bolso Bandolera Mujer - Bolso Mujer Pequeño de Marca. Bolso Lois Mujer - Bolsos Bandolera Mujer de Piel Sintética - Bolso Mujer Bandolera de Uso Diario - Bolso Pequeño Mujer 311683, Marron","Label":"Title","Locale":"es_ES"}},"Offers":{"Summaries":[{"Condition":{"Value":"New"},"LowestPrice":{"Amount":34.99,"Currency":"EUR","DisplayAmount":"34,99 €"}}]}},{"ASIN":"B08WR7MXBD","DetailPageURL":"https://www.amazon.es/dp/B08WR7MXBD?tag=topinalambricos-21&linkCode=osi&th=1&psc=1","Images":{"Primary":{"Small":{"Height":75,"URL":"https://m.media-amazon.com/images/I/41VljI2bGbS._SL75_.jpg","Width":64}}},"ItemInfo":{"ByLineInfo":{"Brand":{"DisplayValue":"Mandarina Duck","Label":"Brand","Locale":"es_ES"},"Manufacturer":{"DisplayValue":"Mandarina Duck","Label":"Manufacturer","Locale":"es_ES"}},"Title":{"DisplayValue":"Mandarina Duck Mellow Leather P10FZT38, Mochila, Mujer, Negro (Nero), 35x26x12 (L x H x W)","Label":"Title","Locale":"es_ES"}},"Offers":{"Summaries":[{"Condition":{"Value":"New"},"LowestPrice":{"Amount":147.09,"Currency":"EUR","DisplayAmount":"147,09 €"}}]}},{"ASIN":"B0BFGLG7KD","DetailPageURL":"https://www.amazon.es/dp/B0BFGLG7KD?tag=topinalambricos-21&linkCode=osi&th=1&psc=1","Images":{"Primary":{"Small":{"Height":75,"URL":"https://m.media-amazon.com/images/I/31fgDjJ2u3L._SL75_.jpg","Width":49}}},"ItemInfo":{"ByLineInfo":{"Brand":{"DisplayValue":"Valentino","Label":"Brand","Locale":"es_ES"},"Manufacturer":{"DisplayValue":"Valentino","Label":"Manufacturer","Locale":"es_ES"}},"Title":{"DisplayValue":"Valentino 6iq-arepa, Mochila para Hombre para Mujer, Cuero, Talla ÚNICA","Label":"Title","Locale":"es_ES"}},"Offers":{"Summaries":[{"Condition":{"Value":"New"},"LowestPrice":{"Amount":139.89,"Currency":"EUR","DisplayAmount":"139,89 €"}}]}},{"ASIN":"B09RBGC663","DetailPageURL":"https://www.amazon.es/dp/B09RBGC663?tag=topinalambricos-21&linkCode=osi&th=1&psc=1","Images":{"Primary":{"Small":{"Height":75,"URL":"https://m.media-amazon.com/images/I/41xryKtbbhL._SL75_.jpg","Width":75}}},"ItemInfo":{"ByLineInfo":{"Brand":{"DisplayValue":"Lois","Label":"Brand","Locale":"es_ES"},"Contributors":[{"Locale":"es_ES","Name":"Lois","Role":"Diseñador","RoleType":"designer"}],"Manufacturer":{"DisplayValue":"Lois","Label":"Manufacturer","Locale":"es_ES"}},"Title":{"DisplayValue":"Lois - Bolso Bandolera Mujer - Bolso Mujer Pequeño de Marca. Bolso Lois Mujer - Bolsos Bandolera Mujer de Piel Sintética - Bolso Mujer Bandolera de Uso Diario - Bolso Pequeño Mujer 313378, Negro","Label":"Title","Locale":"es_ES"}},"Offers":{"Summaries":[{"Condition":{"Value":"New"},"LowestPrice":{"Amount":35.99,"Currency":"EUR","DisplayAmount":"35,99 €"}}]}},{"ASIN":"B09WV2Q3LY","DetailPageURL":"https://www.amazon.es/dp/B09WV2Q3LY?tag=topinalambricos-21&linkCode=osi&th=1&psc=1","Images":{"Primary":{"Small":{"Height":75,"URL":"https://m.media-amazon.com/images/I/31vsXa9yIZL._SL75_.jpg","Width":75}}},"ItemInfo":{"ByLineInfo":{"Brand":{"DisplayValue":"XTI","Label":"Brand","Locale":"es_ES"},"Manufacturer":{"DisplayValue":"XTI Footwear, S.L.","Label":"Manufacturer","Locale":"es_ES"}},"Title":{"DisplayValue":"XTI 184034, Bolso de Hombro para Mujer, Negro, One Size","Label":"Title","Locale":"es_ES"}},"Offers":{"Summaries":[{"Condition":{"Value":"New"},"LowestPrice":{"Amount":31.11,"Currency":"EUR","DisplayAmount":"31,11 €"}}]}},{"ASIN":"B006EJXGIY","DetailPageURL":"https://www.amazon.es/dp/B006EJXGIY?tag=topinalambricos-21&linkCode=osi&th=1&psc=1","Images":{"Primary":{"Small":{"Height":50,"URL":"https://m.media-amazon.com/images/I/416705yYERL._SL75_.jpg","Width":75}}},"ItemInfo":{"ByLineInfo":{"Brand":{"DisplayValue":"Gusti","Label":"Brand","Locale":"es_ES"}},"Title":{"DisplayValue":"Gusti Bolso de piel - Summer Bolso bandolera de cuero marrón pequeño","Label":"Title","Locale":"es_ES"}},"Offers":{"Summaries":[{"Condition":{"Value":"New"},"LowestPrice":{"Amount":23.95,"Currency":"EUR","DisplayAmount":"23,95 €"}}]}},{"ASIN":"B09KYFWLBF","DetailPageURL":"https://www.amazon.es/dp/B09KYFWLBF?tag=topinalambricos-21&linkCode=osi&th=1&psc=1","Images":{"Primary":{"Small":{"Height":51,"URL":"https://m.media-amazon.com/images/I/31Pbb+cRY5L._SL75_.jpg","Width":75}}},"ItemInfo":{"ByLineInfo":{"Brand":{"DisplayValue":"Mandarina Duck","Label":"Brand","Locale":"es_ES"},"Manufacturer":{"DisplayValue":"Mandarina Duck","Label":"Manufacturer","Locale":"es_ES"}},"Title":{"DisplayValue":"Mandarina Duck Bolso de Hombro Marrón (Mole) Luna P10kbt05 26x19.5x12 (L x H x W)","Label":"Title","Locale":"es_ES"}},"Offers":{"Summaries":[{"Condition":{"Value":"New"},"LowestPrice":{"Amount":118.51,"Currency":"EUR","DisplayAmount":"118,51 €"}}]}},{"ASIN":"B09NW7JT9L","DetailPageURL":"https://www.amazon.es/dp/B09NW7JT9L?tag=topinalambricos-21&linkCode=osi&th=1&psc=1","Images":{"Primary":{"Small":{"Height":75,"URL":"https://m.media-amazon.com/images/I/41XwYpC7ghL._SL75_.jpg","Width":75}}},"ItemInfo":{"ByLineInfo":{"Brand":{"DisplayValue":"STILORD","Label":"Brand","Locale":"es_ES"},"Manufacturer":{"DisplayValue":"STILORD","Label":"Manufacturer","Locale":"es_ES"}},"Title":{"DisplayValue":"STILORD 'Aisha' Bolso de Mano Vintage para Mujer Pequeño Bolso Bandolera Crossbody Bag para Salir Noche Fiesta Bolso de Hombro de Auténtico Cuero, Color:Negro","Label":"Title","Locale":"es_ES"}},"Offers":{"Summaries":[{"Condition":{"Value":"New"},"LowestPrice":{"Amount":87.9,"Currency":"EUR","DisplayAmount":"87,90 €"}}]}},{"ASIN":"B09LVF6YRG","DetailPageURL":"https://www.amazon.es/dp/B09LVF6YRG?tag=topinalambricos-21&linkCode=osi&th=1&psc=1","Images":{"Primary":{"Small":{"Height":75,"URL":"https://m.media-amazon.com/images/I/31gVyuY8jCL._SL75_.jpg","Width":60}}},"ItemInfo":{"ByLineInfo":{"Brand":{"DisplayValue":"BIBA","Label":"Brand","Locale":"es_ES"},"Manufacturer":{"DisplayValue":"United Bags Company S.L.","Label":"Manufacturer","Locale":"es_ES"}},"Title":{"DisplayValue":"BIBA | Bolso de Mujer de Cuero Genuino, Bolso Bandolera Heritage Lakewood LAK1L, Asa Larga, Cierre con Cremallera, Piel de Vaca Legítima, Color Negro","Label":"Title","Locale":"es_ES"}},"Offers":{"Summaries":[{"Condition":{"Value":"New"},"LowestPrice":{"Amount":99.0,"Currency":"EUR","DisplayAmount":"99,00 €"}}]}}],"SearchURL":"https://www.amazon.es/s?k=bolso+cuero&rh=n%3A2007973031%2Cp_n_availability%3A-1&tag=topinalambricos-21&linkCode=osi","TotalResultCount":62104}},"145":{"SearchResult":{"Items":[{"ASIN":"B076MRSSNS","DetailPageURL":"https://www.amazon.es/dp/B076MRSSNS?tag=topinalambricos-21&linkCode=osi&th=1&psc=1","Images":{"Primary":{"Small":{"Height":75,"URL":"https://m.media-amazon.com/images/I/417mxwxam8L._SL75_.jpg","Width":75}}},"ItemInfo":{"ByLineInfo":{"Brand":{"DisplayValue":"STILORD","Label":"Brand","Locale":"es_ES"},"Manufacturer":{"DisplayValue":"STILORD","Label":"Manufacturer","Locale":"es_ES"}},"Title":{"DisplayValue":"STILORD 'Nevio' Bolsa Bandolera Cuero Hombre pequeño Bolso Mensajero Caballero Bolso Ocio Salir Trabajo Bolso Piel auténtica para Tablet 10.1' iPad, Color:marrón - Medio","Label":"Title","Locale":"es_ES"}},"Offers":{"Summaries":[{"Condition":{"Value":"New"},"LowestPrice":{"Amount":89.0,"Currency":"EUR","DisplayAmount":"89,00 €"}}]}},{"ASIN":"B095KL8221","DetailPageURL":"https://www.amazon.es/dp/B095KL8221?tag=topinalambricos-21&linkCode=osi&th=1&psc=1","Images":{"Primary":{"Small":{"Height":75,"URL":"https://m.media-amazon.com/images/I/413dB1DEMHS._SL75_.jpg","Width":75}}},"ItemInfo":{"ByLineInfo":{"Brand":{"DisplayValue":"Coronel Tapiocca","Label":"Brand","Locale":"es_ES"},"Manufacturer":{"DisplayValue":"Coronel Tapiocca","Label":"Manufacturer","Locale":"es_ES"}},"Title":{"DisplayValue":"Coronel Tapiocca Hombre, Bolso Bandolera, Marron, Normal","Label":"Title","Locale":"es_ES"}},"Offers":{"Summaries":[{"Condition":{"Value":"New"},"LowestPrice":{"Amount":24.99,"Currency":"EUR","DisplayAmount":"24,99 €"}}]}},{"ASIN":"B07PFM22XL","DetailPageURL":"https://www.amazon.es/dp/B07PFM22XL?tag=topinalambricos-21&linkCode=osi&th=1&psc=1","Images":{"Primary":{"Small":{"Height":75,"URL":"https://m.media-amazon.com/images/I/51f-5EAYKjL._SL75_.jpg","Width":75}}},"ItemInfo":{"ByLineInfo":{"Brand":{"DisplayValue":"Lois","Label":"Brand","Locale":"es_ES"},"Contributors":[{"Locale":"es_ES","Name":"Lois","Role":"Diseñador","RoleType":"designer"}],"Manufacturer":{"DisplayValue":"LOIS","Label":"Manufacturer","Locale":"es_ES"}},"Title":{"DisplayValue":"Lois - Bandoleras Hombre - Bolso Hombre Bandolera Ajustable - Bandolera Hombre Lois de Algodón/Piel - Bolso Bandolera Hombre para Uso Diario. Bolso de Hombre Pequeño 303316, Camel","Label":"Title","Locale":"es_ES"}},"Offers":{"Summaries":[{"Condition":{"Value":"New"},"LowestPrice":{"Amount":27.99,"Currency":"EUR","DisplayAmount":"27,99 €"}}]}},{"ASIN":"B08SYX15M1","DetailPageURL":"https://www.amazon.es/dp/B08SYX15M1?tag=topinalambricos-21&linkCode=osi&th=1&psc=1","Images":{"Primary":{"Small":{"Height":75,"URL":"https://m.media-amazon.com/images/I/41986rMdy6L._SL75_.jpg","Width":75}}},"ItemInfo":{"ByLineInfo":{"Brand":{"DisplayValue":"Skechers","Label":"Brand","Locale":"es_ES"},"Contributors":[{"Locale":"es_ES","Name":"SKECHERS","Role":"Diseñador","RoleType":"designer"}],"Manufacturer":{"DisplayValue":"SKECHERS","Label":"Manufacturer","Locale":"es_ES"}},"Title":{"DisplayValue":"SKECHERS - Bandoleras Hombre - Bolso Hombre Bandolera Ajustable - Bandolera Hombre SKECHERS de Polipiel - Bolso Bandolera Hombre para Uso Diario. Bolso de Hombre Pequeño S918, Negro","Label":"Title","Locale":"es_ES"}},"Offers":{"Summaries":[{"Condition":{"Value":"New"},"LowestPrice":{"Amount":33.45,"Currency":"EUR","DisplayAmount":"33,45 €"}}]}},{"ASIN":"B091D45YWR","DetailPageURL":"https://www.amazon.es/dp/B091D45YWR?tag=topinalambricos-21&linkCode=osi&th=1&psc=1","Images":{"Primary":{"Small":{"Height":75,"URL":"https://m.media-amazon.com/images/I/31ij2xWqNEL._SL75_.jpg","Width":75}}},"ItemInfo":{"ByLineInfo":{"Brand":{"DisplayValue":"Lois","Label":"Brand","Locale":"es_ES"},"Contributors":[{"Locale":"es_ES","Name":"Lois","Role":"Diseñador","RoleType":"designer"}],"Manufacturer":{"DisplayValue":"LOIS","Label":"Manufacturer","Locale":"es_ES"}},"Title":{"DisplayValue":"Lois - Bandoleras Hombre - Bolso Hombre Bandolera Ajustable - Bandolera Hombre Lois de Poliéster - Bolso Bandolera Hombre para Uso Diario. Bolso de Hombre Pequeño 311020, Negro","Label":"Title","Locale":"es_ES"}},"Offers":{"Summaries":[{"Condition":{"Value":"New"},"LowestPrice":{"Amount":31.6,"Currency":"EUR","DisplayAmount":"31,60 €"}}]}},{"ASIN":"B085J1P9G9","DetailPageURL":"https://www.amazon.es/dp/B085J1P9G9?tag=topinalambricos-21&linkCode=osi&th=1&psc=1","Images":{"Primary":{"Small":{"Height":75,"URL":"https://m.media-amazon.com/images/I/51wK77P4daL._SL75_.jpg","Width":75}}},"ItemInfo":{"ByLineInfo":{"Brand":{"DisplayValue":"Lois","Label":"Brand","Locale":"es_ES"},"Contributors":[{"Locale":"es_ES","Name":"Lois","Role":"Diseñador","RoleType":"designer"}],"Manufacturer":{"DisplayValue":"Lois","Label":"Manufacturer","Locale":"es_ES"}},"Title":{"DisplayValue":"Lois - Bandoleras Hombre - Bolso Hombre Bandolera Ajustable - Bandolera Hombre Lois de Lona recubierta/Piel - Bolso Bandolera Hombre para Uso Diario. Bolso de Hombre Pequeño 307821, Negro","Label":"Title","Locale":"es_ES"}},"Offers":{"Summaries":[{"Condition":{"Value":"New"},"LowestPrice":{"Amount":33.95,"Currency":"EUR","DisplayAmount":"33,95 €"}}]}},{"ASIN":"B0B7SKHKBZ","DetailPageURL":"https://www.amazon.es/dp/B0B7SKHKBZ?tag=topinalambricos-21&linkCode=osi&th=1&psc=1","Images":{"Primary":{"Small":{"Height":75,"URL":"https://m.media-amazon.com/images/I/41YeUhHz37L._SL75_.jpg","Width":75}}},"ItemInfo":{"ByLineInfo":{"Brand":{"DisplayValue":"Lois","Label":"Brand","Locale":"es_ES"},"Contributors":[{"Locale":"es_ES","Name":"Lois","Role":"Diseñador","RoleType":"designer"}],"Manufacturer":{"DisplayValue":"Lois","Label":"Manufacturer","Locale":"es_ES"}},"Title":{"DisplayValue":"Lois - Bandoleras Hombre - Bolso Hombre Bandolera Ajustable - Bandolera Hombre Lois de Polipiel - Bolso Bandolera Hombre para Uso Diario. Bolso de Hombre Pequeño 40220, Negro","Label":"Title","Locale":"es_ES"}},"Offers":{"Summaries":[{"Condition":{"Value":"New"},"LowestPrice":{"Amount":34.99,"Currency":"EUR","DisplayAmount":"34,99 €"}},{"Condition":{"Value":"Used"},"LowestPrice":{"Amount":33.94,"Currency":"EUR","DisplayAmount":"33,94 €"}}]}},{"ASIN":"B09L581J4V","DetailPageURL":"https://www.amazon.es/dp/B09L581J4V?tag=topinalambricos-21&linkCode=osi&th=1&psc=1","Images":{"Primary":{"Small":{"Height":75,"URL":"https://m.media-amazon.com/images/I/41qtrAghwnL._SL75_.jpg","Width":75}}},"ItemInfo":{"ByLineInfo":{"Brand":{"DisplayValue":"STILORD","Label":"Brand","Locale":"es_ES"},"Manufacturer":{"DisplayValue":"STILORD","Label":"Manufacturer","Locale":"es_ES"}},"Title":{"DisplayValue":"STILORD 'Pete' Bandolera Piel pequeña Hombre y Mujer Bolso Mensajero Vintage Bolso de Hombro Masculino Bolsa Tablet de 8,4' Cuero Genuino, Color:Calais - marrón","Label":"Title","Locale":"es_ES"}},"Offers":{"Summaries":[{"Condition":{"Value":"New"},"LowestPrice":{"Amount":87.9,"Currency":"EUR","DisplayAmount":"87,90 €"}}]}},{"ASIN":"B08HSDQ7F2","DetailPageURL":"https://www.amazon.es/dp/B08HSDQ7F2?tag=topinalambricos-21&linkCode=osi&th=1&psc=1","Images":{"Primary":{"Small":{"Height":75,"URL":"https://m.media-amazon.com/images/I/41CXkiMZyML._SL75_.jpg","Width":75}}},"ItemInfo":{"ByLineInfo":{"Brand":{"DisplayValue":"Lois","Label":"Brand","Locale":"es_ES"},"Contributors":[{"Locale":"es_ES","Name":"Lois","Role":"Diseñador","RoleType":"designer"}],"Manufacturer":{"DisplayValue":"LOIS","Label":"Manufacturer","Locale":"es_ES"}},"Title":{"DisplayValue":"Lois - Bandoleras Hombre - Bolso Hombre Bandolera Ajustable - Bandolera Hombre Lois de Lona recubierta/Piel - Bolso Bandolera Hombre para Uso Diario. Bolso de Hombre Pequeño 307820, Negro","Label":"Title","Locale":"es_ES"}},"Offers":{"Summaries":[{"Condition":{"Value":"New"},"LowestPrice":{"Amount":34.99,"Currency":"EUR","DisplayAmount":"34,99 €"}}]}},{"ASIN":"B084CXL542","DetailPageURL":"https://www.amazon.es/dp/B084CXL542?tag=topinalambricos-21&linkCode=osi&th=1&psc=1","Images":{"Primary":{"Small":{"Height":75,"URL":"https://m.media-amazon.com/images/I/51e5Qg+CIQL._SL75_.jpg","Width":75}}},"ItemInfo":{"ByLineInfo":{"Brand":{"DisplayValue":"Lois","Label":"Brand","Locale":"es_ES"},"Contributors":[{"Locale":"es_ES","Name":"Lois","Role":"Diseñador","RoleType":"designer"}],"Manufacturer":{"DisplayValue":"Lois","Label":"Manufacturer","Locale":"es_ES"}},"Title":{"DisplayValue":"Lois - Bandoleras Hombre Piel - Bolso Hombre Bandolera Piel Pequeño - Bolso de Hombro de Piel Cuero Auténtico de Marca LOIS - Bolsito Hombre Piel para Uso Casual, Trabajo o Viaje 305919, Negro","Label":"Title","Locale":"es_ES"}},"Offers":{"Summaries":[{"Condition":{"Value":"New"},"LowestPrice":{"Amount":74.99,"Currency":"EUR","DisplayAmount":"74,99 €"}}]}}],"SearchURL":"https://www.amazon.es/s?k=bolso+cuero&rh=n%3A2007968031%2Cp_n_availability%3A-1&tag=topinalambricos-21&linkCode=osi","TotalResultCount":48105}},"146":{"SearchResult":{"Items":[{"ASIN":"B071GFVF14","DetailPageURL":"https://www.amazon.es/dp/B071GFVF14?tag=topinalambricos-21&linkCode=osi&th=1&psc=1","Images":{"Primary":{"Small":{"Height":68,"URL":"https://m.media-amazon.com/images/I/51ckKEQlm3L._SL75_.jpg","Width":75}}},"ItemInfo":{"ByLineInfo":{"Brand":{"DisplayValue":"jaald","Label":"Brand","Locale":"es_ES"},"Manufacturer":{"DisplayValue":"Jaald","Label":"Manufacturer","Locale":"es_ES"}},"Title":{"DisplayValue":"33 cm Hecha a mano Marron elegante Vintage Bolso de cuero del mensajero cada día Bolso de hombro cartera para tablets, ipad, charger perfecta para viaje y oficina regalo para hombres mujeres bolsa de","Label":"Title","Locale":"es_ES"}},"Offers":{"Summaries":[{"Condition":{"Value":"New"},"LowestPrice":{"Amount":45.0,"Currency":"EUR","DisplayAmount":"45,00 €"}}]}},{"ASIN":"B071YVZGQS","DetailPageURL":"https://www.amazon.es/dp/B071YVZGQS?tag=topinalambricos-21&linkCode=osi&th=1&psc=1","Images":{"Primary":{"Small":{"Height":57,"URL":"https://m.media-amazon.com/images/I/4196WmFUkYL._SL75_.jpg","Width":75}}},"ItemInfo":{"ByLineInfo":{"Brand":{"DisplayValue":"Komal's Passion Leather","Label":"Brand","Locale":"es_ES"},"Manufacturer":{"DisplayValue":"Komal's Passion Leather","Label":"Manufacturer","Locale":"es_ES"}},"Title":{"DisplayValue":"KPL 14 pulgadas de cuero bolso de hombro de las mujeres Crossbody Satchel Tote bolso de viaje bolso de cuero genuino, marrón, L, Bolsos","Label":"Title","Locale":"es_ES"}},"Offers":{"Summaries":[{"Condition":{"Value":"New"},"LowestPrice":{"Amount":44.99,"Currency":"EUR","DisplayAmount":"44,99 €"}}]}},{"ASIN":"B00FBF8ORA","DetailPageURL":"https://www.amazon.es/dp/B00FBF8ORA?tag=topinalambricos-21&linkCode=osi&th=1&psc=1","Images":{"Primary":{"Small":{"Height":51,"URL":"https://m.media-amazon.com/images/I/417LGgxvSmL._SL75_.jpg","Width":75}}},"ItemInfo":{"ByLineInfo":{"Brand":{"DisplayValue":"Gusti","Label":"Brand","Locale":"es_ES"},"Manufacturer":{"DisplayValue":"Gusti Leder","Label":"Manufacturer","Locale":"es_ES"}},"Title":{"DisplayValue":"Gusti Bolso bandolera Cuero - Evelyn Bolso de Mujer Bolso de Mano Pequeño Marrón","Label":"Title","Locale":"es_ES"}},"Offers":{"Summaries":[{"Condition":{"Value":"New"},"LowestPrice":{"Amount":69.95,"Currency":"EUR","DisplayAmount":"69,95 €"}}]}},{"ASIN":"B08DP1VXD1","DetailPageURL":"https://www.amazon.es/dp/B08DP1VXD1?tag=topinalambricos-21&linkCode=osi&th=1&psc=1","Images":{"Primary":{"Small":{"Height":75,"URL":"https://m.media-amazon.com/images/I/4167pO6sd9L._SL75_.jpg","Width":75}}},"ItemInfo":{"ByLineInfo":{"Brand":{"DisplayValue":"STILORD","Label":"Brand","Locale":"es_ES"},"Manufacturer":{"DisplayValue":"STILORD","Label":"Manufacturer","Locale":"es_ES"}},"Title":{"DisplayValue":"STILORD 'Bella' Bolsos Mujer Piel Autentica Bolso de Mano Pequeño Mujeres Bolso Hombro para Salir Noche Fiesta Bolso Bandolera de Cuero Vintage, Color:Kara - Cognac","Label":"Title","Locale":"es_ES"}},"Offers":{"Summaries":[{"Condition":{"Value":"New"},"LowestPrice":{"Amount":79.9,"Currency":"EUR","DisplayAmount":"79,90 €"}}]}},{"ASIN":"B08D6YP71Y","DetailPageURL":"https://www.amazon.es/dp/B08D6YP71Y?tag=topinalambricos-21&linkCode=osi&th=1&psc=1","Images":{"Primary":{"Small":{"Height":75,"URL":"https://m.media-amazon.com/images/I/41cgpX0ZK4L._SL75_.jpg","Width":57}}},"ItemInfo":{"ByLineInfo":{"Brand":{"DisplayValue":"Jarapa Home","Label":"Brand","Locale":"es_ES"}},"Title":{"DisplayValue":"Jarapa Home Bolso Mochila Mujer de Cuero Autentico, color Marrón, Hecho a mano - Vintage 100% piel de cabra - Bolso de viaje casual (M)","Label":"Title","Locale":"es_ES"}},"Offers":{"Summaries":[{"Condition":{"Value":"New"},"LowestPrice":{"Amount":39.9,"Currency":"EUR","DisplayAmount":"39,90 €"}}]}},{"ASIN":"B0191W2T1A","DetailPageURL":"https://www.amazon.es/dp/B0191W2T1A?tag=topinalambricos-21&linkCode=osi&th=1&psc=1","Images":{"Primary":{"Small":{"Height":63,"URL":"https://m.media-amazon.com/images/I/41J0y0-sTmL._SL75_.jpg","Width":75}}},"ItemInfo":{"ByLineInfo":{"Brand":{"DisplayValue":"Gusti","Label":"Brand","Locale":"es_ES"},"Manufacturer":{"DisplayValue":"Gusti Leder","Label":"Manufacturer","Locale":"es_ES"}},"Title":{"DisplayValue":"Gusti Bolso de Cuero - Charleen Bolso Bandolera de Piel marrón","Label":"Title","Locale":"es_ES"}},"Offers":{"Summaries":[{"Condition":{"Value":"New"},"LowestPrice":{"Amount":69.95,"Currency":"EUR","DisplayAmount":"69,95 €"}}]}},{"ASIN":"B08VWFWNY7","DetailPageURL":"https://www.amazon.es/dp/B08VWFWNY7?tag=topinalambricos-21&linkCode=osi&th=1&psc=1","Images":{"Primary":{"Small":{"Height":75,"URL":"https://m.media-amazon.com/images/I/51IOTCi1aaL._SL75_.jpg","Width":75}}},"ItemInfo":{"ByLineInfo":{"Brand":{"DisplayValue":"STILORD","Label":"Brand","Locale":"es_ES"},"Manufacturer":{"DisplayValue":"STILORD","Label":"Manufacturer","Locale":"es_ES"}},"Title":{"DisplayValue":"STILORD 'Allison' Mochila Mujer Casual de Cuero Pequeña Daypack Backpack Vintage Bandolera Bolso de Mano Mochila de Día para Trabajo Salir de Auténtica Piel, Color:Calais - marrón","Label":"Title","Locale":"es_ES"}},"Offers":{"Summaries":[{"Condition":{"Value":"New"},"LowestPrice":{"Amount":109.9,"Currency":"EUR","DisplayAmount":"109,90 €"}}]}},{"ASIN":"B07TWWT2TC","DetailPageURL":"https://www.amazon.es/dp/B07TWWT2TC?tag=topinalambricos-21&linkCode=osi&th=1&psc=1","Images":{"Primary":{"Small":{"Height":75,"URL":"https://m.media-amazon.com/images/I/51igtvobanL._SL75_.jpg","Width":75}}},"ItemInfo":{"ByLineInfo":{"Brand":{"DisplayValue":"BAGZY","Label":"Brand","Locale":"es_ES"},"Manufacturer":{"DisplayValue":"BAGZY","Label":"Manufacturer","Locale":"es_ES"}},"Title":{"DisplayValue":"BAGZY Mujer Mochila de PU Cuero Bolso Mujer Antirrobo Impermeable Bolso de mano Casual Vintage Bolsa de viaje de Gran Capacidad Messenger Bag Backpack Escolar Bolsos Bandolera Moda (Marrón)","Label":"Title","Locale":"es_ES"}},"Offers":{"Summaries":[{"Condition":{"Value":"New"},"LowestPrice":{"Amount":36.99,"Currency":"EUR","DisplayAmount":"36,99 €"}}]}},{"ASIN":"B09C5F46XQ","DetailPageURL":"https://www.amazon.es/dp/B09C5F46XQ?tag=topinalambricos-21&linkCode=osi&th=1&psc=1","Images":{"Primary":{"Small":{"Height":75,"URL":"https://m.media-amazon.com/images/I/41EMg1W4QmS._SL75_.jpg","Width":75}}},"ItemInfo":{"ByLineInfo":{"Brand":{"DisplayValue":"Desconocido","Label":"Brand","Locale":"es_ES"},"Manufacturer":{"DisplayValue":"Generic","Label":"Manufacturer","Locale":"es_ES"}},"Title":{"DisplayValue":"Desconocido Generic Bolso Bandolera para Mujer Vintage Bucket Tote Bolso de Hombro de Cuero PU Bolsos con Correa Ajustable Bolsos de Mensajero Retro Marrón","Label":"Title","Locale":"es_ES"}},"Offers":{"Summaries":[{"Condition":{"Value":"New"},"LowestPrice":{"Amount":32.99,"Currency":"EUR","DisplayAmount":"32,99 €"}}]}},{"ASIN":"B076D69W6J","DetailPageURL":"https://www.amazon.es/dp/B076D69W6J?tag=topinalambricos-21&linkCode=osi&th=1&psc=1","Images":{"Primary":{"Small":{"Height":75,"URL":"https://m.media-amazon.com/images/I/51Vgib38KcL._SL75_.jpg","Width":75}}},"ItemInfo":{"ByLineInfo":{"Brand":{"DisplayValue":"DCCN","Label":"Brand","Locale":"es_ES"}},"Title":{"DisplayValue":"DCCN Bolso de Hombro para Mujer, Bolso de Cuero pequeño Retro marrón","Label":"Title","Locale":"es_ES"}},"Offers":{"Summaries":[{"Condition":{"Value":"New"},"LowestPrice":{"Amount":19.99,"Currency":"EUR","DisplayAmount":"19,99 €"}}]}}],"SearchURL":"https://www.amazon.es/s?k=cuero+artesanal&rh=n%3A2007965031%2Cp_n_availability%3A-1&tag=topinalambricos-21&linkCode=osi","TotalResultCount":433}},"147":{"SearchResult":{"Items":[{"ASIN":"B09NPVNFF7","DetailPageURL":"https://www.amazon.es/dp/B09NPVNFF7?tag=topinalambricos-21&linkCode=osi&th=1&psc=1","Images":{"Primary":{"Small":{"Height":75,"URL":"https://m.media-amazon.com/images/I/51vfepcIG4L._SL75_.jpg","Width":75}}},"ItemInfo":{"ByLineInfo":{"Brand":{"DisplayValue":"Spydge","Label":"Brand","Locale":"es_ES"}},"Title":{"DisplayValue":"Spydge Mochila Bohemia Moda la Mochila de Lona y Cuero Impermeable Pequeño Mochila de Hombro con Correa de Hombro Ajustable para Compras Citas Fiestas Vacaciones Viajes al aire Libre","Label":"Title","Locale":"es_ES"}},"Offers":{"Summaries":[{"Condition":{"Value":"New"},"LowestPrice":{"Amount":33.99,"Currency":"EUR","DisplayAmount":"33,99 €"}}]}},{"ASIN":"B07QZ3D885","DetailPageURL":"https://www.amazon.es/dp/B07QZ3D885?tag=topinalambricos-21&linkCode=osi&th=1&psc=1","Images":{"Primary":{"Small":{"Height":75,"URL":"https://m.media-amazon.com/images/I/51sjIH5YUlL._SL75_.jpg","Width":74}}},"ItemInfo":{"ByLineInfo":{"Brand":{"DisplayValue":"Oyccen","Label":"Brand","Locale":"es_ES"}},"Title":{"DisplayValue":"Oyccen Borla Bolso de Hombro Mujeres Bolsos Mensajero Bolsa Bandolera para Señoras","Label":"Title","Locale":"es_ES"}},"Offers":{"Summaries":[{"Condition":{"Value":"New"},"LowestPrice":{"Amount":19.29,"Currency":"EUR","DisplayAmount":"19,29 €"}}]}},{"ASIN":"B076D69W6J","DetailPageURL":"https://www.amazon.es/dp/B076D69W6J?tag=topinalambricos-21&linkCode=osi&th=1&psc=1","Images":{"Primary":{"Small":{"Height":75,"URL":"https://m.media-amazon.com/images/I/51Vgib38KcL._SL75_.jpg","Width":75}}},"ItemInfo":{"ByLineInfo":{"Brand":{"DisplayValue":"DCCN","Label":"Brand","Locale":"es_ES"}},"Title":{"DisplayValue":"DCCN Bolso de Hombro para Mujer, Bolso de Cuero pequeño Retro marrón","Label":"Title","Locale":"es_ES"}},"Offers":{"Summaries":[{"Condition":{"Value":"New"},"LowestPrice":{"Amount":19.99,"Currency":"EUR","DisplayAmount":"19,99 €"}}]}},{"ASIN":"B071SHD98V","DetailPageURL":"https://www.amazon.es/dp/B071SHD98V?tag=topinalambricos-21&linkCode=osi&th=1&psc=1","Images":{"Primary":{"Small":{"Height":75,"URL":"https://m.media-amazon.com/images/I/4151lyDuJLL._SL75_.jpg","Width":75}}},"ItemInfo":{"ByLineInfo":{"Brand":{"DisplayValue":"Pahajim","Label":"Brand","Locale":"es_ES"}},"Title":{"DisplayValue":"Pahajim Bolso Hippy de Moda Estilo Punk Rock para Mujeres Bolso Grande de Cuero Gótico con Tachuelas, Bolso Portátil Ligero para Fiestas en la Oficina y Viajes","Label":"Title","Locale":"es_ES"}},"Offers":{"Summaries":[{"Condition":{"Value":"New"},"LowestPrice":{"Amount":24.99,"Currency":"EUR","DisplayAmount":"24,99 €"}}]}},{"ASIN":"B09QT2FNF8","DetailPageURL":"https://www.amazon.es/dp/B09QT2FNF8?tag=topinalambricos-21&linkCode=osi&th=1&psc=1","Images":{"Primary":{"Small":{"Height":75,"URL":"https://m.media-amazon.com/images/I/41TAU5fSNNL._SL75_.jpg","Width":75}}},"ItemInfo":{"ByLineInfo":{"Brand":{"DisplayValue":"LafalPer","Label":"Brand","Locale":"es_ES"},"Manufacturer":{"DisplayValue":"LafalPer","Label":"Manufacturer","Locale":"es_ES"}},"Title":{"DisplayValue":"Bolso Bandolera Hebilla Estampado Bolso de Hombro de Cuero Bolsos Cruzados Vintage para Mujer autobús Hippy","Label":"Title","Locale":"es_ES"}},"Offers":{"Summaries":[{"Condition":{"Value":"New"},"LowestPrice":{"Amount":36.99,"Currency":"EUR","DisplayAmount":"36,99 €"}}]}},{"ASIN":"B07D1R4ZW1","DetailPageURL":"https://www.amazon.es/dp/B07D1R4ZW1?tag=topinalambricos-21&linkCode=osi&th=1&psc=1","Images":{"Primary":{"Small":{"Height":75,"URL":"https://m.media-amazon.com/images/I/51K7-fNRuML._SL75_.jpg","Width":75}}},"ItemInfo":{"ByLineInfo":{"Brand":{"DisplayValue":"abaría","Label":"Brand","Locale":"es_ES"},"Manufacturer":{"DisplayValue":"Amoyie","Label":"Manufacturer","Locale":"es_ES"}},"Title":{"DisplayValue":"Abaría - Moda la Mochila de Lona y Cuero, Bolsos de Mujer, Mochila pequeño Bolsa de Viaje, Mochilas Tipo Casual niñas","Label":"Title","Locale":"es_ES"}},"Offers":{"Summaries":[{"Condition":{"Value":"New"},"LowestPrice":{"Amount":23.69,"Currency":"EUR","DisplayAmount":"23,69 €"}}]}},{"ASIN":"B09YRJLCCG","DetailPageURL":"https://www.amazon.es/dp/B09YRJLCCG?tag=topinalambricos-21&linkCode=osi&th=1&psc=1","Images":{"Primary":{"Small":{"Height":75,"URL":"https://m.media-amazon.com/images/I/41TAU5fSNNL._SL75_.jpg","Width":75}}},"ItemInfo":{"ByLineInfo":{"Brand":{"DisplayValue":"LafalPer","Label":"Brand","Locale":"es_ES"},"Manufacturer":{"DisplayValue":"LafalPer","Label":"Manufacturer","Locale":"es_ES"}},"Title":{"DisplayValue":"Bolso Bandolera Vintage para Mujer Bolsos Hobo de Cuero PU Bolso de Hombro Estampado Medianos autobús Hippy","Label":"Title","Locale":"es_ES"}},"Offers":{"Summaries":[{"Condition":{"Value":"New"},"LowestPrice":{"Amount":37.9,"Currency":"EUR","DisplayAmount":"37,90 €"}}]}},{"ASIN":"B099NC2N1D","DetailPageURL":"https://www.amazon.es/dp/B099NC2N1D?tag=topinalambricos-21&linkCode=osi&th=1&psc=1","Images":{"Primary":{"Small":{"Height":51,"URL":"https://m.media-amazon.com/images/I/51tJ3ZKY2PL._SL75_.jpg","Width":75}}},"ItemInfo":{"ByLineInfo":{"Brand":{"DisplayValue":"MTNG","Label":"Brand","Locale":"es_ES"},"Manufacturer":{"DisplayValue":"MTNG EUROPE EXPERIENCE SLU","Label":"Manufacturer","Locale":"es_ES"}},"Title":{"DisplayValue":"MTNG Bolso Knot C52862 Macrame Cuero, Bandolera para Mujer, One Size","Label":"Title","Locale":"es_ES"}},"Offers":{"Summaries":[{"Condition":{"Value":"New"},"LowestPrice":{"Amount":24.18,"Currency":"EUR","DisplayAmount":"24,18 €"}}]}},{"ASIN":"B09XTH6F93","DetailPageURL":"https://www.amazon.es/dp/B09XTH6F93?tag=topinalambricos-21&linkCode=osi&th=1&psc=1","Images":{"Primary":{"Small":{"Height":75,"URL":"https://m.media-amazon.com/images/I/41QEMVduwDL._SL75_.jpg","Width":75}}},"ItemInfo":{"ByLineInfo":{"Brand":{"DisplayValue":"FANDARE","Label":"Brand","Locale":"es_ES"},"Manufacturer":{"DisplayValue":"FANDARE","Label":"Manufacturer","Locale":"es_ES"}},"Title":{"DisplayValue":"FANDARE Moda Bolsos de Mano para Mujer Bolsos de Hombro Impermeable Bolso Bandolera Bolsos Cruzados PU Cuero Bolsa para Las Axilas Bolso Mensajero para Viajes Compras Trabajo Citas Blanco","Label":"Title","Locale":"es_ES"}},"Offers":{"Summaries":[{"Condition":{"Value":"New"},"LowestPrice":{"Amount":37.99,"Currency":"EUR","DisplayAmount":"37,99 €"}}]}},{"ASIN":"B09H611GDD","DetailPageURL":"https://www.amazon.es/dp/B09H611GDD?tag=topinalambricos-21&linkCode=osi&th=1&psc=1","Images":{"Primary":{"Small":{"Height":75,"URL":"https://m.media-amazon.com/images/I/41MG-Y60m2L._SL75_.jpg","Width":65}}},"ItemInfo":{"ByLineInfo":{"Brand":{"DisplayValue":"Brakumi","Label":"Brand","Locale":"es_ES"}},"Title":{"DisplayValue":"Brakumi Bolso mujer cuero genuino bolso mochila suave hombro grande transformable mochila vintage trabajo PC Shopper Bag Outlet, Nero, L","Label":"Title","Locale":"es_ES"}},"Offers":{"Summaries":[{"Condition":{"Value":"New"},"LowestPrice":{"Amount":109.97,"Currency":"EUR","DisplayAmount":"109,97 €"}}]}}],"SearchURL":"https://www.amazon.es/s?k=cuero+hippy&rh=n%3A2007973031%2Cp_n_availability%3A-1&tag=topinalambricos-21&linkCode=osi","TotalResultCount":67}},"148":{"SearchResult":{"Items":[{"ASIN":"B07DJRZNKV","DetailPageURL":"https://www.amazon.es/dp/B07DJRZNKV?tag=topinalambricos-21&linkCode=osi&th=1&psc=1","Images":{"Primary":{"Small":{"Height":75,"URL":"https://m.media-amazon.com/images/I/516IbuwJuqL._SL75_.jpg","Width":75}}},"ItemInfo":{"ByLineInfo":{"Brand":{"DisplayValue":"Eysee","Label":"Brand","Locale":"es_ES"},"Manufacturer":{"DisplayValue":"Eysee","Label":"Manufacturer","Locale":"es_ES"}},"Title":{"DisplayValue":"Eysee Bolso de mano de piel de vacuno para mujer, con asas, collage gradiente","Label":"Title","Locale":"es_ES"}},"Offers":{"Summaries":[{"Condition":{"Value":"New"},"LowestPrice":{"Amount":53.16,"Currency":"EUR","DisplayAmount":"53,16 €"}}]}},{"ASIN":"B076D69W6J","DetailPageURL":"https://www.amazon.es/dp/B076D69W6J?tag=topinalambricos-21&linkCode=osi&th=1&psc=1","Images":{"Primary":{"Small":{"Height":75,"URL":"https://m.media-amazon.com/images/I/51Vgib38KcL._SL75_.jpg","Width":75}}},"ItemInfo":{"ByLineInfo":{"Brand":{"DisplayValue":"DCCN","Label":"Brand","Locale":"es_ES"}},"Title":{"DisplayValue":"DCCN Bolso de Hombro para Mujer, Bolso de Cuero pequeño Retro marrón","Label":"Title","Locale":"es_ES"}},"Offers":{"Summaries":[{"Condition":{"Value":"New"},"LowestPrice":{"Amount":19.99,"Currency":"EUR","DisplayAmount":"19,99 €"}}]}},{"ASIN":"B09K4PFZFD","DetailPageURL":"https://www.amazon.es/dp/B09K4PFZFD?tag=topinalambricos-21&linkCode=osi&th=1&psc=1","Images":{"Primary":{"Small":{"Height":75,"URL":"https://m.media-amazon.com/images/I/41oWSWK0dqL._SL75_.jpg","Width":56}}},"ItemInfo":{"ByLineInfo":{"Brand":{"DisplayValue":"Desconocido","Label":"Brand","Locale":"es_ES"},"Manufacturer":{"DisplayValue":"Apop Of Morocco","Label":"Manufacturer","Locale":"es_ES"}},"Title":{"DisplayValue":"Bolso de cuero marroquí, bolsos de las mujeres de la mano, Satchel Cross correas de hombro para ella, Marrón claro","Label":"Title","Locale":"es_ES"}},"Offers":{"Summaries":[{"Condition":{"Value":"New"},"LowestPrice":{"Amount":90.56,"Currency":"EUR","DisplayAmount":"90,56 €"}}]}},{"ASIN":"B0BD7ZL7QM","DetailPageURL":"https://www.amazon.es/dp/B0BD7ZL7QM?tag=topinalambricos-21&linkCode=osi&th=1&psc=1","Images":{"Primary":{"Small":{"Height":75,"URL":"https://m.media-amazon.com/images/I/4144j8Wv2NL._SL75_.jpg","Width":75}}},"ItemInfo":{"ByLineInfo":{"Brand":{"DisplayValue":"liuduo","Label":"Brand","Locale":"es_ES"},"Manufacturer":{"DisplayValue":"liuduo","Label":"Manufacturer","Locale":"es_ES"}},"Title":{"DisplayValue":"Riñonera de cuero para hombre, bolsa de hombro para teléfono celular, bolsa para exteriores, Black","Label":"Title","Locale":"es_ES"}},"Offers":{"Summaries":[{"Condition":{"Value":"New"},"LowestPrice":{"Amount":15.93,"Currency":"EUR","DisplayAmount":"15,93 €"}}]}}],"SearchURL":"https://www.amazon.es/s?k=marroqui&rh=n%3A2007965031%2Cp_n_availability%3A-1&tag=topinalambricos-21&linkCode=osi","TotalResultCount":4}},"149":{"SearchResult":{"Items":[{"ASIN":"B09R27SSJ4","DetailPageURL":"https://www.amazon.es/dp/B09R27SSJ4?tag=topinalambricos-21&linkCode=osi&th=1&psc=1","Images":{"Primary":{"Small":{"Height":75,"URL":"https://m.media-amazon.com/images/I/41HN7lW3KNL._SL75_.jpg","Width":75}}},"ItemInfo":{"ByLineInfo":{"Brand":{"DisplayValue":"Lois","Label":"Brand","Locale":"es_ES"},"Contributors":[{"Locale":"es_ES","Name":"Lois","Role":"Diseñador","RoleType":"designer"}],"Manufacturer":{"DisplayValue":"Lois","Label":"Manufacturer","Locale":"es_ES"}},"Title":{"DisplayValue":"Lois - Bolso Mochila Mujer Casual - Bolsos Mochila para Mujer. Mochila Bolso Mujer de Marca Lois. Mochila Casual Mujer - Mochilas Pequeñas Mujer. Mochilas Mujer Moda 310723, Natural","Label":"Title","Locale":"es_ES"}},"Offers":{"Summaries":[{"Condition":{"Value":"New"},"LowestPrice":{"Amount":59.99,"Currency":"EUR","DisplayAmount":"59,99 €"}}]}},{"ASIN":"B0BFGLG7KD","DetailPageURL":"https://www.amazon.es/dp/B0BFGLG7KD?tag=topinalambricos-21&linkCode=osi&th=1&psc=1","Images":{"Primary":{"Small":{"Height":75,"URL":"https://m.media-amazon.com/images/I/31fgDjJ2u3L._SL75_.jpg","Width":49}}},"ItemInfo":{"ByLineInfo":{"Brand":{"DisplayValue":"Valentino","Label":"Brand","Locale":"es_ES"},"Manufacturer":{"DisplayValue":"Valentino","Label":"Manufacturer","Locale":"es_ES"}},"Title":{"DisplayValue":"Valentino 6iq-arepa, Mochila para Hombre para Mujer, Cuero, Talla ÚNICA","Label":"Title","Locale":"es_ES"}},"Offers":{"Summaries":[{"Condition":{"Value":"New"},"LowestPrice":{"Amount":139.89,"Currency":"EUR","DisplayAmount":"139,89 €"}}]}},{"ASIN":"B08QSHDHQ9","DetailPageURL":"https://www.amazon.es/dp/B08QSHDHQ9?tag=topinalambricos-21&linkCode=osi&th=1&psc=1","Images":{"Primary":{"Small":{"Height":75,"URL":"https://m.media-amazon.com/images/I/41F-haSYwAL._SL75_.jpg","Width":75}}},"ItemInfo":{"ByLineInfo":{"Brand":{"DisplayValue":"STILORD","Label":"Brand","Locale":"es_ES"},"Manufacturer":{"DisplayValue":"STILORD","Label":"Manufacturer","Locale":"es_ES"}},"Title":{"DisplayValue":"STILORD 'Hailey' Mochila Antirrobo Mujer Piel Daypack Vintage Mochila de Día para Mujeres Pequeña Bolso de Hombro Backpack Bolso de Mano de Cuero, Color:Havanna - marrón","Label":"Title","Locale":"es_ES"}},"Offers":{"Summaries":[{"Condition":{"Value":"New"},"LowestPrice":{"Amount":89.9,"Currency":"EUR","DisplayAmount":"89,90 €"}}]}},{"ASIN":"B07CKRL396","DetailPageURL":"https://www.amazon.es/dp/B07CKRL396?tag=topinalambricos-21&linkCode=osi&th=1&psc=1","Images":{"Primary":{"Small":{"Height":75,"URL":"https://m.media-amazon.com/images/I/51ueHFFTRgL._SL75_.jpg","Width":75}}},"ItemInfo":{"ByLineInfo":{"Brand":{"DisplayValue":"JOSEKO","Label":"Brand","Locale":"es_ES"}},"Title":{"DisplayValue":"Bolso Mochila Cuero Mujer Antirrobo Mochilas Mujer Casual, JOSEKO Impermeable Mochila de Viaje de Gran Capacidad Bolsa de Hombro Convertible con Adorno Colgante Tassel Regalo Mujer","Label":"Title","Locale":"es_ES"}},"Offers":{"Summaries":[{"Condition":{"Value":"New"},"LowestPrice":{"Amount":34.99,"Currency":"EUR","DisplayAmount":"34,99 €"}}]}},{"ASIN":"B07WFCRQKK","DetailPageURL":"https://www.amazon.es/dp/B07WFCRQKK?tag=topinalambricos-21&linkCode=osi&th=1&psc=1","Images":{"Primary":{"Small":{"Height":75,"URL":"https://m.media-amazon.com/images/I/410YgdfLQtL._SL75_.jpg","Width":75}}},"ItemInfo":{"ByLineInfo":{"Brand":{"DisplayValue":"shepretty","Label":"Brand","Locale":"es_ES"},"Manufacturer":{"DisplayValue":"shepretty","Label":"Manufacturer","Locale":"es_ES"}},"Title":{"DisplayValue":"shepretty Mochila Cuero Artificial antirrobo Impermeable para Mujer，6766+21","Label":"Title","Locale":"es_ES"}},"Offers":{"Summaries":[{"Condition":{"Value":"New"},"LowestPrice":{"Amount":31.99,"Currency":"EUR","DisplayAmount":"31,99 €"}}]}},{"ASIN":"B08VWFWNY7","DetailPageURL":"https://www.amazon.es/dp/B08VWFWNY7?tag=topinalambricos-21&linkCode=osi&th=1&psc=1","Images":{"Primary":{"Small":{"Height":75,"URL":"https://m.media-amazon.com/images/I/51IOTCi1aaL._SL75_.jpg","Width":75}}},"ItemInfo":{"ByLineInfo":{"Brand":{"DisplayValue":"STILORD","Label":"Brand","Locale":"es_ES"},"Manufacturer":{"DisplayValue":"STILORD","Label":"Manufacturer","Locale":"es_ES"}},"Title":{"DisplayValue":"STILORD 'Allison' Mochila Mujer Casual de Cuero Pequeña Daypack Backpack Vintage Bandolera Bolso de Mano Mochila de Día para Trabajo Salir de Auténtica Piel, Color:Calais - marrón","Label":"Title","Locale":"es_ES"}},"Offers":{"Summaries":[{"Condition":{"Value":"New"},"LowestPrice":{"Amount":109.9,"Currency":"EUR","DisplayAmount":"109,90 €"}}]}},{"ASIN":"B07ZH2VDP2","DetailPageURL":"https://www.amazon.es/dp/B07ZH2VDP2?tag=topinalambricos-21&linkCode=osi&th=1&psc=1","Images":{"Primary":{"Small":{"Height":75,"URL":"https://m.media-amazon.com/images/I/41vNtET6MyL._SL75_.jpg","Width":65}}},"ItemInfo":{"ByLineInfo":{"Brand":{"DisplayValue":"shepretty","Label":"Brand","Locale":"es_ES"}},"Title":{"DisplayValue":"shepretty Mochila Cuero antirrobo Impermeable para Mujer, 6766Marrón","Label":"Title","Locale":"es_ES"}},"Offers":{"Summaries":[{"Condition":{"Value":"New"},"LowestPrice":{"Amount":29.99,"Currency":"EUR","DisplayAmount":"29,99 €"}}]}},{"ASIN":"B00M2WCIOK","DetailPageURL":"https://www.amazon.es/dp/B00M2WCIOK?tag=topinalambricos-21&linkCode=osi&th=1&psc=1","Images":{"Primary":{"Small":{"Height":75,"URL":"https://m.media-amazon.com/images/I/51rAfF-VEzL._SL75_.jpg","Width":75}}},"ItemInfo":{"ByLineInfo":{"Brand":{"DisplayValue":"Miss Lulu","Label":"Brand","Locale":"es_ES"},"Manufacturer":{"DisplayValue":"Miss Lulu","Label":"Manufacturer","Locale":"es_ES"}},"Title":{"DisplayValue":"Miss Lulu Mochila de Moda Bolsos para Mujer Correa para el Hombro con Cadena Cráneos en Relieve con Tachuelas de Cuero de Imitación (Negro)","Label":"Title","Locale":"es_ES"}},"Offers":{"Summaries":[{"Condition":{"Value":"New"},"LowestPrice":{"Amount":28.25,"Currency":"EUR","DisplayAmount":"28,25 €"}}]}},{"ASIN":"B0BFXP5PMK","DetailPageURL":"https://www.amazon.es/dp/B0BFXP5PMK?tag=topinalambricos-21&linkCode=osi&th=1&psc=1","Images":{"Primary":{"Small":{"Height":75,"URL":"https://m.media-amazon.com/images/I/41YcaNprEGL._SL75_.jpg","Width":62}}},"ItemInfo":{"ByLineInfo":{"Brand":{"DisplayValue":"Genérico","Label":"Brand","Locale":"es_ES"},"Manufacturer":{"DisplayValue":"China","Label":"Manufacturer","Locale":"es_ES"}},"Title":{"DisplayValue":"bolso mochila antirrobo mujer, con varios compartimentos y adorno metálico (Marrón)","Label":"Title","Locale":"es_ES"}},"Offers":{"Summaries":[{"Condition":{"Value":"New"},"LowestPrice":{"Amount":29.99,"Currency":"EUR","DisplayAmount":"29,99 €"}}]}},{"ASIN":"B0BLJFZ3HN","DetailPageURL":"https://www.amazon.es/dp/B0BLJFZ3HN?tag=topinalambricos-21&linkCode=osi&th=1&psc=1","Images":{"Primary":{"Small":{"Height":75,"URL":"https://m.media-amazon.com/images/I/41qV95K8ysL._SL75_.jpg","Width":75}}},"ItemInfo":{"ByLineInfo":{"Brand":{"DisplayValue":"Rayou","Label":"Brand","Locale":"es_ES"},"Manufacturer":{"DisplayValue":"Rayou","Label":"Manufacturer","Locale":"es_ES"}},"Title":{"DisplayValue":"Rayou Bolsos de Mujer,Pequeñas y Elegantes Mochilas de Cuero para Mujeres, 3 en 1 Mochilas Casuales Bolsos Mochilas Antirrobo Modernas Mochilas Portatil Mujer Bolsa Escolares Grandes (Negro)","Label":"Title","Locale":"es_ES"}},"Offers":{"Summaries":[{"Condition":{"Value":"New"},"LowestPrice":{"Amount":19.99,"Currency":"EUR","DisplayAmount":"19,99 €"}}]}}],"SearchURL":"https://www.amazon.es/s?k=cuero&rh=n%3A2007974031%2Cp_n_availability%3A-1&tag=topinalambricos-21&linkCode=osi","TotalResultCount":35325}},"150":{"SearchResult":{"Items":[{"ASIN":"B0BFJM3CM4","DetailPageURL":"https://www.amazon.es/dp/B0BFJM3CM4?tag=topinalambricos-21&linkCode=osi&th=1&psc=1","Images":{"Primary":{"Small":{"Height":75,"URL":"https://m.media-amazon.com/images/I/31v1HC-WmnL._SL75_.jpg","Width":75}}},"ItemInfo":{"ByLineInfo":{"Brand":{"DisplayValue":"STILORD","Label":"Brand","Locale":"es_ES"},"Manufacturer":{"DisplayValue":"STILORD","Label":"Manufacturer","Locale":"es_ES"}},"Title":{"DisplayValue":"STILORD 'Elora' Moderno Bolso de Hombro Mujeres de Cuero pequeño Bolso Crossbody Noche Bolsa de Cuero Genuino, Color:Negro","Label":"Title","Locale":"es_ES"}},"Offers":{"Summaries":[{"Condition":{"Value":"New"},"LowestPrice":{"Amount":69.9,"Currency":"EUR","DisplayAmount":"69,90 €"}}]}},{"ASIN":"B08SCC4WKN","DetailPageURL":"https://www.amazon.es/dp/B08SCC4WKN?tag=topinalambricos-21&linkCode=osi&th=1&psc=1","Images":{"Primary":{"Small":{"Height":75,"URL":"https://m.media-amazon.com/images/I/51ogb4sjB2L._SL75_.jpg","Width":75}}},"ItemInfo":{"ByLineInfo":{"Brand":{"DisplayValue":"Lois","Label":"Brand","Locale":"es_ES"},"Contributors":[{"Locale":"es_ES","Name":"Lois","Role":"Diseñador","RoleType":"designer"}],"Manufacturer":{"DisplayValue":"LOIS","Label":"Manufacturer","Locale":"es_ES"}},"Title":{"DisplayValue":"Lois - Bolso de Mujer Bandolera de Hombro pequeño para móvil. Piel ecológica Eco-Piel Eco-Friendly, Ideal para Diario Paseo o Compras 308221, Negro","Label":"Title","Locale":"es_ES"}},"Offers":{"Summaries":[{"Condition":{"Value":"New"},"LowestPrice":{"Amount":27.99,"Currency":"EUR","DisplayAmount":"27,99 €"}}]}},{"ASIN":"B09NW7JT9L","DetailPageURL":"https://www.amazon.es/dp/B09NW7JT9L?tag=topinalambricos-21&linkCode=osi&th=1&psc=1","Images":{"Primary":{"Small":{"Height":75,"URL":"https://m.media-amazon.com/images/I/41XwYpC7ghL._SL75_.jpg","Width":75}}},"ItemInfo":{"ByLineInfo":{"Brand":{"DisplayValue":"STILORD","Label":"Brand","Locale":"es_ES"},"Manufacturer":{"DisplayValue":"STILORD","Label":"Manufacturer","Locale":"es_ES"}},"Title":{"DisplayValue":"STILORD 'Aisha' Bolso de Mano Vintage para Mujer Pequeño Bolso Bandolera Crossbody Bag para Salir Noche Fiesta Bolso de Hombro de Auténtico Cuero, Color:Negro","Label":"Title","Locale":"es_ES"}},"Offers":{"Summaries":[{"Condition":{"Value":"New"},"LowestPrice":{"Amount":87.9,"Currency":"EUR","DisplayAmount":"87,90 €"}}]}},{"ASIN":"B0B1MW92MX","DetailPageURL":"https://www.amazon.es/dp/B0B1MW92MX?tag=topinalambricos-21&linkCode=osi&th=1&psc=1","Images":{"Primary":{"Small":{"Height":75,"URL":"https://m.media-amazon.com/images/I/41zkqN41mWL._SL75_.jpg","Width":61}}},"ItemInfo":{"ByLineInfo":{"Brand":{"DisplayValue":"HIKARO","Label":"Brand","Locale":"es_ES"},"Manufacturer":{"DisplayValue":"Hikaro","Label":"Manufacturer","Locale":"es_ES"}},"Title":{"DisplayValue":"Amazon Brand - Hikaro Bolso Mujer Universidad Bolsos de Mujer Grande Bolsos para Universitarias Impermeable Bolsos Bandolera Shopper Cuero PU 15.6 Pulgadas","Label":"Title","Locale":"es_ES"}},"Offers":{"Summaries":[{"Condition":{"Value":"New"},"LowestPrice":{"Amount":33.99,"Currency":"EUR","DisplayAmount":"33,99 €"}}]}},{"ASIN":"B09CFSTHSN","DetailPageURL":"https://www.amazon.es/dp/B09CFSTHSN?tag=topinalambricos-21&linkCode=osi&th=1&psc=1","Images":{"Primary":{"Small":{"Height":45,"URL":"https://m.media-amazon.com/images/I/41Xa3DM9eEL._SL75_.jpg","Width":75}}},"ItemInfo":{"ByLineInfo":{"Brand":{"DisplayValue":"Michael Kors","Label":"Brand","Locale":"es_ES"},"Manufacturer":{"DisplayValue":"Michael Kors","Label":"Manufacturer","Locale":"es_ES"}},"Title":{"DisplayValue":"Michael Kors Bolso de cuero cruzado mediano Jet Set, Marrón, Medium","Label":"Title","Locale":"es_ES"}},"Offers":{"Summaries":[{"Condition":{"Value":"New"},"LowestPrice":{"Amount":144.0,"Currency":"EUR","DisplayAmount":"144,00 €"}}]}},{"ASIN":"B09NYPRC3Z","DetailPageURL":"https://www.amazon.es/dp/B09NYPRC3Z?tag=topinalambricos-21&linkCode=osi&th=1&psc=1","Images":{"Primary":{"Small":{"Height":75,"URL":"https://m.media-amazon.com/images/I/2107Y58MFPL._SL75_.jpg","Width":60}}},"ItemInfo":{"ByLineInfo":{"Brand":{"DisplayValue":"BIBA","Label":"Brand","Locale":"es_ES"},"Manufacturer":{"DisplayValue":"United Bags Company S.L.","Label":"Manufacturer","Locale":"es_ES"}},"Title":{"DisplayValue":"BIBA | Bolso de Mujer de Cuero Genuino, Bolso Bandolera Leather Chester Winter CHI2L, Asa Larga, Cierre con Cremallera, Piel de Oveja Legítima, Color Negro","Label":"Title","Locale":"es_ES"}},"Offers":{"Summaries":[{"Condition":{"Value":"New"},"LowestPrice":{"Amount":49.0,"Currency":"EUR","DisplayAmount":"49,00 €"}}]}},{"ASIN":"B0BMTTNGN2","DetailPageURL":"https://www.amazon.es/dp/B0BMTTNGN2?tag=topinalambricos-21&linkCode=osi&th=1&psc=1","Images":{"Primary":{"Small":{"Height":75,"URL":"https://m.media-amazon.com/images/I/51GiYSbmjcL._SL75_.jpg","Width":75}}},"ItemInfo":{"ByLineInfo":{"Brand":{"DisplayValue":"ENONEO","Label":"Brand","Locale":"es_ES"},"Manufacturer":{"DisplayValue":"ENONEO","Label":"Manufacturer","Locale":"es_ES"}},"Title":{"DisplayValue":"ENONEO Bolso Teléfono Móvil para Mujer Cuero Bloqueo RFID Bolsos Bandolera Movil Mujer con 3 Cremallera Bolso Movil Mujer Bolso Monedero Movil Pequeños para hasta 7,6 IN'","Label":"Title","Locale":"es_ES"}},"Offers":{"Summaries":[{"Condition":{"Value":"New"},"LowestPrice":{"Amount":26.99,"Currency":"EUR","DisplayAmount":"26,99 €"}}]}},{"ASIN":"B003E6N2IY","DetailPageURL":"https://www.amazon.es/dp/B003E6N2IY?tag=topinalambricos-21&linkCode=osi&th=1&psc=1","Images":{"Primary":{"Small":{"Height":50,"URL":"https://m.media-amazon.com/images/I/31n85Rkq-lL._SL75_.jpg","Width":75}}},"ItemInfo":{"ByLineInfo":{"Brand":{"DisplayValue":"VISCONTI","Label":"Brand","Locale":"es_ES"},"Manufacturer":{"DisplayValue":"VISCONTI","Label":"Manufacturer","Locale":"es_ES"}},"Title":{"DisplayValue":"VISCONTI - CLAUDIA 03190 - Bolso de mano con solapa/Bolso bandolera organizador - Cuero - Negro","Label":"Title","Locale":"es_ES"}},"Offers":{"Summaries":[{"Condition":{"Value":"New"},"LowestPrice":{"Amount":98.95,"Currency":"EUR","DisplayAmount":"98,95 €"}}]}},{"ASIN":"B09L58VWQS","DetailPageURL":"https://www.amazon.es/dp/B09L58VWQS?tag=topinalambricos-21&linkCode=osi&th=1&psc=1","Images":{"Primary":{"Small":{"Height":75,"URL":"https://m.media-amazon.com/images/I/413urQoRrwL._SL75_.jpg","Width":75}}},"ItemInfo":{"ByLineInfo":{"Brand":{"DisplayValue":"STILORD","Label":"Brand","Locale":"es_ES"},"Manufacturer":{"DisplayValue":"STILORD","Label":"Manufacturer","Locale":"es_ES"}},"Title":{"DisplayValue":"STILORD 'Tom' Bolso Bandolera de Cuero Maletín Vintage de Hombre y Mujer para portátiles de 15' Estudios Universidad o Trabajo de Piel auténtica, Color:Florida - marrón","Label":"Title","Locale":"es_ES"}},"Offers":{"Summaries":[{"Condition":{"Value":"New"},"LowestPrice":{"Amount":147.9,"Currency":"EUR","DisplayAmount":"147,90 €"}}]}},{"ASIN":"B07JLJ1D4H","DetailPageURL":"https://www.amazon.es/dp/B07JLJ1D4H?tag=topinalambricos-21&linkCode=osi&th=1&psc=1","Images":{"Primary":{"Small":{"Height":75,"URL":"https://m.media-amazon.com/images/I/518RO39xaGL._SL75_.jpg","Width":75}}},"ItemInfo":{"ByLineInfo":{"Brand":{"DisplayValue":"FIRENZE ARTEGIANI","Label":"Brand","Locale":"es_ES"},"Manufacturer":{"DisplayValue":"Firenze Artegiani","Label":"Manufacturer","Locale":"es_ES"}},"Title":{"DisplayValue":"Firenze Artegiani Bolso Bandolera de Mujer en Piel auténtica, Acabado Gamuza, Solapa con Bolsillo con Cierre Cremallera, 24 cm, Marrón Oscuro","Label":"Title","Locale":"es_ES"}},"Offers":{"Summaries":[{"Condition":{"Value":"New"},"LowestPrice":{"Amount":23.71,"Currency":"EUR","DisplayAmount":"23,71 €"}}]}}],"SearchURL":"https://www.amazon.es/s?k=cuero&rh=n%3A2007978031%2Cp_n_availability%3A-1&tag=topinalambricos-21&linkCode=osi","TotalResultCount":41312}},"151":{"SearchResult":{"Items":[{"ASIN":"B09M7GZL1Z","DetailPageURL":"https://www.amazon.es/dp/B09M7GZL1Z?tag=topinalambricos-21&linkCode=osi&th=1&psc=1","Images":{"Primary":{"Small":{"Height":75,"URL":"https://m.media-amazon.com/images/I/418Se23Tk6L._SL75_.jpg","Width":75}}},"ItemInfo":{"ByLineInfo":{"Brand":{"DisplayValue":"SKPAT","Label":"Brand","Locale":"es_ES"},"Contributors":[{"Locale":"es_ES","Name":"SKPAT","Role":"Diseñador","RoleType":"designer"}],"Manufacturer":{"DisplayValue":"SKPAT","Label":"Manufacturer","Locale":"es_ES"}},"Title":{"DisplayValue":"SKPAT - Mochila Mujer Mochilas Mujer Casual Moda de Marca Bolso Mochila Mujer Casual de Piel PU con Cierre Cremallera y Asa y Tiras Ajustables. 312599, Color Beige","Label":"Title","Locale":"es_ES"}},"Offers":{"Summaries":[{"Condition":{"Value":"New"},"LowestPrice":{"Amount":35.99,"Currency":"EUR","DisplayAmount":"35,99 €"}}]}},{"ASIN":"B09NPVNFF7","DetailPageURL":"https://www.amazon.es/dp/B09NPVNFF7?tag=topinalambricos-21&linkCode=osi&th=1&psc=1","Images":{"Primary":{"Small":{"Height":75,"URL":"https://m.media-amazon.com/images/I/51vfepcIG4L._SL75_.jpg","Width":75}}},"ItemInfo":{"ByLineInfo":{"Brand":{"DisplayValue":"Spydge","Label":"Brand","Locale":"es_ES"}},"Title":{"DisplayValue":"Spydge Mochila Bohemia Moda la Mochila de Lona y Cuero Impermeable Pequeño Mochila de Hombro con Correa de Hombro Ajustable para Compras Citas Fiestas Vacaciones Viajes al aire Libre","Label":"Title","Locale":"es_ES"}},"Offers":{"Summaries":[{"Condition":{"Value":"New"},"LowestPrice":{"Amount":33.99,"Currency":"EUR","DisplayAmount":"33,99 €"}}]}},{"ASIN":"B09NW7JT9L","DetailPageURL":"https://www.amazon.es/dp/B09NW7JT9L?tag=topinalambricos-21&linkCode=osi&th=1&psc=1","Images":{"Primary":{"Small":{"Height":75,"URL":"https://m.media-amazon.com/images/I/41XwYpC7ghL._SL75_.jpg","Width":75}}},"ItemInfo":{"ByLineInfo":{"Brand":{"DisplayValue":"STILORD","Label":"Brand","Locale":"es_ES"},"Manufacturer":{"DisplayValue":"STILORD","Label":"Manufacturer","Locale":"es_ES"}},"Title":{"DisplayValue":"STILORD 'Aisha' Bolso de Mano Vintage para Mujer Pequeño Bolso Bandolera Crossbody Bag para Salir Noche Fiesta Bolso de Hombro de Auténtico Cuero, Color:Negro","Label":"Title","Locale":"es_ES"}},"Offers":{"Summaries":[{"Condition":{"Value":"New"},"LowestPrice":{"Amount":87.9,"Currency":"EUR","DisplayAmount":"87,90 €"}}]}},{"ASIN":"B09H4DQB5R","DetailPageURL":"https://www.amazon.es/dp/B09H4DQB5R?tag=topinalambricos-21&linkCode=osi&th=1&psc=1","Images":{"Primary":{"Small":{"Height":75,"URL":"https://m.media-amazon.com/images/I/41ffSvVsdoL._SL75_.jpg","Width":75}}},"ItemInfo":{"ByLineInfo":{"Brand":{"DisplayValue":"Pahajim","Label":"Brand","Locale":"es_ES"}},"Title":{"DisplayValue":"Pahajim Conjunto de Bolso y Cartera, Bolsos de Mujer, Bolso de Hombro de Cuero PU, Bolso Grande Hobo, Bolsos de Mujer, Regalos para Niñas, Bolsos de Compras","Label":"Title","Locale":"es_ES"}},"Offers":{"Summaries":[{"Condition":{"Value":"New"},"LowestPrice":{"Amount":36.99,"Currency":"EUR","DisplayAmount":"36,99 €"}}]}},{"ASIN":"B07H4TFJS2","DetailPageURL":"https://www.amazon.es/dp/B07H4TFJS2?tag=topinalambricos-21&linkCode=osi&th=1&psc=1","Images":{"Primary":{"Small":{"Height":75,"URL":"https://m.media-amazon.com/images/I/41mzmnClTjL._SL75_.jpg","Width":75}}},"ItemInfo":{"ByLineInfo":{"Brand":{"DisplayValue":"MISAKO","Label":"Brand","Locale":"es_ES"},"Manufacturer":{"DisplayValue":"MISAKO","Label":"Manufacturer","Locale":"es_ES"}},"Title":{"DisplayValue":"MISAKO Mochilas Antirrobo - Bolso Mochila con asas regulables de viaje para mujer - MILI MOC Negro - 33X29X13cm","Label":"Title","Locale":"es_ES"}},"Offers":{"Summaries":[{"Condition":{"Value":"New"},"LowestPrice":{"Amount":29.99,"Currency":"EUR","DisplayAmount":"29,99 €"}}]}},{"ASIN":"B09BVKLY9G","DetailPageURL":"https://www.amazon.es/dp/B09BVKLY9G?tag=topinalambricos-21&linkCode=osi&th=1&psc=1","Images":{"Primary":{"Small":{"Height":75,"URL":"https://m.media-amazon.com/images/I/51fCgRLr+jL._SL75_.jpg","Width":75}}},"ItemInfo":{"ByLineInfo":{"Brand":{"DisplayValue":"HNOOM","Label":"Brand","Locale":"es_ES"}},"Title":{"DisplayValue":"HNOOM Bolsos Mujer Lona Bolso Bandolera Mujer Bolso Hobo Mujer Casual Bolso de Lona de Hombro Bolso Tote Bolso Shopper Bolso de Mano para Mujer Multifuncional Bolsas de Viaje (Gris)","Label":"Title","Locale":"es_ES"}},"Offers":{"Summaries":[{"Condition":{"Value":"New"},"LowestPrice":{"Amount":25.99,"Currency":"EUR","DisplayAmount":"25,99 €"}}]}},{"ASIN":"B09S191T2W","DetailPageURL":"https://www.amazon.es/dp/B09S191T2W?tag=topinalambricos-21&linkCode=osi&th=1&psc=1","Images":{"Primary":{"Small":{"Height":75,"URL":"https://m.media-amazon.com/images/I/41XhuL3q0TL._SL75_.jpg","Width":75}}},"ItemInfo":{"ByLineInfo":{"Brand":{"DisplayValue":"Lois","Label":"Brand","Locale":"es_ES"},"Contributors":[{"Locale":"es_ES","Name":"Lois","Role":"Diseñador","RoleType":"designer"}],"Manufacturer":{"DisplayValue":"Lois","Label":"Manufacturer","Locale":"es_ES"}},"Title":{"DisplayValue":"Lois - Bolso Mochila Mujer Casual - Bolsos Mochila para Mujer. Mochila Bolso Mujer de Marca Lois. Mochila Casual Mujer - Mochilas Pequeñas Mujer. Mochilas Mujer Moda 310723, Marron","Label":"Title","Locale":"es_ES"}},"Offers":{"Summaries":[{"Condition":{"Value":"New"},"LowestPrice":{"Amount":59.99,"Currency":"EUR","DisplayAmount":"59,99 €"}}]}},{"ASIN":"B079JPB6FS","DetailPageURL":"https://www.amazon.es/dp/B079JPB6FS?tag=topinalambricos-21&linkCode=osi&th=1&psc=1","Images":{"Primary":{"Small":{"Height":75,"URL":"https://m.media-amazon.com/images/I/41eQdUBWw6L._SL75_.jpg","Width":75}}},"ItemInfo":{"ByLineInfo":{"Brand":{"DisplayValue":"JOSEKO","Label":"Brand","Locale":"es_ES"}},"Title":{"DisplayValue":"Bolso Mochilas Mujer Casual Vendimia, JOSEKO Niña Lona Multifuncional Antirrobo Bolso de Cuero de Gran Capacidad Bolsas de Viaje para Cualquier Ocasión","Label":"Title","Locale":"es_ES"}},"Offers":{"Summaries":[{"Condition":{"Value":"New"},"LowestPrice":{"Amount":32.99,"Currency":"EUR","DisplayAmount":"32,99 €"}}]}},{"ASIN":"B01LX0LMG8","DetailPageURL":"https://www.amazon.es/dp/B01LX0LMG8?tag=topinalambricos-21&linkCode=osi&th=1&psc=1","Images":{"Primary":{"Small":{"Height":75,"URL":"https://m.media-amazon.com/images/I/51Y9ZLFZ6XL._SL75_.jpg","Width":75}}},"ItemInfo":{"ByLineInfo":{"Brand":{"DisplayValue":"Baosha","Label":"Brand","Locale":"es_ES"}},"Title":{"DisplayValue":"BAOSHA HB-14 De cuero para hombre de la lona Bolso de viaje Travel Duffle Noche Fin de semana Satchel Totes Bolsa Bolsos (Gris)","Label":"Title","Locale":"es_ES"}},"Offers":{"Summaries":[{"Condition":{"Value":"New"},"LowestPrice":{"Amount":43.99,"Currency":"EUR","DisplayAmount":"43,99 €"}}]}},{"ASIN":"B07B2W2YYB","DetailPageURL":"https://www.amazon.es/dp/B07B2W2YYB?tag=topinalambricos-21&linkCode=osi&th=1&psc=1","Images":{"Primary":{"Small":{"Height":75,"URL":"https://m.media-amazon.com/images/I/41uSqpdZgML._SL75_.jpg","Width":75}}},"ItemInfo":{"ByLineInfo":{"Brand":{"DisplayValue":"JOSEKO","Label":"Brand","Locale":"es_ES"}},"Title":{"DisplayValue":"Bolso Mochilas Mujer Casual, JOSEKO Niña Lona Multifuncional Antirrobo Bolso de Cuero de Gran Capacidad Bolsas de Hombro Mochila","Label":"Title","Locale":"es_ES"}},"Offers":{"Summaries":[{"Condition":{"Value":"New"},"LowestPrice":{"Amount":36.99,"Currency":"EUR","DisplayAmount":"36,99 €"}}]}}],"SearchURL":"https://www.amazon.es/s?k=cuero+lona&rh=n%3A2007973031%2Cp_n_availability%3A-1&tag=topinalambricos-21&linkCode=osi","TotalResultCount":62258}},"152":{"SearchResult":{"Items":[{"ASIN":"B0BFJM3CM4","DetailPageURL":"https://www.amazon.es/dp/B0BFJM3CM4?tag=topinalambricos-21&linkCode=osi&th=1&psc=1","Images":{"Primary":{"Small":{"Height":75,"URL":"https://m.media-amazon.com/images/I/31v1HC-WmnL._SL75_.jpg","Width":75}}},"ItemInfo":{"ByLineInfo":{"Brand":{"DisplayValue":"STILORD","Label":"Brand","Locale":"es_ES"},"Manufacturer":{"DisplayValue":"STILORD","Label":"Manufacturer","Locale":"es_ES"}},"Title":{"DisplayValue":"STILORD 'Elora' Moderno Bolso de Hombro Mujeres de Cuero pequeño Bolso Crossbody Noche Bolsa de Cuero Genuino, Color:Negro","Label":"Title","Locale":"es_ES"}},"Offers":{"Summaries":[{"Condition":{"Value":"New"},"LowestPrice":{"Amount":69.9,"Currency":"EUR","DisplayAmount":"69,90 €"}}]}},{"ASIN":"B08WR7MXBD","DetailPageURL":"https://www.amazon.es/dp/B08WR7MXBD?tag=topinalambricos-21&linkCode=osi&th=1&psc=1","Images":{"Primary":{"Small":{"Height":75,"URL":"https://m.media-amazon.com/images/I/41VljI2bGbS._SL75_.jpg","Width":64}}},"ItemInfo":{"ByLineInfo":{"Brand":{"DisplayValue":"Mandarina Duck","Label":"Brand","Locale":"es_ES"},"Manufacturer":{"DisplayValue":"Mandarina Duck","Label":"Manufacturer","Locale":"es_ES"}},"Title":{"DisplayValue":"Mandarina Duck Mellow Leather P10FZT38, Mochila, Mujer, Negro (Nero), 35x26x12 (L x H x W)","Label":"Title","Locale":"es_ES"}},"Offers":{"Summaries":[{"Condition":{"Value":"New"},"LowestPrice":{"Amount":147.09,"Currency":"EUR","DisplayAmount":"147,09 €"}}]}},{"ASIN":"B09NW7JT9L","DetailPageURL":"https://www.amazon.es/dp/B09NW7JT9L?tag=topinalambricos-21&linkCode=osi&th=1&psc=1","Images":{"Primary":{"Small":{"Height":75,"URL":"https://m.media-amazon.com/images/I/41XwYpC7ghL._SL75_.jpg","Width":75}}},"ItemInfo":{"ByLineInfo":{"Brand":{"DisplayValue":"STILORD","Label":"Brand","Locale":"es_ES"},"Manufacturer":{"DisplayValue":"STILORD","Label":"Manufacturer","Locale":"es_ES"}},"Title":{"DisplayValue":"STILORD 'Aisha' Bolso de Mano Vintage para Mujer Pequeño Bolso Bandolera Crossbody Bag para Salir Noche Fiesta Bolso de Hombro de Auténtico Cuero, Color:Negro","Label":"Title","Locale":"es_ES"}},"Offers":{"Summaries":[{"Condition":{"Value":"New"},"LowestPrice":{"Amount":87.9,"Currency":"EUR","DisplayAmount":"87,90 €"}}]}},{"ASIN":"B09LVF6YRG","DetailPageURL":"https://www.amazon.es/dp/B09LVF6YRG?tag=topinalambricos-21&linkCode=osi&th=1&psc=1","Images":{"Primary":{"Small":{"Height":75,"URL":"https://m.media-amazon.com/images/I/31gVyuY8jCL._SL75_.jpg","Width":60}}},"ItemInfo":{"ByLineInfo":{"Brand":{"DisplayValue":"BIBA","Label":"Brand","Locale":"es_ES"},"Manufacturer":{"DisplayValue":"United Bags Company S.L.","Label":"Manufacturer","Locale":"es_ES"}},"Title":{"DisplayValue":"BIBA | Bolso de Mujer de Cuero Genuino, Bolso Bandolera Heritage Lakewood LAK1L, Asa Larga, Cierre con Cremallera, Piel de Vaca Legítima, Color Negro","Label":"Title","Locale":"es_ES"}},"Offers":{"Summaries":[{"Condition":{"Value":"New"},"LowestPrice":{"Amount":99.0,"Currency":"EUR","DisplayAmount":"99,00 €"}}]}},{"ASIN":"B09WV2Q3LY","DetailPageURL":"https://www.amazon.es/dp/B09WV2Q3LY?tag=topinalambricos-21&linkCode=osi&th=1&psc=1","Images":{"Primary":{"Small":{"Height":75,"URL":"https://m.media-amazon.com/images/I/31vsXa9yIZL._SL75_.jpg","Width":75}}},"ItemInfo":{"ByLineInfo":{"Brand":{"DisplayValue":"XTI","Label":"Brand","Locale":"es_ES"},"Manufacturer":{"DisplayValue":"XTI Footwear, S.L.","Label":"Manufacturer","Locale":"es_ES"}},"Title":{"DisplayValue":"XTI 184034, Bolso de Hombro para Mujer, Negro, One Size","Label":"Title","Locale":"es_ES"}},"Offers":{"Summaries":[{"Condition":{"Value":"New"},"LowestPrice":{"Amount":31.11,"Currency":"EUR","DisplayAmount":"31,11 €"}}]}},{"ASIN":"B08L6P49X1","DetailPageURL":"https://www.amazon.es/dp/B08L6P49X1?tag=topinalambricos-21&linkCode=osi&th=1&psc=1","Images":{"Primary":{"Small":{"Height":75,"URL":"https://m.media-amazon.com/images/I/31N6l9VP47L._SL75_.jpg","Width":64}}},"ItemInfo":{"ByLineInfo":{"Brand":{"DisplayValue":"BOSANOVA","Label":"Brand","Locale":"es_ES"},"Manufacturer":{"DisplayValue":"BOSANOVA","Label":"Manufacturer","Locale":"es_ES"}},"Title":{"DisplayValue":"BOSANOVA Bolso Bandolera con Detalle de Bordado étnico, Cremallera Frontal y Trasera. Asa de Cruzar Regulable y Cierre con Cremallera. Negro U","Label":"Title","Locale":"es_ES"}},"Offers":{"Summaries":[{"Condition":{"Value":"New"},"LowestPrice":{"Amount":29.9,"Currency":"EUR","DisplayAmount":"29,90 €"}}]}},{"ASIN":"B0B25HYYCH","DetailPageURL":"https://www.amazon.es/dp/B0B25HYYCH?tag=topinalambricos-21&linkCode=osi&th=1&psc=1","Images":{"Primary":{"Small":{"Height":47,"URL":"https://m.media-amazon.com/images/I/31aUoPvbJOL._SL75_.jpg","Width":75}}},"ItemInfo":{"ByLineInfo":{"Brand":{"DisplayValue":"Calvin Klein","Label":"Brand","Locale":"es_ES"},"Manufacturer":{"DisplayValue":"Calvin Klein","Label":"Manufacturer","Locale":"es_ES"}},"Title":{"DisplayValue":"Calvin Klein Sculpted EW Camera Bag20 Spec, Bolsos para Mujer, Black, One Size","Label":"Title","Locale":"es_ES"}},"Offers":{"Summaries":[{"Condition":{"Value":"New"},"LowestPrice":{"Amount":57.59,"Currency":"EUR","DisplayAmount":"57,59 €"}}]}},{"ASIN":"B09M8HKF43","DetailPageURL":"https://www.amazon.es/dp/B09M8HKF43?tag=topinalambricos-21&linkCode=osi&th=1&psc=1","Images":{"Primary":{"Small":{"Height":75,"URL":"https://m.media-amazon.com/images/I/31vPPrjPqtL._SL75_.jpg","Width":60}}},"ItemInfo":{"ByLineInfo":{"Brand":{"DisplayValue":"BIBA","Label":"Brand","Locale":"es_ES"},"Manufacturer":{"DisplayValue":"United Bags Company S.L.","Label":"Manufacturer","Locale":"es_ES"}},"Title":{"DisplayValue":"BIBA | Bolso de Mujer de Cuero Genuino, Bolso Boho Heritage Boston BT17, Asa Corta y Larga, Cierre con Cremallera, Piel de Vaca Legítima, Color Negro","Label":"Title","Locale":"es_ES"}},"Offers":{"Summaries":[{"Condition":{"Value":"New"},"LowestPrice":{"Amount":99.0,"Currency":"EUR","DisplayAmount":"99,00 €"}}]}},{"ASIN":"B09LSLVJ43","DetailPageURL":"https://www.amazon.es/dp/B09LSLVJ43?tag=topinalambricos-21&linkCode=osi&th=1&psc=1","Images":{"Primary":{"Small":{"Height":75,"URL":"https://m.media-amazon.com/images/I/41z4UMNmhNL._SL75_.jpg","Width":75}}},"ItemInfo":{"ByLineInfo":{"Brand":{"DisplayValue":"MODELISA","Label":"Brand","Locale":"es_ES"}},"Title":{"DisplayValue":"MODELISA - Bolso Bandolera Asa Cadena Piel Mujer (Negro)","Label":"Title","Locale":"es_ES"}},"Offers":{"Summaries":[{"Condition":{"Value":"New"},"LowestPrice":{"Amount":33.99,"Currency":"EUR","DisplayAmount":"33,99 €"}}]}},{"ASIN":"B09RQ2DR3B","DetailPageURL":"https://www.amazon.es/dp/B09RQ2DR3B?tag=topinalambricos-21&linkCode=osi&th=1&psc=1","Images":{"Primary":{"Small":{"Height":50,"URL":"https://m.media-amazon.com/images/I/41R8hUiQrgL._SL75_.jpg","Width":75}}},"ItemInfo":{"ByLineInfo":{"Brand":{"DisplayValue":"Pinko","Label":"Brand","Locale":"es_ES"},"Manufacturer":{"DisplayValue":"Pinko","Label":"Manufacturer","Locale":"es_ES"}},"Title":{"DisplayValue":"Pinko Love Classic Icon Chevron Cl S, Bolso para Mujer, Z99q_Negro-Antiguo Gold, Talla única","Label":"Title","Locale":"es_ES"}},"Offers":{"Summaries":[{"Condition":{"Value":"New"},"LowestPrice":{"Amount":223.95,"Currency":"EUR","DisplayAmount":"223,95 €"}}]}}],"SearchURL":"https://www.amazon.es/s?k=bolso+cuero+negro&rh=n%3A2007973031%2Cp_n_availability%3A-1&tag=topinalambricos-21&linkCode=osi","TotalResultCount":56089}},"153":{"SearchResult":{"Items":[{"ASIN":"B08X6HGG46","DetailPageURL":"https://www.amazon.es/dp/B08X6HGG46?tag=topinalambricos-21&linkCode=osi&th=1&psc=1","Images":{"Primary":{"Small":{"Height":75,"URL":"https://m.media-amazon.com/images/I/41XtOoMIqUL._SL75_.jpg","Width":75}}},"ItemInfo":{"ByLineInfo":{"Brand":{"DisplayValue":"Senral","Label":"Brand","Locale":"es_ES"},"Manufacturer":{"DisplayValue":"Senral","Label":"Manufacturer","Locale":"es_ES"}},"Title":{"DisplayValue":"Correa de Hombro de Piel Universal con Ganchos Giratorios para Hombro Accesorios de Correas para Bolso de Piel Cruzada, Maletín, Bandolera, Bolsa, (Vachetta 2s Width 1.2cm ( 0.47inch ) Gold)","Label":"Title","Locale":"es_ES"}},"Offers":{"Summaries":[{"Condition":{"Value":"New"},"LowestPrice":{"Amount":33.99,"Currency":"EUR","DisplayAmount":"33,99 €"}}]}},{"ASIN":"B09YC5JBR2","DetailPageURL":"https://www.amazon.es/dp/B09YC5JBR2?tag=topinalambricos-21&linkCode=osi&th=1&psc=1","Images":{"Primary":{"Small":{"Height":75,"URL":"https://m.media-amazon.com/images/I/511+jCxMYvL._SL75_.jpg","Width":75}}},"ItemInfo":{"ByLineInfo":{"Brand":{"DisplayValue":"Kocris Casa","Label":"Brand","Locale":"es_ES"},"Manufacturer":{"DisplayValue":"Kocris Casa","Label":"Manufacturer","Locale":"es_ES"}},"Title":{"DisplayValue":"Correa de Hombro para Mujer, Correas de Repuesto para Bolsos, Vintage, Bohemio, para cámara, Hecha a Mano, Correa Ancha E04 5cm/Gold","Label":"Title","Locale":"es_ES"}},"Offers":{"Summaries":[{"Condition":{"Value":"New"},"LowestPrice":{"Amount":15.99,"Currency":"EUR","DisplayAmount":"15,99 €"}}]}},{"ASIN":"B0B5QQ9CHB","DetailPageURL":"https://www.amazon.es/dp/B0B5QQ9CHB?tag=topinalambricos-21&linkCode=osi&th=1&psc=1","Images":{"Primary":{"Small":{"Height":75,"URL":"https://m.media-amazon.com/images/I/41N9ZlP5KpL._SL75_.jpg","Width":75}}},"ItemInfo":{"ByLineInfo":{"Brand":{"DisplayValue":"TMRBBesty","Label":"Brand","Locale":"es_ES"},"Manufacturer":{"DisplayValue":"LONG Shopping store","Label":"Manufacturer","Locale":"es_ES"}},"Title":{"DisplayValue":"Correa Bolso Negro Cuero, Correas Negro Hombro Cuero, Correas Hombro Cuero, Correas de Hombro Negras Ajustables para Mujeres de Bricolaje, Correas de Hombro de Cuero Fabricación de Bolsos para Bolsos","Label":"Title","Locale":"es_ES"}},"Offers":{"Summaries":[{"Condition":{"Value":"New"},"LowestPrice":{"Amount":5.99,"Currency":"EUR","DisplayAmount":"5,99 €"}}]}},{"ASIN":"B09VZLMYBN","DetailPageURL":"https://www.amazon.es/dp/B09VZLMYBN?tag=topinalambricos-21&linkCode=osi&th=1&psc=1","Images":{"Primary":{"Small":{"Height":75,"URL":"https://m.media-amazon.com/images/I/41XQ6H3J6lL._SL75_.jpg","Width":75}}},"ItemInfo":{"ByLineInfo":{"Brand":{"DisplayValue":"Kocris Casa","Label":"Brand","Locale":"es_ES"},"Manufacturer":{"DisplayValue":"Kocris Casa","Label":"Manufacturer","Locale":"es_ES"}},"Title":{"DisplayValue":"Correas para Bolsos Correa Bolso Bandolera Ancha de Mujer Hombro Dorado 41","Label":"Title","Locale":"es_ES"}},"Offers":{"Summaries":[{"Condition":{"Value":"New"},"LowestPrice":{"Amount":13.99,"Currency":"EUR","DisplayAmount":"13,99 €"}}]}},{"ASIN":"B0B8M5QTWJ","DetailPageURL":"https://www.amazon.es/dp/B0B8M5QTWJ?tag=topinalambricos-21&linkCode=osi&th=1&psc=1","Images":{"Primary":{"Small":{"Height":75,"URL":"https://m.media-amazon.com/images/I/41+KFm8aP1L._SL75_.jpg","Width":75}}},"ItemInfo":{"ByLineInfo":{"Brand":{"DisplayValue":"DOTBUY-SHOP","Label":"Brand","Locale":"es_ES"},"Manufacturer":{"DisplayValue":"DOTBUY-SHOP","Label":"Manufacturer","Locale":"es_ES"}},"Title":{"DisplayValue":"Correas de Bolsos Ajustable Correas de Hombro, DOTBUY-SHOP Universal Correa de Repuesto con Ganchos Mosquetón para Bolso de Mano Bolso Bandolera de Mujer (Marron Oscuro,One Size)","Label":"Title","Locale":"es_ES"}},"Offers":{"Summaries":[{"Condition":{"Value":"New"},"LowestPrice":{"Amount":5.99,"Currency":"EUR","DisplayAmount":"5,99 €"}}]}},{"ASIN":"B018KO96SE","DetailPageURL":"https://www.amazon.es/dp/B018KO96SE?tag=topinalambricos-21&linkCode=osi&th=1&psc=1","Images":{"Primary":{"Small":{"Height":49,"URL":"https://m.media-amazon.com/images/I/31TnlrjlFoL._SL75_.jpg","Width":75}}},"ItemInfo":{"ByLineInfo":{"Brand":{"DisplayValue":"Josephine Osthoff Handtaschen-Manufaktur","Label":"Brand","Locale":"es_ES"},"Manufacturer":{"DisplayValue":"Josephine Osthoff Handtaschen-Manufaktur","Label":"Manufacturer","Locale":"es_ES"}},"Title":{"DisplayValue":"Josephine Osthoff - Correa de hombro de piel auténtica, repuesto de 135 cm de largo, 1 cm de ancho, piel auténtica, Barniz negro/plata, Maße: ca. 10 mm breit und 130 cm lang","Label":"Title","Locale":"es_ES"}},"Offers":{"Summaries":[{"Condition":{"Value":"New"},"LowestPrice":{"Amount":34.04,"Currency":"EUR","DisplayAmount":"34,04 €"}}]}},{"ASIN":"B09SL9D78W","DetailPageURL":"https://www.amazon.es/dp/B09SL9D78W?tag=topinalambricos-21&linkCode=osi&th=1&psc=1","Images":{"Primary":{"Small":{"Height":75,"URL":"https://m.media-amazon.com/images/I/21bY9aDmm1L._SL75_.jpg","Width":75}}},"ItemInfo":{"ByLineInfo":{"Brand":{"DisplayValue":"WADORN","Label":"Brand","Locale":"es_ES"},"Manufacturer":{"DisplayValue":"WADORN","Label":"Manufacturer","Locale":"es_ES"}},"Title":{"DisplayValue":"WADORN Correa Ancha de Cuero para Monedero, Correa de Hombro de Cuero de 35.2 Pulgada, Correa de Repuesto para Bolso de Mano de Cuero de Doble Cara con Cierres Giratorios, Negro","Label":"Title","Locale":"es_ES"}},"Offers":{"Summaries":[{"Condition":{"Value":"New"},"LowestPrice":{"Amount":17.56,"Currency":"EUR","DisplayAmount":"17,56 €"}}]}},{"ASIN":"B07QL84QP9","DetailPageURL":"https://www.amazon.es/dp/B07QL84QP9?tag=topinalambricos-21&linkCode=osi&th=1&psc=1","Images":{"Primary":{"Small":{"Height":75,"URL":"https://m.media-amazon.com/images/I/416dZ+RiojL._SL75_.jpg","Width":75}}},"ItemInfo":{"ByLineInfo":{"Brand":{"DisplayValue":"INSOUR","Label":"Brand","Locale":"es_ES"},"Manufacturer":{"DisplayValue":"INSOUR","Label":"Manufacturer","Locale":"es_ES"}},"Title":{"DisplayValue":"INSOUR Bandolera para Bolso Asa de Bolso Bandolera Correa de hombro de PU Cuero para DIY Bolso Cartera, Negro , 73-134cm","Label":"Title","Locale":"es_ES"}},"Offers":{"Summaries":[{"Condition":{"Value":"New"},"LowestPrice":{"Amount":15.99,"Currency":"EUR","DisplayAmount":"15,99 €"}}]}},{"ASIN":"B0B8CTBYQM","DetailPageURL":"https://www.amazon.es/dp/B0B8CTBYQM?tag=topinalambricos-21&linkCode=osi&th=1&psc=1","Images":{"Primary":{"Small":{"Height":75,"URL":"https://m.media-amazon.com/images/I/41hoOkxgPtL._SL75_.jpg","Width":75}}},"ItemInfo":{"ByLineInfo":{"Brand":{"DisplayValue":"DOTBUY-SHOP","Label":"Brand","Locale":"es_ES"},"Manufacturer":{"DisplayValue":"DOTBUY-SHOP","Label":"Manufacturer","Locale":"es_ES"}},"Title":{"DisplayValue":"Correas de Bolsos Ajustable Correas de Hombro, DOTBUY-SHOP Universal Correa de Repuesto con Ganchos Mosquetón para Bolso de Mano Bolso Bandolera de Mujer (Marron Oscuro,One Size)","Label":"Title","Locale":"es_ES"}},"Offers":{"Summaries":[{"Condition":{"Value":"New"},"LowestPrice":{"Amount":4.99,"Currency":"EUR","DisplayAmount":"4,99 €"}}]}},{"ASIN":"B07YYTF61W","DetailPageURL":"https://www.amazon.es/dp/B07YYTF61W?tag=topinalambricos-21&linkCode=osi&th=1&psc=1","Images":{"Primary":{"Small":{"Height":75,"URL":"https://m.media-amazon.com/images/I/51odQRwFq-L._SL75_.jpg","Width":75}}},"ItemInfo":{"ByLineInfo":{"Brand":{"DisplayValue":"BETOY","Label":"Brand","Locale":"es_ES"}},"Title":{"DisplayValue":"BETOY Mini Mujer Bolsa de Teléfono Móvil Bolsos Bandolera Universal Bolso Pequeño de Cuero Bolsos Bandolera de Lona Pequeño Bolsos de Hombro para Teléfono móvil,cambio pequeño, artículo pequeño,llave","Label":"Title","Locale":"es_ES"}},"Offers":{"Summaries":[{"Condition":{"Value":"New"},"LowestPrice":{"Amount":12.98,"Currency":"EUR","DisplayAmount":"12,98 €"}}]}}],"SearchURL":"https://www.amazon.es/s?k=correa+universal+cuero&rh=n%3A2007965031%2Cp_n_availability%3A-1&tag=topinalambricos-21&linkCode=osi","TotalResultCount":423}},"155":{"Errors":[{"__type":"com.amazon.paapi5#ErrorData","Code":"NoResults","Message":"No results found for your request."}]},"156":{"SearchResult":{"Items":[{"ASIN":"B00BVP98CE","DetailPageURL":"https://www.amazon.es/dp/B00BVP98CE?tag=topinalambricos-21&linkCode=osi&th=1&psc=1","Images":{"Primary":{"Small":{"Height":50,"URL":"https://m.media-amazon.com/images/I/41GQtvPjm2L._SL75_.jpg","Width":75}}},"ItemInfo":{"ByLineInfo":{"Brand":{"DisplayValue":"LEAS","Label":"Brand","Locale":"es_ES"},"Manufacturer":{"DisplayValue":"LEAS","Label":"Manufacturer","Locale":"es_ES"}},"Title":{"DisplayValue":"Bolsa de cinturón LEAS, Piel auténtica, negro - ''LEAS Travel-Line''","Label":"Title","Locale":"es_ES"}},"Offers":{"Summaries":[{"Condition":{"Value":"New"},"LowestPrice":{"Amount":24.99,"Currency":"EUR","DisplayAmount":"24,99 €"}}]}},{"ASIN":"B009SPG6WO","DetailPageURL":"https://www.amazon.es/dp/B009SPG6WO?tag=topinalambricos-21&linkCode=osi&th=1&psc=1","Images":{"Primary":{"Small":{"Height":58,"URL":"https://m.media-amazon.com/images/I/41t1bFuk1aL._SL75_.jpg","Width":75}}},"ItemInfo":{"ByLineInfo":{"Brand":{"DisplayValue":"Gusti","Label":"Brand","Locale":"es_ES"}},"Title":{"DisplayValue":"Gusti Riñonera de Cuero Cuero Ronan Bolso para Cinturón Marrón G4","Label":"Title","Locale":"es_ES"}},"Offers":{"Summaries":[{"Condition":{"Value":"New"},"LowestPrice":{"Amount":34.95,"Currency":"EUR","DisplayAmount":"34,95 €"}}]}},{"ASIN":"B07MV7T3SX","DetailPageURL":"https://www.amazon.es/dp/B07MV7T3SX?tag=topinalambricos-21&linkCode=osi&th=1&psc=1","Images":{"Primary":{"Small":{"Height":75,"URL":"https://m.media-amazon.com/images/I/41vwHGxvu9L._SL75_.jpg","Width":75}}},"ItemInfo":{"ByLineInfo":{"Brand":{"DisplayValue":"Contacts","Label":"Brand","Locale":"es_ES"}},"Title":{"DisplayValue":"Contacts Cuero Genuino Crossbody Riñonera Tarjeta de teléfono Monedero Cartera de teléfono Café","Label":"Title","Locale":"es_ES"}},"Offers":{"Summaries":[{"Condition":{"Value":"New"},"LowestPrice":{"Amount":31.99,"Currency":"EUR","DisplayAmount":"31,99 €"}}]}},{"ASIN":"B00BK6XSG6","DetailPageURL":"https://www.amazon.es/dp/B00BK6XSG6?tag=topinalambricos-21&linkCode=osi&th=1&psc=1","Images":{"Primary":{"Small":{"Height":49,"URL":"https://m.media-amazon.com/images/I/31ztpUP60EL._SL75_.jpg","Width":75}}},"ItemInfo":{"ByLineInfo":{"Brand":{"DisplayValue":"LEAS","Label":"Brand","Locale":"es_ES"},"Manufacturer":{"DisplayValue":"LEAS","Label":"Manufacturer","Locale":"es_ES"}},"Title":{"DisplayValue":"LEAS Bolsa de cinturón escarcela faldriquera faltriquera para señores y señoras Vintage Style, Piel auténtica, coñac Vintage-Collection''","Label":"Title","Locale":"es_ES"}},"Offers":{"Summaries":[{"Condition":{"Value":"New"},"LowestPrice":{"Amount":19.99,"Currency":"EUR","DisplayAmount":"19,99 €"}}]}},{"ASIN":"B07Z2F8JL2","DetailPageURL":"https://www.amazon.es/dp/B07Z2F8JL2?tag=topinalambricos-21&linkCode=osi&th=1&psc=1","Images":{"Primary":{"Small":{"Height":75,"URL":"https://m.media-amazon.com/images/I/51aFpQtyzYL._SL75_.jpg","Width":75}}},"ItemInfo":{"ByLineInfo":{"Brand":{"DisplayValue":"Morbuy-Shop","Label":"Brand","Locale":"es_ES"},"Manufacturer":{"DisplayValue":"Morbuy-Shop","Label":"Manufacturer","Locale":"es_ES"}},"Title":{"DisplayValue":"Hombre Bandolera Mini Multiusos Riñonera, Morbuy Bolso del teléfono Bolsa de Mensajero Pequeña móvil Deporte Senderismo de Viaje (13 * 20 cm,Rojo marrón)","Label":"Title","Locale":"es_ES"}},"Offers":{"Summaries":[{"Condition":{"Value":"New"},"LowestPrice":{"Amount":21.99,"Currency":"EUR","DisplayAmount":"21,99 €"}}]}},{"ASIN":"B09BP2M8N1","DetailPageURL":"https://www.amazon.es/dp/B09BP2M8N1?tag=topinalambricos-21&linkCode=osi&th=1&psc=1","Images":{"Primary":{"Small":{"Height":75,"URL":"https://m.media-amazon.com/images/I/41GrCV3OU0L._SL75_.jpg","Width":75}}},"ItemInfo":{"ByLineInfo":{"Brand":{"DisplayValue":"RTGGSEL","Label":"Brand","Locale":"es_ES"},"Manufacturer":{"DisplayValue":"RTGGSEL","Label":"Manufacturer","Locale":"es_ES"}},"Title":{"DisplayValue":"RTGGSEL Mochila bandolera impermeable de piel sintética para hombre, para viajes, senderismo, ciclismo, Negro, L, Mochilas Sling","Label":"Title","Locale":"es_ES"}},"Offers":{"Summaries":[{"Condition":{"Value":"New"},"LowestPrice":{"Amount":17.48,"Currency":"EUR","DisplayAmount":"17,48 €"}}]}},{"ASIN":"B06Y2ZFHZG","DetailPageURL":"https://www.amazon.es/dp/B06Y2ZFHZG?tag=topinalambricos-21&linkCode=osi&th=1&psc=1","Images":{"Primary":{"Small":{"Height":75,"URL":"https://m.media-amazon.com/images/I/51JxjG1GGyL._SL75_.jpg","Width":75}}},"ItemInfo":{"ByLineInfo":{"Brand":{"DisplayValue":"Le'aokuu","Label":"Brand","Locale":"es_ES"}},"Title":{"DisplayValue":"Le'aokuu Hombre Bolso Bandolera de Cuero Genuino Bolsa de Mensajero Bolsa de Cintura de Gancho Senderismo viaja 611-25 (611-25 Negro marrón)","Label":"Title","Locale":"es_ES"}},"Offers":{"Summaries":[{"Condition":{"Value":"New"},"LowestPrice":{"Amount":28.7,"Currency":"EUR","DisplayAmount":"28,70 €"}}]}},{"ASIN":"B078H3YSKX","DetailPageURL":"https://www.amazon.es/dp/B078H3YSKX?tag=topinalambricos-21&linkCode=osi&th=1&psc=1","Images":{"Primary":{"Small":{"Height":75,"URL":"https://m.media-amazon.com/images/I/41zQ6EJnEXL._SL75_.jpg","Width":75}}},"ItemInfo":{"ByLineInfo":{"Brand":{"DisplayValue":"Foino","Label":"Brand","Locale":"es_ES"}},"Title":{"DisplayValue":"Foino Bolso de Cintura Riñonera Hombre Bolsas de Viaje Bolsa de Pierna Gimnasio Bolso Bandolera Deporte Sport Bag Pequeñas Movil Bolsa Lateral Carteras","Label":"Title","Locale":"es_ES"}},"Offers":{"Summaries":[{"Condition":{"Value":"New"},"LowestPrice":{"Amount":19.99,"Currency":"EUR","DisplayAmount":"19,99 €"}}]}},{"ASIN":"B084X633S1","DetailPageURL":"https://www.amazon.es/dp/B084X633S1?tag=topinalambricos-21&linkCode=osi&th=1&psc=1","Images":{"Primary":{"Small":{"Height":75,"URL":"https://m.media-amazon.com/images/I/416AtVVRsaS._SL75_.jpg","Width":75}}},"ItemInfo":{"ByLineInfo":{"Brand":{"DisplayValue":"Contacts","Label":"Brand","Locale":"es_ES"}},"Title":{"DisplayValue":"Contacts Cuero genuino hombre pequeño mensajero cinturón cintura bolsa bolsa bolsa teléfono cartera para deportes senderismo camping monedero, Café oscuro Mb150, Talla única, Funda para pasaporte","Label":"Title","Locale":"es_ES"}},"Offers":{"Summaries":[{"Condition":{"Value":"New"},"LowestPrice":{"Amount":29.99,"Currency":"EUR","DisplayAmount":"29,99 €"}}]}},{"ASIN":"B09B82KCBY","DetailPageURL":"https://www.amazon.es/dp/B09B82KCBY?tag=topinalambricos-21&linkCode=osi&th=1&psc=1","Images":{"Primary":{"Small":{"Height":75,"URL":"https://m.media-amazon.com/images/I/3192oRgqnnL._SL75_.jpg","Width":49}}},"ItemInfo":{"ByLineInfo":{"Brand":{"DisplayValue":"AmbraModa","Label":"Brand","Locale":"es_ES"}},"Title":{"DisplayValue":"AmbraModa GLX10 – Bolso para mujer y hombre, unisex, pequeño, de piel auténtica, Marrón claro., 23/7/12 cm, Riñonera, bandolera","Label":"Title","Locale":"es_ES"}},"Offers":{"Summaries":[{"Condition":{"Value":"New"},"LowestPrice":{"Amount":30.06,"Currency":"EUR","DisplayAmount":"30,06 €"}}]}}],"SearchURL":"https://www.amazon.es/s?k=cuero+hombre&rh=n%3A11960907031%2Cp_n_availability%3A-1&tag=topinalambricos-21&linkCode=osi","TotalResultCount":28}},"157":{"SearchResult":{"Items":[{"ASIN":"B0B3S1W6GX","DetailPageURL":"https://www.amazon.es/dp/B0B3S1W6GX?tag=topinalambricos-21&linkCode=osi&th=1&psc=1","Images":{"Primary":{"Small":{"Height":60,"URL":"https://m.media-amazon.com/images/I/41z6py9J8YL._SL75_.jpg","Width":75}}},"ItemInfo":{"ByLineInfo":{"Brand":{"DisplayValue":"Genérico","Label":"Brand","Locale":"es_ES"}},"Title":{"DisplayValue":"Riñonera de Cuero Hippie, Riñonera marrón de Piel, Riñonera Hombre y Mujer de Cuero, Riñonera Cuero Artesanal","Label":"Title","Locale":"es_ES"}},"Offers":{"Summaries":[{"Condition":{"Value":"New"},"LowestPrice":{"Amount":19.95,"Currency":"EUR","DisplayAmount":"19,95 €"}}]}},{"ASIN":"B0B3S7MLRM","DetailPageURL":"https://www.amazon.es/dp/B0B3S7MLRM?tag=topinalambricos-21&linkCode=osi&th=1&psc=1","Images":{"Primary":{"Small":{"Height":75,"URL":"https://m.media-amazon.com/images/I/31sk0yGksQL._SL75_.jpg","Width":75}}},"ItemInfo":{"ByLineInfo":{"Brand":{"DisplayValue":"Genérico","Label":"Brand","Locale":"es_ES"}},"Title":{"DisplayValue":"Riñonera de Cuero Hippie, Riñonera de Cuero Negra, Riñonera de Piel Negra, Riñonera Hombre y Mujer de Cuero, Riñonera Cuero Artesanal, Negro","Label":"Title","Locale":"es_ES"}},"Offers":{"Summaries":[{"Condition":{"Value":"New"},"LowestPrice":{"Amount":19.95,"Currency":"EUR","DisplayAmount":"19,95 €"}}]}},{"ASIN":"B0B3SDRT94","DetailPageURL":"https://www.amazon.es/dp/B0B3SDRT94?tag=topinalambricos-21&linkCode=osi&th=1&psc=1","Images":{"Primary":{"Small":{"Height":75,"URL":"https://m.media-amazon.com/images/I/41f9xv-kM+L._SL75_.jpg","Width":75}}},"ItemInfo":{"ByLineInfo":{"Brand":{"DisplayValue":"Genérico","Label":"Brand","Locale":"es_ES"}},"Title":{"DisplayValue":"Riñonera de Cuero Hippie, Riñonera de Cuero Color Natural, Riñonera de Piel cámel, Riñonera Hombre y Mujer de Cuero, Riñonera Cuero Artesanal","Label":"Title","Locale":"es_ES"}},"Offers":{"Summaries":[{"Condition":{"Value":"New"},"LowestPrice":{"Amount":19.95,"Currency":"EUR","DisplayAmount":"19,95 €"}}]}},{"ASIN":"B07PS1T3J3","DetailPageURL":"https://www.amazon.es/dp/B07PS1T3J3?tag=topinalambricos-21&linkCode=osi&th=1&psc=1","Images":{"Primary":{"Small":{"Height":75,"URL":"https://m.media-amazon.com/images/I/51l1psjwC8L._SL75_.jpg","Width":75}}},"ItemInfo":{"ByLineInfo":{"Brand":{"DisplayValue":"STILORD","Label":"Brand","Locale":"es_ES"},"Manufacturer":{"DisplayValue":"STILORD","Label":"Manufacturer","Locale":"es_ES"}},"Title":{"DisplayValue":"STILORD 'Zion' Vintage Riñonera Cuero para Fiestas Viajes Festivales Deporte Bolso Cintura Vacaciones Senderismo de Auténtica Piel, Color:Brandy - marrón","Label":"Title","Locale":"es_ES"}},"Offers":{"Summaries":[{"Condition":{"Value":"New"},"LowestPrice":{"Amount":49.97,"Currency":"EUR","DisplayAmount":"49,97 €"}}]}},{"ASIN":"B07JH5Q5KH","DetailPageURL":"https://www.amazon.es/dp/B07JH5Q5KH?tag=topinalambricos-21&linkCode=osi&th=1&psc=1","Images":{"Primary":{"Small":{"Height":75,"URL":"https://m.media-amazon.com/images/I/41Agv0zpK3L._SL75_.jpg","Width":75}}},"ItemInfo":{"ByLineInfo":{"Brand":{"DisplayValue":"Xieben","Label":"Brand","Locale":"es_ES"},"Manufacturer":{"DisplayValue":"Xieben","Label":"Manufacturer","Locale":"es_ES"}},"Title":{"DisplayValue":"Vendimia Bolsa de Piel Pierna Gota para Hombres Mujeres Bolso de Cintura Riñonera vago multifunción Militar táctico Motocicleta Ciclista Ciclista Senderismo Deportes Camping Montar Marrón Oscuro","Label":"Title","Locale":"es_ES"}},"Offers":{"Summaries":[{"Condition":{"Value":"New"},"LowestPrice":{"Amount":36.89,"Currency":"EUR","DisplayAmount":"36,89 €"}}]}},{"ASIN":"B099WS9TPF","DetailPageURL":"https://www.amazon.es/dp/B099WS9TPF?tag=topinalambricos-21&linkCode=osi&th=1&psc=1","Images":{"Primary":{"Small":{"Height":75,"URL":"https://m.media-amazon.com/images/I/51nmOpChivL._SL75_.jpg","Width":75}}},"ItemInfo":{"ByLineInfo":{"Brand":{"DisplayValue":"SKLLA","Label":"Brand","Locale":"es_ES"},"Manufacturer":{"DisplayValue":"SKLLA","Label":"Manufacturer","Locale":"es_ES"}},"Title":{"DisplayValue":"SKLLA Riñonera Multiusos Steampunk Medieval Unisex Deportes Al Aire Libre Cinturón Vintage Cartera Renaissance Retro Cuero Cartera con Cremallera Ajustable para Adultos,Marrón","Label":"Title","Locale":"es_ES"}},"Offers":{"Summaries":[{"Condition":{"Value":"New"},"LowestPrice":{"Amount":20.57,"Currency":"EUR","DisplayAmount":"20,57 €"}}]}},{"ASIN":"B009SPG6C4","DetailPageURL":"https://www.amazon.es/dp/B009SPG6C4?tag=topinalambricos-21&linkCode=osi&th=1&psc=1","Images":{"Primary":{"Small":{"Height":71,"URL":"https://m.media-amazon.com/images/I/41jC19xw+dL._SL75_.jpg","Width":75}}},"ItemInfo":{"ByLineInfo":{"Brand":{"DisplayValue":"Gusti","Label":"Brand","Locale":"es_ES"},"Manufacturer":{"DisplayValue":"Gusti Leder","Label":"Manufacturer","Locale":"es_ES"}},"Title":{"DisplayValue":"Riñonera de Cuero Gusti Leder Don Bolsillo con Cinturón Bolso para Festival Recital Fiesta Viaje Cuero de Cabra G6","Label":"Title","Locale":"es_ES"}},"Offers":{"Summaries":[{"Condition":{"Value":"New"},"LowestPrice":{"Amount":64.95,"Currency":"EUR","DisplayAmount":"64,95 €"}}]}},{"ASIN":"B084R7FMTC","DetailPageURL":"https://www.amazon.es/dp/B084R7FMTC?tag=topinalambricos-21&linkCode=osi&th=1&psc=1","Images":{"Primary":{"Small":{"Height":75,"URL":"https://m.media-amazon.com/images/I/51Uog8kmEkL._SL75_.jpg","Width":75}}},"ItemInfo":{"ByLineInfo":{"Brand":{"DisplayValue":"STILORD","Label":"Brand","Locale":"es_ES"},"Manufacturer":{"DisplayValue":"STILORD","Label":"Manufacturer","Locale":"es_ES"}},"Title":{"DisplayValue":"STILORD 'Caspar' Vintage Bolso de Cintura Cuero Hombre Riñonera Bolsa Cadera o Cinturón para Deportes Running Fiestas Jogging Trekking Festival, Color:Kara - Cognac","Label":"Title","Locale":"es_ES"}},"Offers":{"Summaries":[{"Condition":{"Value":"New"},"LowestPrice":{"Amount":59.97,"Currency":"EUR","DisplayAmount":"59,97 €"}}]}},{"ASIN":"B06VSSH4R1","DetailPageURL":"https://www.amazon.es/dp/B06VSSH4R1?tag=topinalambricos-21&linkCode=osi&th=1&psc=1","Images":{"Primary":{"Small":{"Height":75,"URL":"https://m.media-amazon.com/images/I/51R3-+OAz-L._SL75_.jpg","Width":75}}},"ItemInfo":{"ByLineInfo":{"Brand":{"DisplayValue":"Le'aokuu","Label":"Brand","Locale":"es_ES"}},"Title":{"DisplayValue":"Le'aokuu Hombres Bolso pequeño Bolso al Aire Libre Bolso de Cadera Cinturón Bolso Cintura Paquete de Cintura de Fanny Paquete de Viaje Bolso Mensajero de Cuero de Vaca Bolso 021 (021 A marrón)","Label":"Title","Locale":"es_ES"}},"Offers":{"Summaries":[{"Condition":{"Value":"New"},"LowestPrice":{"Amount":34.99,"Currency":"EUR","DisplayAmount":"34,99 €"}}]}},{"ASIN":"B00QVBE5KI","DetailPageURL":"https://www.amazon.es/dp/B00QVBE5KI?tag=topinalambricos-21&linkCode=osi&th=1&psc=1","Images":{"Primary":{"Small":{"Height":40,"URL":"https://m.media-amazon.com/images/I/31JxA2GFprL._SL75_.jpg","Width":75}}},"ItemInfo":{"ByLineInfo":{"Brand":{"DisplayValue":"Gusti","Label":"Brand","Locale":"es_ES"}},"Title":{"DisplayValue":"Riñonera Gusti Spencer para Mujer y Hombre de Piel pequeña marrón","Label":"Title","Locale":"es_ES"}},"Offers":{"Summaries":[{"Condition":{"Value":"New"},"LowestPrice":{"Amount":59.95,"Currency":"EUR","DisplayAmount":"59,95 €"}}]}}],"SearchURL":"https://www.amazon.es/s?k=artesanal+cuero&rh=n%3A11960907031%2Cp_n_availability%3A-1&tag=topinalambricos-21&linkCode=osi","TotalResultCount":194}},"158":{"SearchResult":{"Items":[{"ASIN":"B0B3S1W6GX","DetailPageURL":"https://www.amazon.es/dp/B0B3S1W6GX?tag=topinalambricos-21&linkCode=osi&th=1&psc=1","Images":{"Primary":{"Small":{"Height":60,"URL":"https://m.media-amazon.com/images/I/41z6py9J8YL._SL75_.jpg","Width":75}}},"ItemInfo":{"ByLineInfo":{"Brand":{"DisplayValue":"Genérico","Label":"Brand","Locale":"es_ES"}},"Title":{"DisplayValue":"Riñonera de Cuero Hippie, Riñonera marrón de Piel, Riñonera Hombre y Mujer de Cuero, Riñonera Cuero Artesanal","Label":"Title","Locale":"es_ES"}},"Offers":{"Summaries":[{"Condition":{"Value":"New"},"LowestPrice":{"Amount":19.95,"Currency":"EUR","DisplayAmount":"19,95 €"}}]}},{"ASIN":"B0B3SDRT94","DetailPageURL":"https://www.amazon.es/dp/B0B3SDRT94?tag=topinalambricos-21&linkCode=osi&th=1&psc=1","Images":{"Primary":{"Small":{"Height":75,"URL":"https://m.media-amazon.com/images/I/41f9xv-kM+L._SL75_.jpg","Width":75}}},"ItemInfo":{"ByLineInfo":{"Brand":{"DisplayValue":"Genérico","Label":"Brand","Locale":"es_ES"}},"Title":{"DisplayValue":"Riñonera de Cuero Hippie, Riñonera de Cuero Color Natural, Riñonera de Piel cámel, Riñonera Hombre y Mujer de Cuero, Riñonera Cuero Artesanal","Label":"Title","Locale":"es_ES"}},"Offers":{"Summaries":[{"Condition":{"Value":"New"},"LowestPrice":{"Amount":19.95,"Currency":"EUR","DisplayAmount":"19,95 €"}}]}},{"ASIN":"B0B3S7MLRM","DetailPageURL":"https://www.amazon.es/dp/B0B3S7MLRM?tag=topinalambricos-21&linkCode=osi&th=1&psc=1","Images":{"Primary":{"Small":{"Height":75,"URL":"https://m.media-amazon.com/images/I/31sk0yGksQL._SL75_.jpg","Width":75}}},"ItemInfo":{"ByLineInfo":{"Brand":{"DisplayValue":"Genérico","Label":"Brand","Locale":"es_ES"}},"Title":{"DisplayValue":"Riñonera de Cuero Hippie, Riñonera de Cuero Negra, Riñonera de Piel Negra, Riñonera Hombre y Mujer de Cuero, Riñonera Cuero Artesanal, Negro","Label":"Title","Locale":"es_ES"}},"Offers":{"Summaries":[{"Condition":{"Value":"New"},"LowestPrice":{"Amount":19.95,"Currency":"EUR","DisplayAmount":"19,95 €"}}]}},{"ASIN":"B099WS9TPF","DetailPageURL":"https://www.amazon.es/dp/B099WS9TPF?tag=topinalambricos-21&linkCode=osi&th=1&psc=1","Images":{"Primary":{"Small":{"Height":75,"URL":"https://m.media-amazon.com/images/I/51nmOpChivL._SL75_.jpg","Width":75}}},"ItemInfo":{"ByLineInfo":{"Brand":{"DisplayValue":"SKLLA","Label":"Brand","Locale":"es_ES"},"Manufacturer":{"DisplayValue":"SKLLA","Label":"Manufacturer","Locale":"es_ES"}},"Title":{"DisplayValue":"SKLLA Riñonera Multiusos Steampunk Medieval Unisex Deportes Al Aire Libre Cinturón Vintage Cartera Renaissance Retro Cuero Cartera con Cremallera Ajustable para Adultos,Marrón","Label":"Title","Locale":"es_ES"}},"Offers":{"Summaries":[{"Condition":{"Value":"New"},"LowestPrice":{"Amount":20.57,"Currency":"EUR","DisplayAmount":"20,57 €"}}]}},{"ASIN":"B009SPG6WO","DetailPageURL":"https://www.amazon.es/dp/B009SPG6WO?tag=topinalambricos-21&linkCode=osi&th=1&psc=1","Images":{"Primary":{"Small":{"Height":58,"URL":"https://m.media-amazon.com/images/I/41t1bFuk1aL._SL75_.jpg","Width":75}}},"ItemInfo":{"ByLineInfo":{"Brand":{"DisplayValue":"Gusti","Label":"Brand","Locale":"es_ES"}},"Title":{"DisplayValue":"Gusti Riñonera de Cuero Cuero Ronan Bolso para Cinturón Marrón G4","Label":"Title","Locale":"es_ES"}},"Offers":{"Summaries":[{"Condition":{"Value":"New"},"LowestPrice":{"Amount":34.95,"Currency":"EUR","DisplayAmount":"34,95 €"}}]}},{"ASIN":"B09R2JBW5Z","DetailPageURL":"https://www.amazon.es/dp/B09R2JBW5Z?tag=topinalambricos-21&linkCode=osi&th=1&psc=1","Images":{"Primary":{"Small":{"Height":75,"URL":"https://m.media-amazon.com/images/I/31scx6BYX1L._SL75_.jpg","Width":75}}},"ItemInfo":{"ByLineInfo":{"Brand":{"DisplayValue":"Lois","Label":"Brand","Locale":"es_ES"},"Contributors":[{"Locale":"es_ES","Name":"Lois","Role":"Diseñador","RoleType":"designer"}],"Manufacturer":{"DisplayValue":"Lois","Label":"Manufacturer","Locale":"es_ES"}},"Title":{"DisplayValue":"Lois - Riñoneras Hombre - Riñonera Mujer - Riñonera Running Pequeña - Riñonera Hombre para Movil - Riñoneras Moda - Riñoneras Mujer Ligeras - Riñonera Deportiva 307812, Negro","Label":"Title","Locale":"es_ES"}},"Offers":{"Summaries":[{"Condition":{"Value":"New"},"LowestPrice":{"Amount":34.99,"Currency":"EUR","DisplayAmount":"34,99 €"}}]}},{"ASIN":"B084RB1VFK","DetailPageURL":"https://www.amazon.es/dp/B084RB1VFK?tag=topinalambricos-21&linkCode=osi&th=1&psc=1","Images":{"Primary":{"Small":{"Height":75,"URL":"https://m.media-amazon.com/images/I/41-sWDOs2LL._SL75_.jpg","Width":75}}},"ItemInfo":{"ByLineInfo":{"Brand":{"DisplayValue":"STILORD","Label":"Brand","Locale":"es_ES"},"Manufacturer":{"DisplayValue":"STILORD","Label":"Manufacturer","Locale":"es_ES"}},"Title":{"DisplayValue":"STILORD 'Caspar' Vintage Bolso de Cintura Cuero Hombre Riñonera Bolsa Cadera o Cinturón para Deportes Running Fiestas Jogging Trekking Festival, Color:marrón Oscuro","Label":"Title","Locale":"es_ES"}},"Offers":{"Summaries":[{"Condition":{"Value":"New"},"LowestPrice":{"Amount":57.97,"Currency":"EUR","DisplayAmount":"57,97 €"}}]}},{"ASIN":"B07Z9573XF","DetailPageURL":"https://www.amazon.es/dp/B07Z9573XF?tag=topinalambricos-21&linkCode=osi&th=1&psc=1","Images":{"Primary":{"Small":{"Height":75,"URL":"https://m.media-amazon.com/images/I/41g83MMyWAL._SL75_.jpg","Width":75}}},"ItemInfo":{"ByLineInfo":{"Brand":{"DisplayValue":"Leathario","Label":"Brand","Locale":"es_ES"}},"Title":{"DisplayValue":"Leathario Riñonera de Piel Auténtica Pierna Vintage Multifuncional para Hombres Bolso de Cintura Cadena Cuero Genuino Moto Ciclismo Senderismo Viaje","Label":"Title","Locale":"es_ES"}},"Offers":{"Summaries":[{"Condition":{"Value":"New"},"LowestPrice":{"Amount":17.99,"Currency":"EUR","DisplayAmount":"17,99 €"}}]}},{"ASIN":"B07T3WXYQ1","DetailPageURL":"https://www.amazon.es/dp/B07T3WXYQ1?tag=topinalambricos-21&linkCode=osi&th=1&psc=1","Images":{"Primary":{"Small":{"Height":66,"URL":"https://m.media-amazon.com/images/I/41ibiWn6KvL._SL75_.jpg","Width":75}}},"ItemInfo":{"ByLineInfo":{"Brand":{"DisplayValue":"Furein","Label":"Brand","Locale":"es_ES"}},"Title":{"DisplayValue":"Riñonera de Tela Casual Diseños Étnicos 3 Bolsos con Cierre de Cremallera Talla única Correa Ajustable (18x16x3cm) (MB-1 Negro)","Label":"Title","Locale":"es_ES"}},"Offers":{"Summaries":[{"Condition":{"Value":"New"},"LowestPrice":{"Amount":17.95,"Currency":"EUR","DisplayAmount":"17,95 €"}}]}},{"ASIN":"B08JHPVWWM","DetailPageURL":"https://www.amazon.es/dp/B08JHPVWWM?tag=topinalambricos-21&linkCode=osi&th=1&psc=1","Images":{"Primary":{"Small":{"Height":75,"URL":"https://m.media-amazon.com/images/I/31fZkwY7ZQL._SL75_.jpg","Width":75}}},"ItemInfo":{"ByLineInfo":{"Brand":{"DisplayValue":"LOTISIE","Label":"Brand","Locale":"es_ES"},"Manufacturer":{"DisplayValue":"LOTISIE","Label":"Manufacturer","Locale":"es_ES"}},"Title":{"DisplayValue":"LOTISIE Riñonera de Cuero Casual para Hombre, riñonera al Aire Libre, Bolso de Mensajero para Correr, Deportes, riñonera Multifuncional, Hombres, Bolso de Cintura para teléfono móvil, Negro","Label":"Title","Locale":"es_ES"}},"Offers":{"Summaries":[{"Condition":{"Value":"New"},"LowestPrice":{"Amount":9.99,"Currency":"EUR","DisplayAmount":"9,99 €"}}]}}],"SearchURL":"https://www.amazon.es/s?k=hippie+cuero&rh=n%3A11960907031%2Cp_n_availability%3A-1&tag=topinalambricos-21&linkCode=osi","TotalResultCount":290}},"160":{"SearchResult":{"Items":[{"ASIN":"B085J1P9G9","DetailPageURL":"https://www.amazon.es/dp/B085J1P9G9?tag=topinalambricos-21&linkCode=osi&th=1&psc=1","Images":{"Primary":{"Small":{"Height":75,"URL":"https://m.media-amazon.com/images/I/51wK77P4daL._SL75_.jpg","Width":75}}},"ItemInfo":{"ByLineInfo":{"Brand":{"DisplayValue":"Lois","Label":"Brand","Locale":"es_ES"},"Contributors":[{"Locale":"es_ES","Name":"Lois","Role":"Diseñador","RoleType":"designer"}],"Manufacturer":{"DisplayValue":"Lois","Label":"Manufacturer","Locale":"es_ES"}},"Title":{"DisplayValue":"Lois - Bandoleras Hombre - Bolso Hombre Bandolera Ajustable - Bandolera Hombre Lois de Lona recubierta/Piel - Bolso Bandolera Hombre para Uso Diario. Bolso de Hombre Pequeño 307821, Negro","Label":"Title","Locale":"es_ES"}},"Offers":{"Summaries":[{"Condition":{"Value":"New"},"LowestPrice":{"Amount":33.95,"Currency":"EUR","DisplayAmount":"33,95 €"}}]}},{"ASIN":"B07PFM22XL","DetailPageURL":"https://www.amazon.es/dp/B07PFM22XL?tag=topinalambricos-21&linkCode=osi&th=1&psc=1","Images":{"Primary":{"Small":{"Height":75,"URL":"https://m.media-amazon.com/images/I/51f-5EAYKjL._SL75_.jpg","Width":75}}},"ItemInfo":{"ByLineInfo":{"Brand":{"DisplayValue":"Lois","Label":"Brand","Locale":"es_ES"},"Contributors":[{"Locale":"es_ES","Name":"Lois","Role":"Diseñador","RoleType":"designer"}],"Manufacturer":{"DisplayValue":"LOIS","Label":"Manufacturer","Locale":"es_ES"}},"Title":{"DisplayValue":"Lois - Bandoleras Hombre - Bolso Hombre Bandolera Ajustable - Bandolera Hombre Lois de Algodón/Piel - Bolso Bandolera Hombre para Uso Diario. Bolso de Hombre Pequeño 303316, Camel","Label":"Title","Locale":"es_ES"}},"Offers":{"Summaries":[{"Condition":{"Value":"New"},"LowestPrice":{"Amount":27.99,"Currency":"EUR","DisplayAmount":"27,99 €"}}]}},{"ASIN":"B095KL8221","DetailPageURL":"https://www.amazon.es/dp/B095KL8221?tag=topinalambricos-21&linkCode=osi&th=1&psc=1","Images":{"Primary":{"Small":{"Height":75,"URL":"https://m.media-amazon.com/images/I/413dB1DEMHS._SL75_.jpg","Width":75}}},"ItemInfo":{"ByLineInfo":{"Brand":{"DisplayValue":"Coronel Tapiocca","Label":"Brand","Locale":"es_ES"},"Manufacturer":{"DisplayValue":"Coronel Tapiocca","Label":"Manufacturer","Locale":"es_ES"}},"Title":{"DisplayValue":"Coronel Tapiocca Hombre, Bolso Bandolera, Marron, Normal","Label":"Title","Locale":"es_ES"}},"Offers":{"Summaries":[{"Condition":{"Value":"New"},"LowestPrice":{"Amount":24.99,"Currency":"EUR","DisplayAmount":"24,99 €"}}]}},{"ASIN":"B08LLC4H4F","DetailPageURL":"https://www.amazon.es/dp/B08LLC4H4F?tag=topinalambricos-21&linkCode=osi&th=1&psc=1","Images":{"Primary":{"Small":{"Height":75,"URL":"https://m.media-amazon.com/images/I/51TNQS+AVIL._SL75_.jpg","Width":75}}},"ItemInfo":{"ByLineInfo":{"Brand":{"DisplayValue":"Lois","Label":"Brand","Locale":"es_ES"},"Contributors":[{"Locale":"es_ES","Name":"Lois","Role":"Diseñador","RoleType":"designer"}],"Manufacturer":{"DisplayValue":"LOIS","Label":"Manufacturer","Locale":"es_ES"}},"Title":{"DisplayValue":"Lois - Bandoleras Hombre - Bolso Hombre Bandolera Ajustable - Bandolera Hombre Lois de Polipiel - Bolso Bandolera Hombre para Uso Diario. Bolso de Hombre Pequeño 310219, Marron","Label":"Title","Locale":"es_ES"}},"Offers":{"Summaries":[{"Condition":{"Value":"New"},"LowestPrice":{"Amount":37.99,"Currency":"EUR","DisplayAmount":"37,99 €"}}]}},{"ASIN":"B08SYX15M1","DetailPageURL":"https://www.amazon.es/dp/B08SYX15M1?tag=topinalambricos-21&linkCode=osi&th=1&psc=1","Images":{"Primary":{"Small":{"Height":75,"URL":"https://m.media-amazon.com/images/I/41986rMdy6L._SL75_.jpg","Width":75}}},"ItemInfo":{"ByLineInfo":{"Brand":{"DisplayValue":"Skechers","Label":"Brand","Locale":"es_ES"},"Contributors":[{"Locale":"es_ES","Name":"SKECHERS","Role":"Diseñador","RoleType":"designer"}],"Manufacturer":{"DisplayValue":"SKECHERS","Label":"Manufacturer","Locale":"es_ES"}},"Title":{"DisplayValue":"SKECHERS - Bandoleras Hombre - Bolso Hombre Bandolera Ajustable - Bandolera Hombre SKECHERS de Polipiel - Bolso Bandolera Hombre para Uso Diario. Bolso de Hombre Pequeño S918, Negro","Label":"Title","Locale":"es_ES"}},"Offers":{"Summaries":[{"Condition":{"Value":"New"},"LowestPrice":{"Amount":33.45,"Currency":"EUR","DisplayAmount":"33,45 €"}}]}},{"ASIN":"B08SZKQ694","DetailPageURL":"https://www.amazon.es/dp/B08SZKQ694?tag=topinalambricos-21&linkCode=osi&th=1&psc=1","Images":{"Primary":{"Small":{"Height":75,"URL":"https://m.media-amazon.com/images/I/51LZM0ONPoL._SL75_.jpg","Width":75}}},"ItemInfo":{"ByLineInfo":{"Brand":{"DisplayValue":"Skechers","Label":"Brand","Locale":"es_ES"},"Contributors":[{"Locale":"es_ES","Name":"SKECHERS","Role":"Diseñador","RoleType":"designer"}],"Manufacturer":{"DisplayValue":"SKECHERS","Label":"Manufacturer","Locale":"es_ES"}},"Title":{"DisplayValue":"SKECHERS - Bandoleras Hombre - Bolso Hombre Bandolera Ajustable - Bandolera Hombre SKECHERS de Poliéster - Bolso Bandolera Hombre para Uso Diario. Bolso de Hombre Pequeño S910, Negro","Label":"Title","Locale":"es_ES"}},"Offers":{"Summaries":[{"Condition":{"Value":"New"},"LowestPrice":{"Amount":19.99,"Currency":"EUR","DisplayAmount":"19,99 €"}}]}},{"ASIN":"B0BF4QNV5Q","DetailPageURL":"https://www.amazon.es/dp/B0BF4QNV5Q?tag=topinalambricos-21&linkCode=osi&th=1&psc=1","Images":{"Primary":{"Small":{"Height":75,"URL":"https://m.media-amazon.com/images/I/41Lk4xVMqVL._SL75_.jpg","Width":75}}},"ItemInfo":{"ByLineInfo":{"Brand":{"DisplayValue":"Coronel Tapiocca","Label":"Brand","Locale":"es_ES"},"Manufacturer":{"DisplayValue":"CORONEL TAPIOCCA","Label":"Manufacturer","Locale":"es_ES"}},"Title":{"DisplayValue":"Coronel Tapiocca - Bandoleras Hombre - Bandolera piel Grande hombre mariconera para uso diario, casual, viaje o negocios, Negra, 21x6x26 cm, 0LX8870","Label":"Title","Locale":"es_ES"}},"Offers":{"Summaries":[{"Condition":{"Value":"New"},"LowestPrice":{"Amount":21.28,"Currency":"EUR","DisplayAmount":"21,28 €"}}]}},{"ASIN":"B0B7SM4NYF","DetailPageURL":"https://www.amazon.es/dp/B0B7SM4NYF?tag=topinalambricos-21&linkCode=osi&th=1&psc=1","Images":{"Primary":{"Small":{"Height":75,"URL":"https://m.media-amazon.com/images/I/41BeDNenlQL._SL75_.jpg","Width":75}}},"ItemInfo":{"ByLineInfo":{"Brand":{"DisplayValue":"Lois","Label":"Brand","Locale":"es_ES"},"Contributors":[{"Locale":"es_ES","Name":"Lois","Role":"Diseñador","RoleType":"designer"}],"Manufacturer":{"DisplayValue":"Lois","Label":"Manufacturer","Locale":"es_ES"}},"Title":{"DisplayValue":"Lois - Bandoleras Hombre - Bolso Hombre Bandolera Ajustable - Bandolera Hombre Lois de Polipiel - Bolso Bandolera Hombre para Uso Diario. Bolso de Hombre Pequeño 40220, Marron","Label":"Title","Locale":"es_ES"}},"Offers":{"Summaries":[{"Condition":{"Value":"New"},"LowestPrice":{"Amount":34.99,"Currency":"EUR","DisplayAmount":"34,99 €"}}]}},{"ASIN":"B08HSDQ7F2","DetailPageURL":"https://www.amazon.es/dp/B08HSDQ7F2?tag=topinalambricos-21&linkCode=osi&th=1&psc=1","Images":{"Primary":{"Small":{"Height":75,"URL":"https://m.media-amazon.com/images/I/41CXkiMZyML._SL75_.jpg","Width":75}}},"ItemInfo":{"ByLineInfo":{"Brand":{"DisplayValue":"Lois","Label":"Brand","Locale":"es_ES"},"Contributors":[{"Locale":"es_ES","Name":"Lois","Role":"Diseñador","RoleType":"designer"}],"Manufacturer":{"DisplayValue":"LOIS","Label":"Manufacturer","Locale":"es_ES"}},"Title":{"DisplayValue":"Lois - Bandoleras Hombre - Bolso Hombre Bandolera Ajustable - Bandolera Hombre Lois de Lona recubierta/Piel - Bolso Bandolera Hombre para Uso Diario. Bolso de Hombre Pequeño 307820, Negro","Label":"Title","Locale":"es_ES"}},"Offers":{"Summaries":[{"Condition":{"Value":"New"},"LowestPrice":{"Amount":34.99,"Currency":"EUR","DisplayAmount":"34,99 €"}}]}},{"ASIN":"B095KN23BD","DetailPageURL":"https://www.amazon.es/dp/B095KN23BD?tag=topinalambricos-21&linkCode=osi&th=1&psc=1","Images":{"Primary":{"Small":{"Height":75,"URL":"https://m.media-amazon.com/images/I/41l4LCZY-QS._SL75_.jpg","Width":75}}},"ItemInfo":{"ByLineInfo":{"Brand":{"DisplayValue":"Coronel Tapiocca","Label":"Brand","Locale":"es_ES"},"Manufacturer":{"DisplayValue":"Coronel Tapiocca","Label":"Manufacturer","Locale":"es_ES"}},"Title":{"DisplayValue":"Coronel Tapiocca Hombre, Bolso Bandolera elegante de Piel Sintetica, Negro","Label":"Title","Locale":"es_ES"}},"Offers":{"Summaries":[{"Condition":{"Value":"New"},"LowestPrice":{"Amount":31.23,"Currency":"EUR","DisplayAmount":"31,23 €"}}]}}],"SearchURL":"https://www.amazon.es/s?k=bandolera+cuero&rh=n%3A2007971031%2Cp_n_availability%3A-1&tag=topinalambricos-21&linkCode=osi","TotalResultCount":26159}},"161":{"SearchResult":{"Items":[{"ASIN":"B09NW7JT9L","DetailPageURL":"https://www.amazon.es/dp/B09NW7JT9L?tag=topinalambricos-21&linkCode=osi&th=1&psc=1","Images":{"Primary":{"Small":{"Height":75,"URL":"https://m.media-amazon.com/images/I/41XwYpC7ghL._SL75_.jpg","Width":75}}},"ItemInfo":{"ByLineInfo":{"Brand":{"DisplayValue":"STILORD","Label":"Brand","Locale":"es_ES"},"Manufacturer":{"DisplayValue":"STILORD","Label":"Manufacturer","Locale":"es_ES"}},"Title":{"DisplayValue":"STILORD 'Aisha' Bolso de Mano Vintage para Mujer Pequeño Bolso Bandolera Crossbody Bag para Salir Noche Fiesta Bolso de Hombro de Auténtico Cuero, Color:Negro","Label":"Title","Locale":"es_ES"}},"Offers":{"Summaries":[{"Condition":{"Value":"New"},"LowestPrice":{"Amount":87.9,"Currency":"EUR","DisplayAmount":"87,90 €"}}]}},{"ASIN":"B08L6P49X1","DetailPageURL":"https://www.amazon.es/dp/B08L6P49X1?tag=topinalambricos-21&linkCode=osi&th=1&psc=1","Images":{"Primary":{"Small":{"Height":75,"URL":"https://m.media-amazon.com/images/I/31N6l9VP47L._SL75_.jpg","Width":64}}},"ItemInfo":{"ByLineInfo":{"Brand":{"DisplayValue":"BOSANOVA","Label":"Brand","Locale":"es_ES"},"Manufacturer":{"DisplayValue":"BOSANOVA","Label":"Manufacturer","Locale":"es_ES"}},"Title":{"DisplayValue":"BOSANOVA Bolso Bandolera con Detalle de Bordado étnico, Cremallera Frontal y Trasera. Asa de Cruzar Regulable y Cierre con Cremallera. Negro U","Label":"Title","Locale":"es_ES"}},"Offers":{"Summaries":[{"Condition":{"Value":"New"},"LowestPrice":{"Amount":29.9,"Currency":"EUR","DisplayAmount":"29,90 €"}}]}},{"ASIN":"B09LQDHMTR","DetailPageURL":"https://www.amazon.es/dp/B09LQDHMTR?tag=topinalambricos-21&linkCode=osi&th=1&psc=1","Images":{"Primary":{"Small":{"Height":75,"URL":"https://m.media-amazon.com/images/I/415LvjD96OL._SL75_.jpg","Width":75}}},"ItemInfo":{"ByLineInfo":{"Brand":{"DisplayValue":"DON ALGODON","Label":"Brand","Locale":"es_ES"},"Manufacturer":{"DisplayValue":"BlueBags","Label":"Manufacturer","Locale":"es_ES"}},"Title":{"DisplayValue":"DON ALGODON Paris Para, Bolso Bandolera De Mujer, Negro, 21 Ancho X 8 Fondo X 15 Alto Cm","Label":"Title","Locale":"es_ES"}},"Offers":{"Summaries":[{"Condition":{"Value":"New"},"LowestPrice":{"Amount":39.99,"Currency":"EUR","DisplayAmount":"39,99 €"}}]}},{"ASIN":"B09S4265C4","DetailPageURL":"https://www.amazon.es/dp/B09S4265C4?tag=topinalambricos-21&linkCode=osi&th=1&psc=1","Images":{"Primary":{"Small":{"Height":75,"URL":"https://m.media-amazon.com/images/I/31jeakKZ7hL._SL75_.jpg","Width":75}}},"ItemInfo":{"ByLineInfo":{"Brand":{"DisplayValue":"TOUS","Label":"Brand","Locale":"es_ES"}},"Title":{"DisplayValue":"TOUS BANDOLERA AMAYA K.SHOCK BEIGE","Label":"Title","Locale":"es_ES"}},"Offers":{"Summaries":[{"Condition":{"Value":"New"},"LowestPrice":{"Amount":139.0,"Currency":"EUR","DisplayAmount":"139,00 €"}}]}},{"ASIN":"B006EJXGIY","DetailPageURL":"https://www.amazon.es/dp/B006EJXGIY?tag=topinalambricos-21&linkCode=osi&th=1&psc=1","Images":{"Primary":{"Small":{"Height":50,"URL":"https://m.media-amazon.com/images/I/416705yYERL._SL75_.jpg","Width":75}}},"ItemInfo":{"ByLineInfo":{"Brand":{"DisplayValue":"Gusti","Label":"Brand","Locale":"es_ES"}},"Title":{"DisplayValue":"Gusti Bolso de piel - Summer Bolso bandolera de cuero marrón pequeño","Label":"Title","Locale":"es_ES"}},"Offers":{"Summaries":[{"Condition":{"Value":"New"},"LowestPrice":{"Amount":23.95,"Currency":"EUR","DisplayAmount":"23,95 €"}}]}},{"ASIN":"B09KYG8X6N","DetailPageURL":"https://www.amazon.es/dp/B09KYG8X6N?tag=topinalambricos-21&linkCode=osi&th=1&psc=1","Images":{"Primary":{"Small":{"Height":60,"URL":"https://m.media-amazon.com/images/I/41n90vvdiRL._SL75_.jpg","Width":75}}},"ItemInfo":{"ByLineInfo":{"Brand":{"DisplayValue":"Mandarina Duck","Label":"Brand","Locale":"es_ES"},"Manufacturer":{"DisplayValue":"Mandarina Duck","Label":"Manufacturer","Locale":"es_ES"}},"Title":{"DisplayValue":"Mandarina Duck Mochila Negro (Black) Luna P10kbt08 30x39x14.5 (L x H x W)","Label":"Title","Locale":"es_ES"}},"Offers":{"Summaries":[{"Condition":{"Value":"New"},"LowestPrice":{"Amount":135.8,"Currency":"EUR","DisplayAmount":"135,80 €"}}]}},{"ASIN":"B08SCC4WKN","DetailPageURL":"https://www.amazon.es/dp/B08SCC4WKN?tag=topinalambricos-21&linkCode=osi&th=1&psc=1","Images":{"Primary":{"Small":{"Height":75,"URL":"https://m.media-amazon.com/images/I/51ogb4sjB2L._SL75_.jpg","Width":75}}},"ItemInfo":{"ByLineInfo":{"Brand":{"DisplayValue":"Lois","Label":"Brand","Locale":"es_ES"},"Contributors":[{"Locale":"es_ES","Name":"Lois","Role":"Diseñador","RoleType":"designer"}],"Manufacturer":{"DisplayValue":"LOIS","Label":"Manufacturer","Locale":"es_ES"}},"Title":{"DisplayValue":"Lois - Bolso de Mujer Bandolera de Hombro pequeño para móvil. Piel ecológica Eco-Piel Eco-Friendly, Ideal para Diario Paseo o Compras 308221, Negro","Label":"Title","Locale":"es_ES"}},"Offers":{"Summaries":[{"Condition":{"Value":"New"},"LowestPrice":{"Amount":27.99,"Currency":"EUR","DisplayAmount":"27,99 €"}}]}},{"ASIN":"B09RNBC5WZ","DetailPageURL":"https://www.amazon.es/dp/B09RNBC5WZ?tag=topinalambricos-21&linkCode=osi&th=1&psc=1","Images":{"Primary":{"Small":{"Height":75,"URL":"https://m.media-amazon.com/images/I/41U6I2BODpL._SL75_.jpg","Width":75}}},"ItemInfo":{"ByLineInfo":{"Brand":{"DisplayValue":"Lois","Label":"Brand","Locale":"es_ES"},"Contributors":[{"Locale":"es_ES","Name":"Lois","Role":"Diseñador","RoleType":"designer"}],"Manufacturer":{"DisplayValue":"Lois","Label":"Manufacturer","Locale":"es_ES"}},"Title":{"DisplayValue":"Lois - Bolso Bandolera Mujer - Bolso Mujer Pequeño de Marca. Bolso Lois Mujer - Bolsos Bandolera Mujer de Piel Sintética - Bolso Mujer Bandolera de Uso Diario - Bolso Pequeño Mujer 315579, Azul","Label":"Title","Locale":"es_ES"}},"Offers":{"Summaries":[{"Condition":{"Value":"New"},"LowestPrice":{"Amount":49.99,"Currency":"EUR","DisplayAmount":"49,99 €"}}]}},{"ASIN":"B09WV4C3P8","DetailPageURL":"https://www.amazon.es/dp/B09WV4C3P8?tag=topinalambricos-21&linkCode=osi&th=1&psc=1","Images":{"Primary":{"Small":{"Height":75,"URL":"https://m.media-amazon.com/images/I/410Gz14QkuL._SL75_.jpg","Width":75}}},"ItemInfo":{"ByLineInfo":{"Brand":{"DisplayValue":"XTI","Label":"Brand","Locale":"es_ES"},"Manufacturer":{"DisplayValue":"XTI Footwear, S.L.","Label":"Manufacturer","Locale":"es_ES"}},"Title":{"DisplayValue":"XTI 184069, Bolso Bandolera para Mujer, Negro, One Size","Label":"Title","Locale":"es_ES"}},"Offers":{"Summaries":[{"Condition":{"Value":"New"},"LowestPrice":{"Amount":34.95,"Currency":"EUR","DisplayAmount":"34,95 €"}}]}},{"ASIN":"B0BFJM3CM4","DetailPageURL":"https://www.amazon.es/dp/B0BFJM3CM4?tag=topinalambricos-21&linkCode=osi&th=1&psc=1","Images":{"Primary":{"Small":{"Height":75,"URL":"https://m.media-amazon.com/images/I/31v1HC-WmnL._SL75_.jpg","Width":75}}},"ItemInfo":{"ByLineInfo":{"Brand":{"DisplayValue":"STILORD","Label":"Brand","Locale":"es_ES"},"Manufacturer":{"DisplayValue":"STILORD","Label":"Manufacturer","Locale":"es_ES"}},"Title":{"DisplayValue":"STILORD 'Elora' Moderno Bolso de Hombro Mujeres de Cuero pequeño Bolso Crossbody Noche Bolsa de Cuero Genuino, Color:Negro","Label":"Title","Locale":"es_ES"}},"Offers":{"Summaries":[{"Condition":{"Value":"New"},"LowestPrice":{"Amount":69.9,"Currency":"EUR","DisplayAmount":"69,90 €"}}]}}],"SearchURL":"https://www.amazon.es/s?k=bandolera+cuero&rh=n%3A2007978031%2Cp_n_availability%3A-1&tag=topinalambricos-21&linkCode=osi","TotalResultCount":59005}},"163":{"SearchResult":{"Items":[{"ASIN":"B07FKSJJ4X","DetailPageURL":"https://www.amazon.es/dp/B07FKSJJ4X?tag=topinalambricos-21&linkCode=osi&th=1&psc=1","Images":{"Primary":{"Small":{"Height":75,"URL":"https://m.media-amazon.com/images/I/41fjxfYeDcL._SL75_.jpg","Width":75}}},"ItemInfo":{"ByLineInfo":{"Brand":{"DisplayValue":"David Jones","Label":"Brand","Locale":"es_ES"}},"Title":{"DisplayValue":"David Jones - Bolso de Mano Maletín Hombre - Portadocumentos Ordenador Portátil 13 Pulgadas - Cartera Cuero PU Negocios Trabajo - Bolso Bandolera Hombre Mensajero Portafolio Oficina Business - Negro","Label":"Title","Locale":"es_ES"}},"Offers":{"Summaries":[{"Condition":{"Value":"New"},"LowestPrice":{"Amount":59.99,"Currency":"EUR","DisplayAmount":"59,99 €"}}]}},{"ASIN":"B092VXWFF8","DetailPageURL":"https://www.amazon.es/dp/B092VXWFF8?tag=topinalambricos-21&linkCode=osi&th=1&psc=1","Images":{"Primary":{"Small":{"Height":75,"URL":"https://m.media-amazon.com/images/I/51HT0cmO2AL._SL75_.jpg","Width":75}}},"ItemInfo":{"ByLineInfo":{"Brand":{"DisplayValue":"VASCHY","Label":"Brand","Locale":"es_ES"}},"Title":{"DisplayValue":"VASCHY Bolso Hombre Bandolera, Maletín Hombre para Portátil 17 Pulgadas Bolso Mensajero Lona Encera Bolsa Bandolera Ordenador Impermeable con Bandolera Acolchada (Gris-17 Pulgadas)","Label":"Title","Locale":"es_ES"}},"Offers":{"Summaries":[{"Condition":{"Value":"New"},"LowestPrice":{"Amount":52.89,"Currency":"EUR","DisplayAmount":"52,89 €"}}]}},{"ASIN":"B079ZYYZMC","DetailPageURL":"https://www.amazon.es/dp/B079ZYYZMC?tag=topinalambricos-21&linkCode=osi&th=1&psc=1","Images":{"Primary":{"Small":{"Height":75,"URL":"https://m.media-amazon.com/images/I/41xCjG5JOxL._SL75_.jpg","Width":75}}},"ItemInfo":{"ByLineInfo":{"Brand":{"DisplayValue":"STILORD","Label":"Brand","Locale":"es_ES"},"Manufacturer":{"DisplayValue":"STILORD","Label":"Manufacturer","Locale":"es_ES"}},"Title":{"DisplayValue":"STILORD 'Patrice' Bolso Mensajero Cuero Hombre y Mujer Maletín clásico para Oficina Profesor Estudiante Negocios Bolsa Bandolera para portátil 15,6', Color:marrón - Medio","Label":"Title","Locale":"es_ES"}},"Offers":{"Summaries":[{"Condition":{"Value":"New"},"LowestPrice":{"Amount":169.9,"Currency":"EUR","DisplayAmount":"169,90 €"}}]}},{"ASIN":"B0B7N1K4NF","DetailPageURL":"https://www.amazon.es/dp/B0B7N1K4NF?tag=topinalambricos-21&linkCode=osi&th=1&psc=1","Images":{"Primary":{"Small":{"Height":75,"URL":"https://m.media-amazon.com/images/I/41eTXeOwbfL._SL75_.jpg","Width":75}}},"ItemInfo":{"ByLineInfo":{"Brand":{"DisplayValue":"UBORSE","Label":"Brand","Locale":"es_ES"}},"Title":{"DisplayValue":"UBORSE Bolso Mensajero Cuero Maletín Vintage Portátil Bolsa de Hombro Bolso Bandolera de Trabajo Auténtica Piel Hombre","Label":"Title","Locale":"es_ES"}},"Offers":{"Summaries":[{"Condition":{"Value":"New"},"LowestPrice":{"Amount":37.99,"Currency":"EUR","DisplayAmount":"37,99 €"}}]}},{"ASIN":"B08591Z6SQ","DetailPageURL":"https://www.amazon.es/dp/B08591Z6SQ?tag=topinalambricos-21&linkCode=osi&th=1&psc=1","Images":{"Primary":{"Small":{"Height":75,"URL":"https://m.media-amazon.com/images/I/51RXRlPiZFL._SL75_.jpg","Width":75}}},"ItemInfo":{"ByLineInfo":{"Brand":{"DisplayValue":"BAIGIO","Label":"Brand","Locale":"es_ES"}},"Title":{"DisplayValue":"BAIGIO Maletín de Cuero Vintage para Portátil iPad Bolsa de Hombro o Negocios para Profesor Negocios Oficina o Universidad de Auténtica Piel (Negro)","Label":"Title","Locale":"es_ES"}},"Offers":{"Summaries":[{"Condition":{"Value":"New"},"LowestPrice":{"Amount":48.99,"Currency":"EUR","DisplayAmount":"48,99 €"}},{"Condition":{"Value":"Used"},"LowestPrice":{"Amount":46.09,"Currency":"EUR","DisplayAmount":"46,09 €"}}]}},{"ASIN":"B09JNVYJX4","DetailPageURL":"https://www.amazon.es/dp/B09JNVYJX4?tag=topinalambricos-21&linkCode=osi&th=1&psc=1","Images":{"Primary":{"Small":{"Height":75,"URL":"https://m.media-amazon.com/images/I/41S8N4CLQUL._SL75_.jpg","Width":75}}},"ItemInfo":{"ByLineInfo":{"Brand":{"DisplayValue":"SPAHER","Label":"Brand","Locale":"es_ES"},"Manufacturer":{"DisplayValue":"SPAHER","Label":"Manufacturer","Locale":"es_ES"}},"Title":{"DisplayValue":"SPAHER Bandolera Hombre Piel Grande Bandolera Cuero Hombre Bolsos Caballero Bolso Mensajero Hombre Bandolera Bolso Hombre de Cuero Genuino Bolso de Piel Hombre","Label":"Title","Locale":"es_ES"}},"Offers":{"Summaries":[{"Condition":{"Value":"New"},"LowestPrice":{"Amount":35.99,"Currency":"EUR","DisplayAmount":"35,99 €"}}]}},{"ASIN":"B08KQF5X16","DetailPageURL":"https://www.amazon.es/dp/B08KQF5X16?tag=topinalambricos-21&linkCode=osi&th=1&psc=1","Images":{"Primary":{"Small":{"Height":55,"URL":"https://m.media-amazon.com/images/I/41z5hRT7TXL._SL75_.jpg","Width":75}}},"ItemInfo":{"ByLineInfo":{"Brand":{"DisplayValue":"Time Resistance","Label":"Brand","Locale":"es_ES"}},"Title":{"DisplayValue":"Time Resistance Maletín de Médico Profesional de Piel - Estilo Vintage con Cuero de Vachetta, Hecho a Mano en Italia - Bolso Ideal para Hombres y Mujeres Profesionales de la Salud, Color Marrón Oscuro","Label":"Title","Locale":"es_ES"}},"Offers":{"Summaries":[{"Condition":{"Value":"New"},"LowestPrice":{"Amount":236.0,"Currency":"EUR","DisplayAmount":"236,00 €"}}]}},{"ASIN":"B09BNQ64QC","DetailPageURL":"https://www.amazon.es/dp/B09BNQ64QC?tag=topinalambricos-21&linkCode=osi&th=1&psc=1","Images":{"Primary":{"Small":{"Height":75,"URL":"https://m.media-amazon.com/images/I/41d46csRYnL._SL75_.jpg","Width":75}}},"ItemInfo":{"ByLineInfo":{"Brand":{"DisplayValue":"STILORD","Label":"Brand","Locale":"es_ES"},"Manufacturer":{"DisplayValue":"STILORD","Label":"Manufacturer","Locale":"es_ES"}},"Title":{"DisplayValue":"STILORD 'Tom' Bolso Bandolera de Cuero Maletín Vintage de Hombre y Mujer para portátiles de 15' Estudios Universidad o Trabajo de Piel auténtica, Color:Zamora - marrón","Label":"Title","Locale":"es_ES"}},"Offers":{"Summaries":[{"Condition":{"Value":"New"},"LowestPrice":{"Amount":147.9,"Currency":"EUR","DisplayAmount":"147,90 €"}}]}},{"ASIN":"B081PTRRLC","DetailPageURL":"https://www.amazon.es/dp/B081PTRRLC?tag=topinalambricos-21&linkCode=osi&th=1&psc=1","Images":{"Primary":{"Small":{"Height":75,"URL":"https://m.media-amazon.com/images/I/41okc6t0viL._SL75_.jpg","Width":75}}},"ItemInfo":{"ByLineInfo":{"Brand":{"DisplayValue":"Kasgo","Label":"Brand","Locale":"es_ES"},"Manufacturer":{"DisplayValue":"Kasgo","Label":"Manufacturer","Locale":"es_ES"}},"Title":{"DisplayValue":"Kasgo Bolso Bandoleras Hombre, Impermeable Lona Maletin Portatil 15.6 Pulgadas Casual Bolsa Mensajero Hombres para Negocio Viajar con Correa de Hombro Acolchada(Gris Oscuro)","Label":"Title","Locale":"es_ES"}},"Offers":{"Summaries":[{"Condition":{"Value":"New"},"LowestPrice":{"Amount":44.89,"Currency":"EUR","DisplayAmount":"44,89 €"}}]}},{"ASIN":"B003X7XCRU","DetailPageURL":"https://www.amazon.es/dp/B003X7XCRU?tag=topinalambricos-21&linkCode=osi&th=1&psc=1","Images":{"Primary":{"Small":{"Height":50,"URL":"https://m.media-amazon.com/images/I/41dVaEaB3iL._SL75_.jpg","Width":75}}},"ItemInfo":{"ByLineInfo":{"Brand":{"DisplayValue":"VISCONTI","Label":"Brand","Locale":"es_ES"},"Manufacturer":{"DisplayValue":"Visconti","Label":"Manufacturer","Locale":"es_ES"}},"Title":{"DisplayValue":"VISCONTI - 18797 - Bolso bandolera/Maletín para la oficina - Apto para documentos A4 / Tablet - Cuero - Marrón","Label":"Title","Locale":"es_ES"}},"Offers":{"Summaries":[{"Condition":{"Value":"New"},"LowestPrice":{"Amount":124.95,"Currency":"EUR","DisplayAmount":"124,95 €"}}]}}],"SearchURL":"https://www.amazon.es/s?k=maletin+cuero&rh=n%3A2007968031%2Cp_n_availability%3A-1&tag=topinalambricos-21&linkCode=osi","TotalResultCount":14649}},"164":{"SearchResult":{"Items":[{"ASIN":"B09L58VWQS","DetailPageURL":"https://www.amazon.es/dp/B09L58VWQS?tag=topinalambricos-21&linkCode=osi&th=1&psc=1","Images":{"Primary":{"Small":{"Height":75,"URL":"https://m.media-amazon.com/images/I/413urQoRrwL._SL75_.jpg","Width":75}}},"ItemInfo":{"ByLineInfo":{"Brand":{"DisplayValue":"STILORD","Label":"Brand","Locale":"es_ES"},"Manufacturer":{"DisplayValue":"STILORD","Label":"Manufacturer","Locale":"es_ES"}},"Title":{"DisplayValue":"STILORD 'Tom' Bolso Bandolera de Cuero Maletín Vintage de Hombre y Mujer para portátiles de 15' Estudios Universidad o Trabajo de Piel auténtica, Color:Florida - marrón","Label":"Title","Locale":"es_ES"}},"Offers":{"Summaries":[{"Condition":{"Value":"New"},"LowestPrice":{"Amount":147.9,"Currency":"EUR","DisplayAmount":"147,90 €"}}]}},{"ASIN":"B09JCJBYY7","DetailPageURL":"https://www.amazon.es/dp/B09JCJBYY7?tag=topinalambricos-21&linkCode=osi&th=1&psc=1","Images":{"Primary":{"Small":{"Height":75,"URL":"https://m.media-amazon.com/images/I/311b5jaITKL._SL75_.jpg","Width":75}}},"ItemInfo":{"ByLineInfo":{"Brand":{"DisplayValue":"STILORD","Label":"Brand","Locale":"es_ES"},"Manufacturer":{"DisplayValue":"STILORD","Label":"Manufacturer","Locale":"es_ES"}},"Title":{"DisplayValue":"STILORD 'Lydia' Maletín Ejecutivo Mujer Cuero Vintage Grande Bolso de Negocios Maleta Portadocumentos Bolso Portátil de 13,3 Pulgadas de Auténtica Piel, Color:Negro","Label":"Title","Locale":"es_ES"}},"Offers":{"Summaries":[{"Condition":{"Value":"New"},"LowestPrice":{"Amount":129.0,"Currency":"EUR","DisplayAmount":"129,00 €"}}]}},{"ASIN":"B01IMRT3YQ","DetailPageURL":"https://www.amazon.es/dp/B01IMRT3YQ?tag=topinalambricos-21&linkCode=osi&th=1&psc=1","Images":{"Primary":{"Small":{"Height":57,"URL":"https://m.media-amazon.com/images/I/41IDM7ju7iS._SL75_.jpg","Width":75}}},"ItemInfo":{"ByLineInfo":{"Brand":{"DisplayValue":"ECOSUSI","Label":"Brand","Locale":"es_ES"},"Manufacturer":{"DisplayValue":"ECOSUSI","Label":"Manufacturer","Locale":"es_ES"}},"Title":{"DisplayValue":"ECOSUSI Bolso de Maletín de Cuero PU para Mujer Bolso de Hombro Bolso de Mensajero para Computadora Portátil Vintage para Mujer Bolso de Trabajo de 14.7 pulgadas Marrón","Label":"Title","Locale":"es_ES"}},"Offers":{"Summaries":[{"Condition":{"Value":"New"},"LowestPrice":{"Amount":56.99,"Currency":"EUR","DisplayAmount":"56,99 €"}}]}},{"ASIN":"B09SPPXB77","DetailPageURL":"https://www.amazon.es/dp/B09SPPXB77?tag=topinalambricos-21&linkCode=osi&th=1&psc=1","Images":{"Primary":{"Small":{"Height":75,"URL":"https://m.media-amazon.com/images/I/513zGOOt7HL._SL75_.jpg","Width":75}}},"ItemInfo":{"ByLineInfo":{"Brand":{"DisplayValue":"NUBILY","Label":"Brand","Locale":"es_ES"},"Manufacturer":{"DisplayValue":"NUBILY","Label":"Manufacturer","Locale":"es_ES"}},"Title":{"DisplayValue":"NUBILY Bolso Mujer Grande Bolso Universidad Mujer Impermeable Cuero Bolsos Bandolera para Ordenador Portátil Bolso Trabajo Bolso Shopper Tote,Negro","Label":"Title","Locale":"es_ES"}},"Offers":{"Summaries":[{"Condition":{"Value":"New"},"LowestPrice":{"Amount":38.99,"Currency":"EUR","DisplayAmount":"38,99 €"}}]}},{"ASIN":"B00VX7TJRO","DetailPageURL":"https://www.amazon.es/dp/B00VX7TJRO?tag=topinalambricos-21&linkCode=osi&th=1&psc=1","Images":{"Primary":{"Small":{"Height":57,"URL":"https://m.media-amazon.com/images/I/51wDW246FrL._SL75_.jpg","Width":75}}},"ItemInfo":{"ByLineInfo":{"Brand":{"DisplayValue":"Time Resistance","Label":"Brand","Locale":"es_ES"},"Manufacturer":{"DisplayValue":"Time Resistance","Label":"Manufacturer","Locale":"es_ES"}},"Title":{"DisplayValue":"Time Resistance Maletín de Médico Profesional de Piel - Estilo Vintage con Cuero de Vachetta, Hecho a Mano en Italia - Bolso Ideal para Hombres y Mujeres Profesionales de la Salud, Color Marrón Oscuro","Label":"Title","Locale":"es_ES"}},"Offers":{"Summaries":[{"Condition":{"Value":"New"},"LowestPrice":{"Amount":331.0,"Currency":"EUR","DisplayAmount":"331,00 €"}}]}},{"ASIN":"B07KQDH42F","DetailPageURL":"https://www.amazon.es/dp/B07KQDH42F?tag=topinalambricos-21&linkCode=osi&th=1&psc=1","Images":{"Primary":{"Small":{"Height":75,"URL":"https://m.media-amazon.com/images/I/41Pld62sBbL._SL75_.jpg","Width":75}}},"ItemInfo":{"ByLineInfo":{"Brand":{"DisplayValue":"David Jones","Label":"Brand","Locale":"es_ES"}},"Title":{"DisplayValue":"David Jones - Bolso de Mano Grande Mujer - Shopper Tote Bag Señora Trabajo Negocios Cuero Genuino PU - Bolsos Hombro Bandolera Piel Múltiples Bolsillos - Maletín Satchel Oficina Elegante - Negro","Label":"Title","Locale":"es_ES"}},"Offers":{"Summaries":[{"Condition":{"Value":"New"},"LowestPrice":{"Amount":59.99,"Currency":"EUR","DisplayAmount":"59,99 €"}}]}},{"ASIN":"B017GZNE18","DetailPageURL":"https://www.amazon.es/dp/B017GZNE18?tag=topinalambricos-21&linkCode=osi&th=1&psc=1","Images":{"Primary":{"Small":{"Height":75,"URL":"https://m.media-amazon.com/images/I/41XeAsDQxWL._SL75_.jpg","Width":75}}},"ItemInfo":{"ByLineInfo":{"Brand":{"DisplayValue":"ECOSUSI","Label":"Brand","Locale":"es_ES"},"Manufacturer":{"DisplayValue":"ECOSUSI","Label":"Manufacturer","Locale":"es_ES"}},"Title":{"DisplayValue":"ECOSUSI Bolsas de Mensajero para Mujer Maletín de portadocumentos Cuero de PU portátil con Hombro Desmontable Bolso de maletín Profesor Mujer para Portátil de 14 '' para Negocios de Trabajo","Label":"Title","Locale":"es_ES"}},"Offers":{"Summaries":[{"Condition":{"Value":"New"},"LowestPrice":{"Amount":44.99,"Currency":"EUR","DisplayAmount":"44,99 €"}}]}},{"ASIN":"B074PKB3KN","DetailPageURL":"https://www.amazon.es/dp/B074PKB3KN?tag=topinalambricos-21&linkCode=osi&th=1&psc=1","Images":{"Primary":{"Small":{"Height":75,"URL":"https://m.media-amazon.com/images/I/41YgF+IhaaL._SL75_.jpg","Width":75}}},"ItemInfo":{"ByLineInfo":{"Brand":{"DisplayValue":"STILORD","Label":"Brand","Locale":"es_ES"},"Manufacturer":{"DisplayValue":"STILORD","Label":"Manufacturer","Locale":"es_ES"}},"Title":{"DisplayValue":"STILORD 'Rick' Bolso de Mensajero o Bandolera de Piel Vintage Bolsa de portátil de 15.6' para Universidad Negocios o Profesor Maletín marrón de auténtico Cuero, Color:Cognac marrón Oscuro","Label":"Title","Locale":"es_ES"}},"Offers":{"Summaries":[{"Condition":{"Value":"New"},"LowestPrice":{"Amount":147.9,"Currency":"EUR","DisplayAmount":"147,90 €"}}]}},{"ASIN":"B0999R37HD","DetailPageURL":"https://www.amazon.es/dp/B0999R37HD?tag=topinalambricos-21&linkCode=osi&th=1&psc=1","Images":{"Primary":{"Small":{"Height":75,"URL":"https://m.media-amazon.com/images/I/41I7mIFBqnS._SL75_.jpg","Width":75}}},"ItemInfo":{"ByLineInfo":{"Brand":{"DisplayValue":"STILORD","Label":"Brand","Locale":"es_ES"},"Manufacturer":{"DisplayValue":"STILORD","Label":"Manufacturer","Locale":"es_ES"}},"Title":{"DisplayValue":"STILORD 'Kylie' Maletín Mujer Trabajo Cuero Bolso de Negocios Vintage Bolsa para Portátil de 13,3' Bolso Bandolera de Auténtica Piel, Color:marrón Oscuro","Label":"Title","Locale":"es_ES"}},"Offers":{"Summaries":[{"Condition":{"Value":"New"},"LowestPrice":{"Amount":139.9,"Currency":"EUR","DisplayAmount":"139,90 €"}}]}},{"ASIN":"B08TX3L2JM","DetailPageURL":"https://www.amazon.es/dp/B08TX3L2JM?tag=topinalambricos-21&linkCode=osi&th=1&psc=1","Images":{"Primary":{"Small":{"Height":75,"URL":"https://m.media-amazon.com/images/I/31zEUKv6VGL._SL75_.jpg","Width":75}}},"ItemInfo":{"ByLineInfo":{"Brand":{"DisplayValue":"DON ALGODON","Label":"Brand","Locale":"es_ES"},"Manufacturer":{"DisplayValue":"BlueBags","Label":"Manufacturer","Locale":"es_ES"}},"Title":{"DisplayValue":"DON ALGODON Zita, Bolso Mujer, Negro, 30 x 9.5 x 19 cm","Label":"Title","Locale":"es_ES"}},"Offers":{"Summaries":[{"Condition":{"Value":"New"},"LowestPrice":{"Amount":25.04,"Currency":"EUR","DisplayAmount":"25,04 €"}}]}}],"SearchURL":"https://www.amazon.es/s?k=maletin+cuero&rh=n%3A2007973031%2Cp_n_availability%3A-1&tag=topinalambricos-21&linkCode=osi","TotalResultCount":9926}},"165":{"SearchResult":{"Items":[{"ASIN":"B01NCYV2T0","DetailPageURL":"https://www.amazon.es/dp/B01NCYV2T0?tag=topinalambricos-21&linkCode=osi&th=1&psc=1","Images":{"Primary":{"Small":{"Height":75,"URL":"https://m.media-amazon.com/images/I/41B+W5XOCYL._SL75_.jpg","Width":66}}},"ItemInfo":{"ByLineInfo":{"Brand":{"DisplayValue":"ItalianHandbags","Label":"Brand","Locale":"es_ES"}},"Title":{"DisplayValue":"Trolley rígida maleta de cuero bolso de cuero de viaje hombre mujer marron bolso de cabina bolso de mano bolso con ruedas y asa bolso piel","Label":"Title","Locale":"es_ES"}},"Offers":{"Summaries":[{"Condition":{"Value":"New"},"LowestPrice":{"Amount":590.0,"Currency":"EUR","DisplayAmount":"590,00 €"}}]}},{"ASIN":"B082WWJ53P","DetailPageURL":"https://www.amazon.es/dp/B082WWJ53P?tag=topinalambricos-21&linkCode=osi&th=1&psc=1","Images":{"Primary":{"Small":{"Height":75,"URL":"https://m.media-amazon.com/images/I/41bcAkwkRBL._SL75_.jpg","Width":56}}},"ItemInfo":{"ByLineInfo":{"Brand":{"DisplayValue":"ItalianHandbags","Label":"Brand","Locale":"es_ES"}},"Title":{"DisplayValue":"Maleta de avion in piel verde trolley rígida maleta de cuero bolso de cuero de viaje hombre mujer bolso de cabina bolso con ruedas","Label":"Title","Locale":"es_ES"}},"Offers":{"Summaries":[{"Condition":{"Value":"New"},"LowestPrice":{"Amount":440.0,"Currency":"EUR","DisplayAmount":"440,00 €"}}]}},{"ASIN":"B09JLLQZZF","DetailPageURL":"https://www.amazon.es/dp/B09JLLQZZF?tag=topinalambricos-21&linkCode=osi&th=1&psc=1","Images":{"Primary":{"Small":{"Height":75,"URL":"https://m.media-amazon.com/images/I/41P6Mc+ytVL._SL75_.jpg","Width":75}}},"ItemInfo":{"ByLineInfo":{"Brand":{"DisplayValue":"flintronic","Label":"Brand","Locale":"es_ES"},"Manufacturer":{"DisplayValue":"flintronic®-eu","Label":"Manufacturer","Locale":"es_ES"}},"Title":{"DisplayValue":"flintronic® Etiquetas de Equipaje, 2 PCS Etiquetas de Equipaje, Etiquetas de Identificación de Maleta, Etiquetas de Maletas de Equipaje, para Evitar la Pérdida de Bolsas y Maletas","Label":"Title","Locale":"es_ES"}},"Offers":{"Summaries":[{"Condition":{"Value":"New"},"LowestPrice":{"Amount":6.99,"Currency":"EUR","DisplayAmount":"6,99 € (3,50 € / unidad)","PricePerUnit":3.5}}]}},{"ASIN":"B07KHVHG5G","DetailPageURL":"https://www.amazon.es/dp/B07KHVHG5G?tag=topinalambricos-21&linkCode=osi&th=1&psc=1","Images":{"Primary":{"Small":{"Height":75,"URL":"https://m.media-amazon.com/images/I/41XS8G8lWML._SL75_.jpg","Width":75}}},"ItemInfo":{"ByLineInfo":{"Brand":{"DisplayValue":"STILORD","Label":"Brand","Locale":"es_ES"},"Manufacturer":{"DisplayValue":"STILORD","Label":"Manufacturer","Locale":"es_ES"}},"Title":{"DisplayValue":"STILORD 'Myles' Bolsa Deporte Hombre Grande Cuero Bolsa de Viaje Vintage Maleta de Mano para Vacaciones Equipaje de Piel Auténtico, Color:Kara - Cognac","Label":"Title","Locale":"es_ES"}},"Offers":{"Summaries":[{"Condition":{"Value":"New"},"LowestPrice":{"Amount":189.0,"Currency":"EUR","DisplayAmount":"189,00 €"}}]}},{"ASIN":"B07K78SJST","DetailPageURL":"https://www.amazon.es/dp/B07K78SJST?tag=topinalambricos-21&linkCode=osi&th=1&psc=1","Images":{"Primary":{"Small":{"Height":75,"URL":"https://m.media-amazon.com/images/I/41dOyO6BlnL._SL75_.jpg","Width":75}}},"ItemInfo":{"ByLineInfo":{"Brand":{"DisplayValue":"STILORD","Label":"Brand","Locale":"es_ES"},"Manufacturer":{"DisplayValue":"STILORD","Label":"Manufacturer","Locale":"es_ES"}},"Title":{"DisplayValue":"STILORD 'Keanu' Bolsa de Viaje Cuero Hombre Vintage Maleta de Mano Deporte Bolso para Equipaje de Cabina de de Piel auténtico, Color:Kara - Cognac","Label":"Title","Locale":"es_ES"}},"Offers":{"Summaries":[{"Condition":{"Value":"New"},"LowestPrice":{"Amount":159.9,"Currency":"EUR","DisplayAmount":"159,90 €"}}]}},{"ASIN":"B01JCWCZWM","DetailPageURL":"https://www.amazon.es/dp/B01JCWCZWM?tag=topinalambricos-21&linkCode=osi&th=1&psc=1","Images":{"Primary":{"Small":{"Height":75,"URL":"https://m.media-amazon.com/images/I/410h4wFLs0L._SL75_.jpg","Width":75}}},"ItemInfo":{"ByLineInfo":{"Brand":{"DisplayValue":"Jaald","Label":"Brand","Locale":"es_ES"}},"Title":{"DisplayValue":"Jaald 50 Cm Bolso Bolsa Viaje Veliz Equipaje De Cuero Piel Grande Vintage para Cabina Fin Semana Gimnasio Deportes Carry-On Hombre Y Mujer","Label":"Title","Locale":"es_ES"}},"Offers":{"Summaries":[{"Condition":{"Value":"New"},"LowestPrice":{"Amount":73.0,"Currency":"EUR","DisplayAmount":"73,00 €"}}]}},{"ASIN":"B09MHXN796","DetailPageURL":"https://www.amazon.es/dp/B09MHXN796?tag=topinalambricos-21&linkCode=osi&th=1&psc=1","Images":{"Primary":{"Small":{"Height":60,"URL":"https://m.media-amazon.com/images/I/41V8Uhv5VJL._SL75_.jpg","Width":75}}},"ItemInfo":{"ByLineInfo":{"Brand":{"DisplayValue":"Berliner Bags","Label":"Brand","Locale":"es_ES"}},"Title":{"DisplayValue":"Berliner Bags Bolso de Viajes de Cuero New York L para Viajar y para el Gimnasio Hombre Mujer Marrón Vintage Weekender 35L","Label":"Title","Locale":"es_ES"}},"Offers":{"Summaries":[{"Condition":{"Value":"New"},"LowestPrice":{"Amount":119.99,"Currency":"EUR","DisplayAmount":"119,99 €"}}]}},{"ASIN":"B07QC23SVN","DetailPageURL":"https://www.amazon.es/dp/B07QC23SVN?tag=topinalambricos-21&linkCode=osi&th=1&psc=1","Images":{"Primary":{"Small":{"Height":75,"URL":"https://m.media-amazon.com/images/I/410h4wFLs0L._SL75_.jpg","Width":75}}},"ItemInfo":{"ByLineInfo":{"Brand":{"DisplayValue":"Jaald","Label":"Brand","Locale":"es_ES"},"Manufacturer":{"DisplayValue":"Jaald","Label":"Manufacturer","Locale":"es_ES"}},"Title":{"DisplayValue":"Jaald 50 Cm Bolso Bolsa Viaje Veliz Equipaje De Cuero Piel Grande Vintage para Cabina Fin Semana Gimnasio Deportes Carry-On Hombre Y Mujer","Label":"Title","Locale":"es_ES"}},"Offers":{"Summaries":[{"Condition":{"Value":"New"},"LowestPrice":{"Amount":72.0,"Currency":"EUR","DisplayAmount":"72,00 €"}}]}},{"ASIN":"B09LCN31DG","DetailPageURL":"https://www.amazon.es/dp/B09LCN31DG?tag=topinalambricos-21&linkCode=osi&th=1&psc=1","Images":{"Primary":{"Small":{"Height":75,"URL":"https://m.media-amazon.com/images/I/41lMhtDIaEL._SL75_.jpg","Width":61}}},"ItemInfo":{"ByLineInfo":{"Brand":{"DisplayValue":"kwmobile","Label":"Brand","Locale":"es_ES"},"Manufacturer":{"DisplayValue":"KW-Commerce","Label":"Manufacturer","Locale":"es_ES"}},"Title":{"DisplayValue":"kwmobile 2X Etiqueta para Maleta - Tarjetas de identificación de Equipaje de Cuero sintético - Colgante para Viajes - Negro/Multicolor","Label":"Title","Locale":"es_ES"}},"Offers":{"Summaries":[{"Condition":{"Value":"New"},"LowestPrice":{"Amount":12.99,"Currency":"EUR","DisplayAmount":"12,99 €"}}]}},{"ASIN":"B00WELQMZK","DetailPageURL":"https://www.amazon.es/dp/B00WELQMZK?tag=topinalambricos-21&linkCode=osi&th=1&psc=1","Images":{"Primary":{"Small":{"Height":60,"URL":"https://m.media-amazon.com/images/I/31ym5P5UzRL._SL75_.jpg","Width":75}}},"ItemInfo":{"ByLineInfo":{"Brand":{"DisplayValue":"Gusti","Label":"Brand","Locale":"es_ES"},"Manufacturer":{"DisplayValue":"Gusti","Label":"Manufacturer","Locale":"es_ES"}},"Title":{"DisplayValue":"Bolso de Viaje Gusti - Ruben 36 litros Equipaje de Mano Bolsa de Viaje Maleta marrón Oscuro","Label":"Title","Locale":"es_ES"}},"Offers":{"Summaries":[{"Condition":{"Value":"New"},"LowestPrice":{"Amount":189.95,"Currency":"EUR","DisplayAmount":"189,95 €"}}]}}],"SearchURL":"https://www.amazon.es/s?k=maleta+viaje+cuero&rh=p_n_availability%3A-1&tag=topinalambricos-21&linkCode=osi","TotalResultCount":306}},"167":{"SearchResult":{"Items":[{"ASIN":"B08SCGRHFZ","DetailPageURL":"https://www.amazon.es/dp/B08SCGRHFZ?tag=topinalambricos-21&linkCode=osi&th=1&psc=1","Images":{"Primary":{"Small":{"Height":75,"URL":"https://m.media-amazon.com/images/I/615sMa93DcL._SL75_.jpg","Width":75}}},"ItemInfo":{"ByLineInfo":{"Brand":{"DisplayValue":"Lois","Label":"Brand","Locale":"es_ES"},"Contributors":[{"Locale":"es_ES","Name":"Lois","Role":"Diseñador","RoleType":"designer"}],"Manufacturer":{"DisplayValue":"LOIS","Label":"Manufacturer","Locale":"es_ES"}},"Title":{"DisplayValue":"Lois - Carteras para Hombre Piel - Cartera Hombre Marca Lois - Billeteras para Hombre con Compartimento para Tarjetas - Monedero Hombre Piel Autentica con Cremallera - Cartera Tarjetero Hombre, Negro","Label":"Title","Locale":"es_ES"}},"Offers":{"Summaries":[{"Condition":{"Value":"New"},"LowestPrice":{"Amount":29.99,"Currency":"EUR","DisplayAmount":"29,99 €"}}]}},{"ASIN":"B0193MLQHG","DetailPageURL":"https://www.amazon.es/dp/B0193MLQHG?tag=topinalambricos-21&linkCode=osi&th=1&psc=1","Images":{"Primary":{"Small":{"Height":75,"URL":"https://m.media-amazon.com/images/I/31mjQs60wIL._SL75_.jpg","Width":75}}},"ItemInfo":{"ByLineInfo":{"Brand":{"DisplayValue":"Bugatti","Label":"Brand","Locale":"es_ES"}},"Title":{"DisplayValue":"bugatti Volo Cartera piel 10 cm marrón","Label":"Title","Locale":"es_ES"}},"Offers":{"Summaries":[{"Condition":{"Value":"New"},"LowestPrice":{"Amount":29.95,"Currency":"EUR","DisplayAmount":"29,95 €"}}]}},{"ASIN":"B00X0W9X26","DetailPageURL":"https://www.amazon.es/dp/B00X0W9X26?tag=topinalambricos-21&linkCode=osi&th=1&psc=1","Images":{"Primary":{"Small":{"Height":59,"URL":"https://m.media-amazon.com/images/I/3118TeEP87L._SL75_.jpg","Width":75}}},"ItemInfo":{"ByLineInfo":{"Brand":{"DisplayValue":"Tommy Hilfiger","Label":"Brand","Locale":"es_ES"},"Manufacturer":{"DisplayValue":"T.H. Deutschland GmbH","Label":"Manufacturer","Locale":"es_ES"}},"Title":{"DisplayValue":"Tommy Hilfiger Tarjetero Hombre Eton Cc Holder de Cuero, Marrón(Brown), Onesize","Label":"Title","Locale":"es_ES"}},"Offers":{"Summaries":[{"Condition":{"Value":"New"},"LowestPrice":{"Amount":34.51,"Currency":"EUR","DisplayAmount":"34,51 €"}}]}},{"ASIN":"B08RR7JF1X","DetailPageURL":"https://www.amazon.es/dp/B08RR7JF1X?tag=topinalambricos-21&linkCode=osi&th=1&psc=1","Images":{"Primary":{"Small":{"Height":75,"URL":"https://m.media-amazon.com/images/I/31RWQJQNTVL._SL75_.jpg","Width":75}}},"ItemInfo":{"ByLineInfo":{"Brand":{"DisplayValue":"Coronel Tapiocca","Label":"Brand","Locale":"es_ES"},"Manufacturer":{"DisplayValue":"Bluebags","Label":"Manufacturer","Locale":"es_ES"}},"Title":{"DisplayValue":"Coronel Tapioca - Carteras para hombre - Cartera hombre con monedero - Monedero hombre casual - Cartera tarjetero hombre gran capacidad, Negro","Label":"Title","Locale":"es_ES"}},"Offers":{"Summaries":[{"Condition":{"Value":"New"},"LowestPrice":{"Amount":24.59,"Currency":"EUR","DisplayAmount":"24,59 €"}}]}},{"ASIN":"B08SCGH1LH","DetailPageURL":"https://www.amazon.es/dp/B08SCGH1LH?tag=topinalambricos-21&linkCode=osi&th=1&psc=1","Images":{"Primary":{"Small":{"Height":75,"URL":"https://m.media-amazon.com/images/I/51U1u4MBt1L._SL75_.jpg","Width":75}}},"ItemInfo":{"ByLineInfo":{"Brand":{"DisplayValue":"Lois","Label":"Brand","Locale":"es_ES"},"Contributors":[{"Locale":"es_ES","Name":"Lois","Role":"Diseñador","RoleType":"designer"}],"Manufacturer":{"DisplayValue":"LOIS","Label":"Manufacturer","Locale":"es_ES"}},"Title":{"DisplayValue":"Lois - Carteras para Hombre Piel - Cartera Hombre Marca Lois - Billeteras para Hombre con Compartimento para Tarjetas - Monedero Hombre Piel Autentica con Cremallera - Cartera Tarjetero Hombre, Negro","Label":"Title","Locale":"es_ES"}},"Offers":{"Summaries":[{"Condition":{"Value":"New"},"LowestPrice":{"Amount":32.99,"Currency":"EUR","DisplayAmount":"32,99 €"}}]}},{"ASIN":"B08537FRWR","DetailPageURL":"https://www.amazon.es/dp/B08537FRWR?tag=topinalambricos-21&linkCode=osi&th=1&psc=1","Images":{"Primary":{"Small":{"Height":75,"URL":"https://m.media-amazon.com/images/I/51qJVfLjTUL._SL75_.jpg","Width":75}}},"ItemInfo":{"ByLineInfo":{"Brand":{"DisplayValue":"Lois","Label":"Brand","Locale":"es_ES"},"Contributors":[{"Locale":"es_ES","Name":"Lois","Role":"Diseñador","RoleType":"designer"}],"Manufacturer":{"DisplayValue":"Lois","Label":"Manufacturer","Locale":"es_ES"}},"Title":{"DisplayValue":"Lois - Carteras para Hombre Piel - Cartera Hombre Marca Lois - Billeteras para Hombre con Compartimento para Tarjetas - Monedero Hombre Piel Autentica con Cremallera - Cartera Tarjetero, Marrón oscuro","Label":"Title","Locale":"es_ES"}},"Offers":{"Summaries":[{"Condition":{"Value":"New"},"LowestPrice":{"Amount":34.99,"Currency":"EUR","DisplayAmount":"34,99 €"}}]}},{"ASIN":"B08TBWNBP4","DetailPageURL":"https://www.amazon.es/dp/B08TBWNBP4?tag=topinalambricos-21&linkCode=osi&th=1&psc=1","Images":{"Primary":{"Small":{"Height":61,"URL":"https://m.media-amazon.com/images/I/51qvRFn0D8L._SL75_.jpg","Width":75}}},"ItemInfo":{"ByLineInfo":{"Brand":{"DisplayValue":"Calvin Klein","Label":"Brand","Locale":"es_ES"},"Manufacturer":{"DisplayValue":"PVH","Label":"Manufacturer","Locale":"es_ES"}},"Title":{"DisplayValue":"Calvin Klein Tarjetero de Calor 6 CC, Accesorio Billetera de Viaje para Hombre, Negro, Talla única","Label":"Title","Locale":"es_ES"}},"Offers":{"Summaries":[{"Condition":{"Value":"New"},"LowestPrice":{"Amount":37.91,"Currency":"EUR","DisplayAmount":"37,91 €"}}]}},{"ASIN":"B00JGMK8I2","DetailPageURL":"https://www.amazon.es/dp/B00JGMK8I2?tag=topinalambricos-21&linkCode=osi&th=1&psc=1","Images":{"Primary":{"Small":{"Height":75,"URL":"https://m.media-amazon.com/images/I/512kH6euJkL._SL75_.jpg","Width":73}}},"ItemInfo":{"ByLineInfo":{"Brand":{"DisplayValue":"Levi's","Label":"Brand","Locale":"es_ES"},"Manufacturer":{"DisplayValue":"LEVIS FOOTWEAR AND ACCESSORIES","Label":"Manufacturer","Locale":"es_ES"}},"Title":{"DisplayValue":"Levi's Vintage Two Horse Bifold, Monedero Unisex adulto, Negro, 2x10x11 cm (W x H x L)","Label":"Title","Locale":"es_ES"}},"Offers":{"Summaries":[{"Condition":{"Value":"New"},"LowestPrice":{"Amount":29.49,"Currency":"EUR","DisplayAmount":"29,49 €"}}]}},{"ASIN":"B00X0W9SGW","DetailPageURL":"https://www.amazon.es/dp/B00X0W9SGW?tag=topinalambricos-21&linkCode=osi&th=1&psc=1","Images":{"Primary":{"Small":{"Height":75,"URL":"https://m.media-amazon.com/images/I/318G7R87LTL._SL75_.jpg","Width":57}}},"ItemInfo":{"ByLineInfo":{"Brand":{"DisplayValue":"Tommy Hilfiger","Label":"Brand","Locale":"es_ES"},"Manufacturer":{"DisplayValue":"T.H. Deutschland GmbH","Label":"Manufacturer","Locale":"es_ES"}},"Title":{"DisplayValue":"Tommy Hilfiger Billetera Hombre Eton Trifold de Cuero, Negro (Black), Onesize","Label":"Title","Locale":"es_ES"}},"Offers":{"Summaries":[{"Condition":{"Value":"New"},"LowestPrice":{"Amount":51.99,"Currency":"EUR","DisplayAmount":"51,99 €"}}]}},{"ASIN":"B01N6XI9N5","DetailPageURL":"https://www.amazon.es/dp/B01N6XI9N5?tag=topinalambricos-21&linkCode=osi&th=1&psc=1","Images":{"Primary":{"Small":{"Height":75,"URL":"https://m.media-amazon.com/images/I/41B2fJYSHoL._SL75_.jpg","Width":55}}},"ItemInfo":{"ByLineInfo":{"Brand":{"DisplayValue":"Bugatti","Label":"Brand","Locale":"es_ES"}},"Title":{"DisplayValue":"Bugatti Romano Cartera Hombre Piel con Seguridad RFID y Monedero, Vertical - Marrón","Label":"Title","Locale":"es_ES"}},"Offers":{"Summaries":[{"Condition":{"Value":"New"},"LowestPrice":{"Amount":39.95,"Currency":"EUR","DisplayAmount":"39,95 €"}}]}}],"SearchURL":"https://www.amazon.es/s?k=cuero&rh=n%3A2008291031%2Cp_n_availability%3A-1&tag=topinalambricos-21&linkCode=osi","TotalResultCount":57950}},"168":{"SearchResult":{"Items":[{"ASIN":"B0193MLQHG","DetailPageURL":"https://www.amazon.es/dp/B0193MLQHG?tag=topinalambricos-21&linkCode=osi&th=1&psc=1","Images":{"Primary":{"Small":{"Height":75,"URL":"https://m.media-amazon.com/images/I/31mjQs60wIL._SL75_.jpg","Width":75}}},"ItemInfo":{"ByLineInfo":{"Brand":{"DisplayValue":"Bugatti","Label":"Brand","Locale":"es_ES"}},"Title":{"DisplayValue":"bugatti Volo Cartera piel 10 cm marrón","Label":"Title","Locale":"es_ES"}},"Offers":{"Summaries":[{"Condition":{"Value":"New"},"LowestPrice":{"Amount":29.95,"Currency":"EUR","DisplayAmount":"29,95 €"}}]}},{"ASIN":"B07RLQ5J4K","DetailPageURL":"https://www.amazon.es/dp/B07RLQ5J4K?tag=topinalambricos-21&linkCode=osi&th=1&psc=1","Images":{"Primary":{"Small":{"Height":75,"URL":"https://m.media-amazon.com/images/I/41lCOO4DVaL._SL75_.jpg","Width":60}}},"ItemInfo":{"ByLineInfo":{"Brand":{"DisplayValue":"FLW","Label":"Brand","Locale":"es_ES"},"Manufacturer":{"DisplayValue":"FLW","Label":"Manufacturer","Locale":"es_ES"}},"Title":{"DisplayValue":"Cartera de cuero marrón genuino para hombre hecha de cuero de vaca sólido con un scorpion","Label":"Title","Locale":"es_ES"}},"Offers":{"Summaries":[{"Condition":{"Value":"New"},"LowestPrice":{"Amount":19.0,"Currency":"EUR","DisplayAmount":"19,00 €"}}]}},{"ASIN":"B071FQV6GD","DetailPageURL":"https://www.amazon.es/dp/B071FQV6GD?tag=topinalambricos-21&linkCode=osi&th=1&psc=1","Images":{"Primary":{"Small":{"Height":42,"URL":"https://m.media-amazon.com/images/I/418SznGJcGL._SL75_.jpg","Width":75}}},"ItemInfo":{"ByLineInfo":{"Brand":{"DisplayValue":"HAPPER STUDIO","Label":"Brand","Locale":"es_ES"}},"Title":{"DisplayValue":"Marrón oscuro Cartera de piel. Apta para Tarjeta de Crédito, Efectivo o Carnet de Identidad. Bolsa Rústica Unisex.","Label":"Title","Locale":"es_ES"}},"Offers":{"Summaries":[{"Condition":{"Value":"New"},"LowestPrice":{"Amount":39.95,"Currency":"EUR","DisplayAmount":"39,95 €"}}]}},{"ASIN":"B08ZJPW2ZN","DetailPageURL":"https://www.amazon.es/dp/B08ZJPW2ZN?tag=topinalambricos-21&linkCode=osi&th=1&psc=1","Images":{"Primary":{"Small":{"Height":75,"URL":"https://m.media-amazon.com/images/I/51cQF+HYy9L._SL75_.jpg","Width":75}}},"ItemInfo":{"ByLineInfo":{"Brand":{"DisplayValue":"STILORD","Label":"Brand","Locale":"es_ES"},"Manufacturer":{"DisplayValue":"STILORD","Label":"Manufacturer","Locale":"es_ES"}},"Title":{"DisplayValue":"STILORD 'Derek' Cartera Hombre Pequeña Cuero Billetero RFID Bloqueo Monedero Tarjetero con NFC Protección Slim Wallet para Hombres Vera Piel, Color:Prestige - marrón","Label":"Title","Locale":"es_ES"}},"Offers":{"Summaries":[{"Condition":{"Value":"New"},"LowestPrice":{"Amount":44.97,"Currency":"EUR","DisplayAmount":"44,97 €"}}]}},{"ASIN":"B09CNJDLC9","DetailPageURL":"https://www.amazon.es/dp/B09CNJDLC9?tag=topinalambricos-21&linkCode=osi&th=1&psc=1","Images":{"Primary":{"Small":{"Height":75,"URL":"https://m.media-amazon.com/images/I/41Ql+94ZdYL._SL75_.jpg","Width":75}}},"ItemInfo":{"ByLineInfo":{"Brand":{"DisplayValue":"Pepe Jeans","Label":"Brand","Locale":"es_ES"}},"Title":{"DisplayValue":"Pepe Jeans Middle, Accesorio De Viaje Billetera Hombre, Marrón, 8.5x11.5x1 Cms","Label":"Title","Locale":"es_ES"}},"Offers":{"Summaries":[{"Condition":{"Value":"New"},"LowestPrice":{"Amount":39.99,"Currency":"EUR","DisplayAmount":"39,99 €"}}]}},{"ASIN":"B07JZJRWWT","DetailPageURL":"https://www.amazon.es/dp/B07JZJRWWT?tag=topinalambricos-21&linkCode=osi&th=1&psc=1","Images":{"Primary":{"Small":{"Height":75,"URL":"https://m.media-amazon.com/images/I/51jr8HNRjRL._SL75_.jpg","Width":75}}},"ItemInfo":{"ByLineInfo":{"Brand":{"DisplayValue":"STILORD","Label":"Brand","Locale":"es_ES"},"Manufacturer":{"DisplayValue":"STILORD","Label":"Manufacturer","Locale":"es_ES"}},"Title":{"DisplayValue":"STILORD 'Finley' Cartera de Cuero para Hombres Protección RFID y NFC con Botón Pulsador Billetera con protección, Color:marrón - Medio","Label":"Title","Locale":"es_ES"}},"Offers":{"Summaries":[{"Condition":{"Value":"New"},"LowestPrice":{"Amount":37.97,"Currency":"EUR","DisplayAmount":"37,97 €"}}]}},{"ASIN":"B082SMCVVR","DetailPageURL":"https://www.amazon.es/dp/B082SMCVVR?tag=topinalambricos-21&linkCode=osi&th=1&psc=1","Images":{"Primary":{"Small":{"Height":75,"URL":"https://m.media-amazon.com/images/I/41+grCJfSHL._SL75_.jpg","Width":75}}},"ItemInfo":{"ByLineInfo":{"Brand":{"DisplayValue":"Eono","Label":"Brand","Locale":"es_ES"}},"Title":{"DisplayValue":"Amazon Brand - Eono - Cartera de Cuero para Mujer y Hombre con diseño Plano y protección contra Lectura RFID (Cuero de napa marrón) (Piel de napa Vacuno marrón) (Cuero marrón Vintage/Aspecto Usado)","Label":"Title","Locale":"es_ES"}},"Offers":{"Summaries":[{"Condition":{"Value":"New"},"LowestPrice":{"Amount":19.99,"Currency":"EUR","DisplayAmount":"19,99 €"}}]}},{"ASIN":"B06WLNFRNH","DetailPageURL":"https://www.amazon.es/dp/B06WLNFRNH?tag=topinalambricos-21&linkCode=osi&th=1&psc=1","Images":{"Primary":{"Small":{"Height":75,"URL":"https://m.media-amazon.com/images/I/414if0Ey5zL._SL75_.jpg","Width":56}}},"ItemInfo":{"ByLineInfo":{"Brand":{"DisplayValue":"YOJAN PIEL","Label":"Brand","Locale":"es_ES"}},"Title":{"DisplayValue":"YOJAN PIEL | Cartera de Cuero Bandera de España en Piel de Ubrique | Complementos de Moda Unisex de Estilo Atemporal y Diseño Elegante Originales","Label":"Title","Locale":"es_ES"}},"Offers":{"Summaries":[{"Condition":{"Value":"New"},"LowestPrice":{"Amount":23.95,"Currency":"EUR","DisplayAmount":"23,95 €"}}]}},{"ASIN":"B084T3HPGX","DetailPageURL":"https://www.amazon.es/dp/B084T3HPGX?tag=topinalambricos-21&linkCode=osi&th=1&psc=1","Images":{"Primary":{"Small":{"Height":75,"URL":"https://m.media-amazon.com/images/I/41qJUQjX0QL._SL75_.jpg","Width":75}}},"ItemInfo":{"ByLineInfo":{"Brand":{"DisplayValue":"STILORD","Label":"Brand","Locale":"es_ES"},"Manufacturer":{"DisplayValue":"STILORD","Label":"Manufacturer","Locale":"es_ES"}},"Title":{"DisplayValue":"STILORD 'Cash' Mini Billetera Hombre Piel Estuche de Llaves de Cuero Vintage Organizador Monedero Pequeña con Cremallera Slim Wallet, Color:Kara - Cognac","Label":"Title","Locale":"es_ES"}},"Offers":{"Summaries":[{"Condition":{"Value":"New"},"LowestPrice":{"Amount":32.9,"Currency":"EUR","DisplayAmount":"32,90 €"}}]}},{"ASIN":"B01N9SIKAD","DetailPageURL":"https://www.amazon.es/dp/B01N9SIKAD?tag=topinalambricos-21&linkCode=osi&th=1&psc=1","Images":{"Primary":{"Small":{"Height":75,"URL":"https://m.media-amazon.com/images/I/51scrQvMY6L._SL75_.jpg","Width":75}}},"ItemInfo":{"ByLineInfo":{"Brand":{"DisplayValue":"STILORD","Label":"Brand","Locale":"es_ES"},"Manufacturer":{"DisplayValue":"STILORD","Label":"Manufacturer","Locale":"es_ES"}},"Title":{"DisplayValue":"STILORD 'Milo' Cartera Hombre Cuero Elegante para Tarjetas Billetes y Monedas Billetero Monedero de auténtica Piel, Color:marrón - Medio","Label":"Title","Locale":"es_ES"}},"Offers":{"Summaries":[{"Condition":{"Value":"New"},"LowestPrice":{"Amount":39.9,"Currency":"EUR","DisplayAmount":"39,90 €"}}]}}],"SearchURL":"https://www.amazon.es/s?k=cuero+artesanal&rh=n%3A2008291031%2Cp_n_availability%3A-1&tag=topinalambricos-21&linkCode=osi","TotalResultCount":360}},"169":{"SearchResult":{"Items":[{"ASIN":"B07H7XDD4P","DetailPageURL":"https://www.amazon.es/dp/B07H7XDD4P?tag=topinalambricos-21&linkCode=osi&th=1&psc=1","Images":{"Primary":{"Small":{"Height":75,"URL":"https://m.media-amazon.com/images/I/41-8bUkW6jL._SL75_.jpg","Width":75}}},"ItemInfo":{"ByLineInfo":{"Brand":{"DisplayValue":"STILORD","Label":"Brand","Locale":"es_ES"},"Manufacturer":{"DisplayValue":"STILORD","Label":"Manufacturer","Locale":"es_ES"}},"Title":{"DisplayValue":"STILORD 'Lorelai' Cartera Piel Mujer Monedero Grande Vintage Billetera para Tarjetas DNI Billetes de Cuero auténtico, Color:Nevada - marrón","Label":"Title","Locale":"es_ES"}},"Offers":{"Summaries":[{"Condition":{"Value":"New"},"LowestPrice":{"Amount":44.9,"Currency":"EUR","DisplayAmount":"44,90 €"}}]}},{"ASIN":"B09148MZF1","DetailPageURL":"https://www.amazon.es/dp/B09148MZF1?tag=topinalambricos-21&linkCode=osi&th=1&psc=1","Images":{"Primary":{"Small":{"Height":75,"URL":"https://m.media-amazon.com/images/I/51QGz9KERHL._SL75_.jpg","Width":75}}},"ItemInfo":{"ByLineInfo":{"Brand":{"DisplayValue":"STILORD","Label":"Brand","Locale":"es_ES"},"Manufacturer":{"DisplayValue":"STILORD","Label":"Manufacturer","Locale":"es_ES"}},"Title":{"DisplayValue":"STILORD 'Paris' Monedero Vintage Mujer Cuero Cartera RFID Billetera Tarjetero con NFC Protección Slim Wallet para Damas Bolsillo Pequeño Vera Piel, Color:Torino - marrón","Label":"Title","Locale":"es_ES"}},"Offers":{"Summaries":[{"Condition":{"Value":"New"},"LowestPrice":{"Amount":44.97,"Currency":"EUR","DisplayAmount":"44,97 €"}}]}},{"ASIN":"B075HCBX4G","DetailPageURL":"https://www.amazon.es/dp/B075HCBX4G?tag=topinalambricos-21&linkCode=osi&th=1&psc=1","Images":{"Primary":{"Small":{"Height":75,"URL":"https://m.media-amazon.com/images/I/51fS3FvEsZL._SL75_.jpg","Width":69}}},"ItemInfo":{"ByLineInfo":{"Brand":{"DisplayValue":"BelleBay","Label":"Brand","Locale":"es_ES"}},"Title":{"DisplayValue":"Hill Burry Cartera de Cuero para Mujer | Billetera - Monedero de Cuero Genuino con Aspecto Vintage | Mujeres - Hombre | XXL Largo Grande Capacidad (Verde)","Label":"Title","Locale":"es_ES"}},"Offers":{"Summaries":[{"Condition":{"Value":"New"},"LowestPrice":{"Amount":64.9,"Currency":"EUR","DisplayAmount":"64,90 €"}}]}},{"ASIN":"B06XK83MVW","DetailPageURL":"https://www.amazon.es/dp/B06XK83MVW?tag=topinalambricos-21&linkCode=osi&th=1&psc=1","Images":{"Primary":{"Small":{"Height":75,"URL":"https://m.media-amazon.com/images/I/4166ESZk4vL._SL75_.jpg","Width":75}}},"ItemInfo":{"ByLineInfo":{"Brand":{"DisplayValue":"ARTEYCUERO","Label":"Brand","Locale":"es_ES"}},"Title":{"DisplayValue":"Bolsa piel morada para tabaco de liar. Estuche pitillera para picadura. Tabaquera de cuero","Label":"Title","Locale":"es_ES"}},"Offers":{"Summaries":[{"Condition":{"Value":"New"},"LowestPrice":{"Amount":18.0,"Currency":"EUR","DisplayAmount":"18,00 €"}}]}},{"ASIN":"B07QH5FD3P","DetailPageURL":"https://www.amazon.es/dp/B07QH5FD3P?tag=topinalambricos-21&linkCode=osi&th=1&psc=1","Images":{"Primary":{"Small":{"Height":75,"URL":"https://m.media-amazon.com/images/I/51N2YgyZJ3L._SL75_.jpg","Width":75}}},"ItemInfo":{"ByLineInfo":{"Brand":{"DisplayValue":"TEUEN","Label":"Brand","Locale":"es_ES"}},"Title":{"DisplayValue":"Cartera Cuero Mujer Bloqueo RFID Monedero Piel Mujer Grande con Muchos Bolsillos, Billetera Larga Mujer con Cremallera 26 Ranuras para Tarjetas, Carteras de Piel para Dama XXL (Marrón1)","Label":"Title","Locale":"es_ES"}},"Offers":{"Summaries":[{"Condition":{"Value":"New"},"LowestPrice":{"Amount":29.99,"Currency":"EUR","DisplayAmount":"29,99 €"}}]}},{"ASIN":"B07K7CPP6S","DetailPageURL":"https://www.amazon.es/dp/B07K7CPP6S?tag=topinalambricos-21&linkCode=osi&th=1&psc=1","Images":{"Primary":{"Small":{"Height":75,"URL":"https://m.media-amazon.com/images/I/41hluaGeYWL._SL75_.jpg","Width":75}}},"ItemInfo":{"ByLineInfo":{"Brand":{"DisplayValue":"STILORD","Label":"Brand","Locale":"es_ES"},"Manufacturer":{"DisplayValue":"STILORD","Label":"Manufacturer","Locale":"es_ES"}},"Title":{"DisplayValue":"STILORD 'Lotta' Vintage Cartera de Cuero para Mujeres RFID Protector Monedero Femenino Billetera Señora para Tarjetas Billetes y Monedas con Caja de Regalo, Color:marrón - Medio","Label":"Title","Locale":"es_ES"}},"Offers":{"Summaries":[{"Condition":{"Value":"New"},"LowestPrice":{"Amount":39.97,"Currency":"EUR","DisplayAmount":"39,97 €"}}]}},{"ASIN":"B08CVSB2RL","DetailPageURL":"https://www.amazon.es/dp/B08CVSB2RL?tag=topinalambricos-21&linkCode=osi&th=1&psc=1","Images":{"Primary":{"Small":{"Height":75,"URL":"https://m.media-amazon.com/images/I/516MiL0XW9S._SL75_.jpg","Width":65}}},"ItemInfo":{"ByLineInfo":{"Brand":{"DisplayValue":"moonster","Label":"Brand","Locale":"es_ES"},"Manufacturer":{"DisplayValue":"Moonster Products Ltd","Label":"Manufacturer","Locale":"es_ES"}},"Title":{"DisplayValue":"moonster Cartera de Cuero para Mujer Tarjetero y Monedero de Cuero Genuino de Plena Flor Cartera de Mujer Artesanal - Bolsillo de Bloqueo RFID 2X Zip, 3X Abiertos, 1x Transparente 9X Ranuras","Label":"Title","Locale":"es_ES"}},"Offers":{"Summaries":[{"Condition":{"Value":"New"},"LowestPrice":{"Amount":19.95,"Currency":"EUR","DisplayAmount":"19,95 €"}}]}},{"ASIN":"B09KX6ZN1T","DetailPageURL":"https://www.amazon.es/dp/B09KX6ZN1T?tag=topinalambricos-21&linkCode=osi&th=1&psc=1","Images":{"Primary":{"Small":{"Height":75,"URL":"https://m.media-amazon.com/images/I/51E80OVFtYL._SL75_.jpg","Width":75}}},"ItemInfo":{"ByLineInfo":{"Brand":{"DisplayValue":"VOBUKE","Label":"Brand","Locale":"es_ES"}},"Title":{"DisplayValue":"VOBUKE Carteras de Mujer Cuero Auténtico Monedero Mujer pequeño con 7 Ranuras para Tarjetas Billetera Bloqueo RFID con Cremallera Btón de Presión Muchos Compartimento Billetera Corta (Marrón)","Label":"Title","Locale":"es_ES"}},"Offers":{"Summaries":[{"Condition":{"Value":"New"},"LowestPrice":{"Amount":18.99,"Currency":"EUR","DisplayAmount":"18,99 €"}}]}},{"ASIN":"B07T31B2QG","DetailPageURL":"https://www.amazon.es/dp/B07T31B2QG?tag=topinalambricos-21&linkCode=osi&th=1&psc=1","Images":{"Primary":{"Small":{"Height":75,"URL":"https://m.media-amazon.com/images/I/11EjeOzlMtL._SL75_.jpg","Width":60}}},"ItemInfo":{"ByLineInfo":{"Brand":{"DisplayValue":"BIBA","Label":"Brand","Locale":"es_ES"},"Manufacturer":{"DisplayValue":"United Bags Company S.L.","Label":"Manufacturer","Locale":"es_ES"}},"Title":{"DisplayValue":"BIBA | Cartera de Mujer de Cuero Genuino, Monedero Heritage Boston BT11, Cierre con Cremallera, Piel de Vaca Legítima, Color Marrón Oscuro","Label":"Title","Locale":"es_ES"}},"Offers":{"Summaries":[{"Condition":{"Value":"New"},"LowestPrice":{"Amount":39.0,"Currency":"EUR","DisplayAmount":"39,00 €"}}]}},{"ASIN":"B074PRCPDM","DetailPageURL":"https://www.amazon.es/dp/B074PRCPDM?tag=topinalambricos-21&linkCode=osi&th=1&psc=1","Images":{"Primary":{"Small":{"Height":59,"URL":"https://m.media-amazon.com/images/I/41INnlECY1L._SL75_.jpg","Width":75}}},"ItemInfo":{"ByLineInfo":{"Brand":{"DisplayValue":"Gusti","Label":"Brand","Locale":"es_ES"}},"Title":{"DisplayValue":"Gusti Monedero Cuero Linus Monedero portamonedas pequeño marrón Claro","Label":"Title","Locale":"es_ES"}},"Offers":{"Summaries":[{"Condition":{"Value":"New"},"LowestPrice":{"Amount":14.95,"Currency":"EUR","DisplayAmount":"14,95 €"}}]}}],"SearchURL":"https://www.amazon.es/s?k=cuero+artesanal&rh=n%3A11960916031%2Cp_n_availability%3A-1&tag=topinalambricos-21&linkCode=osi","TotalResultCount":242}},"170":{"SearchResult":{"Items":[{"ASIN":"B096CJ7RFG","DetailPageURL":"https://www.amazon.es/dp/B096CJ7RFG?tag=topinalambricos-21&linkCode=osi&th=1&psc=1","Images":{"Primary":{"Small":{"Height":75,"URL":"https://m.media-amazon.com/images/I/41e8ImMLlVL._SL75_.jpg","Width":75}}},"ItemInfo":{"ByLineInfo":{"Brand":{"DisplayValue":"Lois","Label":"Brand","Locale":"es_ES"},"Contributors":[{"Locale":"es_ES","Name":"Lois","Role":"Diseñador","RoleType":"designer"}],"Manufacturer":{"DisplayValue":"Lois","Label":"Manufacturer","Locale":"es_ES"}},"Title":{"DisplayValue":"Lois - Cartera de Mujer Pequeña con Bordados y Motivos Mandala de Marca LOIS. Nylon y Cuero Vegano PU con Cierre Cremallera y Botón. Protección Antiescaneo RFID 304414, Negro","Label":"Title","Locale":"es_ES"}},"Offers":{"Summaries":[{"Condition":{"Value":"New"},"LowestPrice":{"Amount":29.99,"Currency":"EUR","DisplayAmount":"29,99 €"}}]}},{"ASIN":"B0BMZD4TLS","DetailPageURL":"https://www.amazon.es/dp/B0BMZD4TLS?tag=topinalambricos-21&linkCode=osi&th=1&psc=1","Images":{"Primary":{"Small":{"Height":44,"URL":"https://m.media-amazon.com/images/I/41fL7zkqwAL._SL75_.jpg","Width":75}}},"ItemInfo":{"ByLineInfo":{"Brand":{"DisplayValue":"Pierre Cardin","Label":"Brand","Locale":"es_ES"}},"Title":{"DisplayValue":"Pierre Cardin Cartera de Mujer, niña, Bonita, Grande, espaciosa, Polipiel, Regalo,Cuero Sintetico,Piel, Cartera con Monedero, Porta Billetes, Cartera de Mujer, niña, Polipiel","Label":"Title","Locale":"es_ES"}},"Offers":{"Summaries":[{"Condition":{"Value":"New"},"LowestPrice":{"Amount":22.99,"Currency":"EUR","DisplayAmount":"22,99 €"}}]}},{"ASIN":"B09R2K3NSL","DetailPageURL":"https://www.amazon.es/dp/B09R2K3NSL?tag=topinalambricos-21&linkCode=osi&th=1&psc=1","Images":{"Primary":{"Small":{"Height":75,"URL":"https://m.media-amazon.com/images/I/51CmG6uQFBL._SL75_.jpg","Width":75}}},"ItemInfo":{"ByLineInfo":{"Brand":{"DisplayValue":"Lois","Label":"Brand","Locale":"es_ES"},"Contributors":[{"Locale":"es_ES","Name":"Lois","Role":"Diseñador","RoleType":"designer"}],"Manufacturer":{"DisplayValue":"Lois","Label":"Manufacturer","Locale":"es_ES"}},"Title":{"DisplayValue":"Lois - Carteras de Mujer de Marca - Eco Piel Monedero Mujer con Compartimentos y Cierre Central de Cremallera - Cartera Mujer Asa Adicional - Monedero Mujer Grande 310716, Natural","Label":"Title","Locale":"es_ES"}},"Offers":{"Summaries":[{"Condition":{"Value":"New"},"LowestPrice":{"Amount":34.99,"Currency":"EUR","DisplayAmount":"34,99 €"}}]}},{"ASIN":"B09NQ623N9","DetailPageURL":"https://www.amazon.es/dp/B09NQ623N9?tag=topinalambricos-21&linkCode=osi&th=1&psc=1","Images":{"Primary":{"Small":{"Height":59,"URL":"https://m.media-amazon.com/images/I/51yU-RKpQdL._SL75_.jpg","Width":75}}},"ItemInfo":{"ByLineInfo":{"Brand":{"DisplayValue":"Mandarina Duck","Label":"Brand","Locale":"es_ES"},"Manufacturer":{"DisplayValue":"Mandarina Duck","Label":"Manufacturer","Locale":"es_ES"}},"Title":{"DisplayValue":"Mandarina Duck Mellow Leather P10FZP70, Wallet, Mujer, Beige (Clay), Talla única","Label":"Title","Locale":"es_ES"}},"Offers":{"Summaries":[{"Condition":{"Value":"New"},"LowestPrice":{"Amount":55.88,"Currency":"EUR","DisplayAmount":"55,88 €"}}]}},{"ASIN":"B09JXNYN9D","DetailPageURL":"https://www.amazon.es/dp/B09JXNYN9D?tag=topinalambricos-21&linkCode=osi&th=1&psc=1","Images":{"Primary":{"Small":{"Height":39,"URL":"https://m.media-amazon.com/images/I/4139tnp-+BL._SL75_.jpg","Width":75}}},"ItemInfo":{"ByLineInfo":{"Brand":{"DisplayValue":"Pierre Cardin","Label":"Brand","Locale":"es_ES"}},"Title":{"DisplayValue":"Pierre Cardin Cartera de Mujer, Hermosa, Grande, Espacioso, Cuero,Regalo, Cartera con Monedero, Billetera para niña, Rojo,","Label":"Title","Locale":"es_ES"}},"Offers":{"Summaries":[{"Condition":{"Value":"New"},"LowestPrice":{"Amount":31.97,"Currency":"EUR","DisplayAmount":"31,97 €"}}]}},{"ASIN":"B0B461F2LR","DetailPageURL":"https://www.amazon.es/dp/B0B461F2LR?tag=topinalambricos-21&linkCode=osi&th=1&psc=1","Images":{"Primary":{"Small":{"Height":75,"URL":"https://m.media-amazon.com/images/I/21DY4AHPxCL._SL75_.jpg","Width":51}}},"ItemInfo":{"ByLineInfo":{"Brand":{"DisplayValue":"DON ALGODON","Label":"Brand","Locale":"es_ES"},"Manufacturer":{"DisplayValue":"DON ALGODON","Label":"Manufacturer","Locale":"es_ES"}},"Title":{"DisplayValue":"DON ALGODON Y Silvana, Monedero Mujer, Carteras De Con Tarjetero Beige, Beige","Label":"Title","Locale":"es_ES"}},"Offers":{"Summaries":[{"Condition":{"Value":"New"},"LowestPrice":{"Amount":18.99,"Currency":"EUR","DisplayAmount":"18,99 €"}}]}},{"ASIN":"B0BMZF8RZ1","DetailPageURL":"https://www.amazon.es/dp/B0BMZF8RZ1?tag=topinalambricos-21&linkCode=osi&th=1&psc=1","Images":{"Primary":{"Small":{"Height":40,"URL":"https://m.media-amazon.com/images/I/41to11kKGYL._SL75_.jpg","Width":75}}},"ItemInfo":{"ByLineInfo":{"Brand":{"DisplayValue":"Pierre Cardin","Label":"Brand","Locale":"es_ES"}},"Title":{"DisplayValue":"Pierre Cardin Cartera de Mujer, niña, Bonita, Grande, espaciosa, Polipiel, Regalo,Cuero Sintetico,Piel, Cartera con Monedero, Porta Billetes, Cartera de Mujer, niña, Polipiel","Label":"Title","Locale":"es_ES"}},"Offers":{"Summaries":[{"Condition":{"Value":"New"},"LowestPrice":{"Amount":26.97,"Currency":"EUR","DisplayAmount":"26,97 €"}}]}},{"ASIN":"B09XF92R9N","DetailPageURL":"https://www.amazon.es/dp/B09XF92R9N?tag=topinalambricos-21&linkCode=osi&th=1&psc=1","Images":{"Primary":{"Small":{"Height":75,"URL":"https://m.media-amazon.com/images/I/41PYmOUXV0L._SL75_.jpg","Width":75}}},"ItemInfo":{"ByLineInfo":{"Brand":{"DisplayValue":"Guess","Label":"Brand","Locale":"es_ES"},"Manufacturer":{"DisplayValue":"GUESS","Label":"Manufacturer","Locale":"es_ES"}},"Title":{"DisplayValue":"Guess Cartera aviana slg mini JB841444 lata/piedra","Label":"Title","Locale":"es_ES"}},"Offers":{"Summaries":[{"Condition":{"Value":"New"},"LowestPrice":{"Amount":42.86,"Currency":"EUR","DisplayAmount":"42,86 €"}}]}},{"ASIN":"B09SBJPJLS","DetailPageURL":"https://www.amazon.es/dp/B09SBJPJLS?tag=topinalambricos-21&linkCode=osi&th=1&psc=1","Images":{"Primary":{"Small":{"Height":75,"URL":"https://m.media-amazon.com/images/I/41w+n1hDbUL._SL75_.jpg","Width":75}}},"ItemInfo":{"ByLineInfo":{"Brand":{"DisplayValue":"STILORD","Label":"Brand","Locale":"es_ES"},"Manufacturer":{"DisplayValue":"STILORD","Label":"Manufacturer","Locale":"es_ES"}},"Title":{"DisplayValue":"STILORD 'Camille' Cartera Grande Mujer Piel Vintage Billetera con Monedero para Señoras Cartera Tarjetero Bloqueo RFID en Cuero Genuino, Color:Negro","Label":"Title","Locale":"es_ES"}},"Offers":{"Summaries":[{"Condition":{"Value":"New"},"LowestPrice":{"Amount":44.97,"Currency":"EUR","DisplayAmount":"44,97 €"}}]}},{"ASIN":"B09W1FRCMS","DetailPageURL":"https://www.amazon.es/dp/B09W1FRCMS?tag=topinalambricos-21&linkCode=osi&th=1&psc=1","Images":{"Primary":{"Small":{"Height":40,"URL":"https://m.media-amazon.com/images/I/41ytspn+AkL._SL75_.jpg","Width":75}}},"ItemInfo":{"ByLineInfo":{"Brand":{"DisplayValue":"Pierre Cardin","Label":"Brand","Locale":"es_ES"}},"Title":{"DisplayValue":"Cartera de Mujer PIERRE CARDIN, Hermoso, Grande, Espacioso, Cuero sintético, Regalo, Billetera con Monedero, Porta Billetes, Billetera niña, Cuero","Label":"Title","Locale":"es_ES"}},"Offers":{"Summaries":[{"Condition":{"Value":"New"},"LowestPrice":{"Amount":28.97,"Currency":"EUR","DisplayAmount":"28,97 €"}}]}}],"SearchURL":"https://www.amazon.es/s?k=cartera+cuero&rh=n%3A11960916031%2Cp_n_availability%3A-1&tag=topinalambricos-21&linkCode=osi","TotalResultCount":60158}},"172":{"SearchResult":{"Items":[{"ASIN":"B074PRBLCN","DetailPageURL":"https://www.amazon.es/dp/B074PRBLCN?tag=topinalambricos-21&linkCode=osi&th=1&psc=1","Images":{"Primary":{"Small":{"Height":60,"URL":"https://m.media-amazon.com/images/I/413xGkFiklL._SL75_.jpg","Width":75}}},"ItemInfo":{"ByLineInfo":{"Brand":{"DisplayValue":"Gusti","Label":"Brand","Locale":"es_ES"}},"Title":{"DisplayValue":"Gusti Monedero Cuero Linus Monedero portamonedas pequeño marrón Oscuro","Label":"Title","Locale":"es_ES"}},"Offers":{"Summaries":[{"Condition":{"Value":"New"},"LowestPrice":{"Amount":14.95,"Currency":"EUR","DisplayAmount":"14,95 €"}}]}},{"ASIN":"B09R2K3NSL","DetailPageURL":"https://www.amazon.es/dp/B09R2K3NSL?tag=topinalambricos-21&linkCode=osi&th=1&psc=1","Images":{"Primary":{"Small":{"Height":75,"URL":"https://m.media-amazon.com/images/I/51CmG6uQFBL._SL75_.jpg","Width":75}}},"ItemInfo":{"ByLineInfo":{"Brand":{"DisplayValue":"Lois","Label":"Brand","Locale":"es_ES"},"Contributors":[{"Locale":"es_ES","Name":"Lois","Role":"Diseñador","RoleType":"designer"}],"Manufacturer":{"DisplayValue":"Lois","Label":"Manufacturer","Locale":"es_ES"}},"Title":{"DisplayValue":"Lois - Carteras de Mujer de Marca - Eco Piel Monedero Mujer con Compartimentos y Cierre Central de Cremallera - Cartera Mujer Asa Adicional - Monedero Mujer Grande 310716, Natural","Label":"Title","Locale":"es_ES"}},"Offers":{"Summaries":[{"Condition":{"Value":"New"},"LowestPrice":{"Amount":34.99,"Currency":"EUR","DisplayAmount":"34,99 €"}}]}},{"ASIN":"B09SBJPJLS","DetailPageURL":"https://www.amazon.es/dp/B09SBJPJLS?tag=topinalambricos-21&linkCode=osi&th=1&psc=1","Images":{"Primary":{"Small":{"Height":75,"URL":"https://m.media-amazon.com/images/I/41w+n1hDbUL._SL75_.jpg","Width":75}}},"ItemInfo":{"ByLineInfo":{"Brand":{"DisplayValue":"STILORD","Label":"Brand","Locale":"es_ES"},"Manufacturer":{"DisplayValue":"STILORD","Label":"Manufacturer","Locale":"es_ES"}},"Title":{"DisplayValue":"STILORD 'Camille' Cartera Grande Mujer Piel Vintage Billetera con Monedero para Señoras Cartera Tarjetero Bloqueo RFID en Cuero Genuino, Color:Negro","Label":"Title","Locale":"es_ES"}},"Offers":{"Summaries":[{"Condition":{"Value":"New"},"LowestPrice":{"Amount":44.97,"Currency":"EUR","DisplayAmount":"44,97 €"}}]}},{"ASIN":"B09NQ623N9","DetailPageURL":"https://www.amazon.es/dp/B09NQ623N9?tag=topinalambricos-21&linkCode=osi&th=1&psc=1","Images":{"Primary":{"Small":{"Height":59,"URL":"https://m.media-amazon.com/images/I/51yU-RKpQdL._SL75_.jpg","Width":75}}},"ItemInfo":{"ByLineInfo":{"Brand":{"DisplayValue":"Mandarina Duck","Label":"Brand","Locale":"es_ES"},"Manufacturer":{"DisplayValue":"Mandarina Duck","Label":"Manufacturer","Locale":"es_ES"}},"Title":{"DisplayValue":"Mandarina Duck Mellow Leather P10FZP70, Wallet, Mujer, Beige (Clay), Talla única","Label":"Title","Locale":"es_ES"}},"Offers":{"Summaries":[{"Condition":{"Value":"New"},"LowestPrice":{"Amount":55.88,"Currency":"EUR","DisplayAmount":"55,88 €"}}]}},{"ASIN":"B0B461F2LR","DetailPageURL":"https://www.amazon.es/dp/B0B461F2LR?tag=topinalambricos-21&linkCode=osi&th=1&psc=1","Images":{"Primary":{"Small":{"Height":75,"URL":"https://m.media-amazon.com/images/I/21DY4AHPxCL._SL75_.jpg","Width":51}}},"ItemInfo":{"ByLineInfo":{"Brand":{"DisplayValue":"DON ALGODON","Label":"Brand","Locale":"es_ES"},"Manufacturer":{"DisplayValue":"DON ALGODON","Label":"Manufacturer","Locale":"es_ES"}},"Title":{"DisplayValue":"DON ALGODON Y Silvana, Monedero Mujer, Carteras De Con Tarjetero Beige, Beige","Label":"Title","Locale":"es_ES"}},"Offers":{"Summaries":[{"Condition":{"Value":"New"},"LowestPrice":{"Amount":18.99,"Currency":"EUR","DisplayAmount":"18,99 €"}}]}},{"ASIN":"B0B77ZYQ5V","DetailPageURL":"https://www.amazon.es/dp/B0B77ZYQ5V?tag=topinalambricos-21&linkCode=osi&th=1&psc=1","Images":{"Primary":{"Small":{"Height":75,"URL":"https://m.media-amazon.com/images/I/51slC3NrjsL._SL75_.jpg","Width":75}}},"ItemInfo":{"ByLineInfo":{"Brand":{"DisplayValue":"Lois","Label":"Brand","Locale":"es_ES"},"Contributors":[{"Locale":"es_ES","Name":"Lois","Role":"Diseñador","RoleType":"designer"}],"Manufacturer":{"DisplayValue":"Lois","Label":"Manufacturer","Locale":"es_ES"}},"Title":{"DisplayValue":"Lois - Bolso de Mano Mujer - Carteras de Mujer Marca Lois - Cartera de Mujer de Polipiel. Cartera de Mano. Monedero Mujer - Cartera Mujer Asa Adicional - Monedero Mujer Grande 310719, Marron","Label":"Title","Locale":"es_ES"}},"Offers":{"Summaries":[{"Condition":{"Value":"New"},"LowestPrice":{"Amount":34.99,"Currency":"EUR","DisplayAmount":"34,99 €"}}]}},{"ASIN":"B0BFH5DCBL","DetailPageURL":"https://www.amazon.es/dp/B0BFH5DCBL?tag=topinalambricos-21&linkCode=osi&th=1&psc=1","Images":{"Primary":{"Small":{"Height":75,"URL":"https://m.media-amazon.com/images/I/41U7lyq4QUL._SL75_.jpg","Width":75}}},"ItemInfo":{"ByLineInfo":{"Brand":{"DisplayValue":"Lois","Label":"Brand","Locale":"es_ES"},"Contributors":[{"Locale":"es_ES","Name":"Lois","Role":"Diseñador","RoleType":"designer"}],"Manufacturer":{"DisplayValue":"Lois","Label":"Manufacturer","Locale":"es_ES"}},"Title":{"DisplayValue":"Lois - Carteras de Mujer - Monedero Mujer con 3 Compartimentos. Cartera Mujer con Cierre Central de Cremallera - Cartera Mujer Piel Sintetica - Monedero Mujer Grande 316216, Taupe","Label":"Title","Locale":"es_ES"}},"Offers":{"Summaries":[{"Condition":{"Value":"New"},"LowestPrice":{"Amount":38.99,"Currency":"EUR","DisplayAmount":"38,99 €"}}]}},{"ASIN":"B09NQJP6CY","DetailPageURL":"https://www.amazon.es/dp/B09NQJP6CY?tag=topinalambricos-21&linkCode=osi&th=1&psc=1","Images":{"Primary":{"Small":{"Height":75,"URL":"https://m.media-amazon.com/images/I/41eH0JYgXWL._SL75_.jpg","Width":75}}},"ItemInfo":{"ByLineInfo":{"Brand":{"DisplayValue":"STILORD","Label":"Brand","Locale":"es_ES"},"Manufacturer":{"DisplayValue":"STILORD","Label":"Manufacturer","Locale":"es_ES"}},"Title":{"DisplayValue":"STILORD 'Alyssa' Cartera de Cuero Móvil para Damas RFID Vintage Billetera Protección NFC Cartera Tarjetero para Apple iPhone Pro 13 de 6,1' Piel Auténtica, Color:Kara - Cognac","Label":"Title","Locale":"es_ES"}},"Offers":{"Summaries":[{"Condition":{"Value":"New"},"LowestPrice":{"Amount":44.97,"Currency":"EUR","DisplayAmount":"44,97 €"}}]}},{"ASIN":"B09W1FRCMS","DetailPageURL":"https://www.amazon.es/dp/B09W1FRCMS?tag=topinalambricos-21&linkCode=osi&th=1&psc=1","Images":{"Primary":{"Small":{"Height":40,"URL":"https://m.media-amazon.com/images/I/41ytspn+AkL._SL75_.jpg","Width":75}}},"ItemInfo":{"ByLineInfo":{"Brand":{"DisplayValue":"Pierre Cardin","Label":"Brand","Locale":"es_ES"}},"Title":{"DisplayValue":"Cartera de Mujer PIERRE CARDIN, Hermoso, Grande, Espacioso, Cuero sintético, Regalo, Billetera con Monedero, Porta Billetes, Billetera niña, Cuero","Label":"Title","Locale":"es_ES"}},"Offers":{"Summaries":[{"Condition":{"Value":"New"},"LowestPrice":{"Amount":28.97,"Currency":"EUR","DisplayAmount":"28,97 €"}}]}},{"ASIN":"B0BMZF8RZ1","DetailPageURL":"https://www.amazon.es/dp/B0BMZF8RZ1?tag=topinalambricos-21&linkCode=osi&th=1&psc=1","Images":{"Primary":{"Small":{"Height":40,"URL":"https://m.media-amazon.com/images/I/41to11kKGYL._SL75_.jpg","Width":75}}},"ItemInfo":{"ByLineInfo":{"Brand":{"DisplayValue":"Pierre Cardin","Label":"Brand","Locale":"es_ES"}},"Title":{"DisplayValue":"Pierre Cardin Cartera de Mujer, niña, Bonita, Grande, espaciosa, Polipiel, Regalo,Cuero Sintetico,Piel, Cartera con Monedero, Porta Billetes, Cartera de Mujer, niña, Polipiel","Label":"Title","Locale":"es_ES"}},"Offers":{"Summaries":[{"Condition":{"Value":"New"},"LowestPrice":{"Amount":26.97,"Currency":"EUR","DisplayAmount":"26,97 €"}}]}}],"SearchURL":"https://www.amazon.es/s?k=monedero+cuero&rh=n%3A11960916031%2Cp_n_availability%3A-1&tag=topinalambricos-21&linkCode=osi","TotalResultCount":60715}},"173":{"SearchResult":{"Items":[{"ASIN":"B0B68LNL8M","DetailPageURL":"https://www.amazon.es/dp/B0B68LNL8M?tag=topinalambricos-21&linkCode=osi&th=1&psc=1","Images":{"Primary":{"Small":{"Height":75,"URL":"https://m.media-amazon.com/images/I/41ctB1E609L._SL75_.jpg","Width":75}}},"ItemInfo":{"ByLineInfo":{"Brand":{"DisplayValue":"Pepe Jeans","Label":"Brand","Locale":"es_ES"},"Manufacturer":{"DisplayValue":"PEPE JEANS","Label":"Manufacturer","Locale":"es_ES"}},"Title":{"DisplayValue":"Pepe Jeans Kingdom, Accesorio De Viaje Billetera Hombre, Negro (Black), Única","Label":"Title","Locale":"es_ES"}},"Offers":{"Summaries":[{"Condition":{"Value":"New"},"LowestPrice":{"Amount":39.99,"Currency":"EUR","DisplayAmount":"39,99 €"}}]}},{"ASIN":"B00X0W9O1Q","DetailPageURL":"https://www.amazon.es/dp/B00X0W9O1Q?tag=topinalambricos-21&linkCode=osi&th=1&psc=1","Images":{"Primary":{"Small":{"Height":75,"URL":"https://m.media-amazon.com/images/I/31bnKuc70KL._SL75_.jpg","Width":57}}},"ItemInfo":{"ByLineInfo":{"Brand":{"DisplayValue":"Tommy Hilfiger","Label":"Brand","Locale":"es_ES"},"Manufacturer":{"DisplayValue":"T.H. Deutschland GmbH","Label":"Manufacturer","Locale":"es_ES"}},"Title":{"DisplayValue":"Tommy Hilfiger Billetera Hombre Johnson Mini Cc Flap Coin Pocket de Cuero, Negro (Black), Onesize","Label":"Title","Locale":"es_ES"}},"Offers":{"Summaries":[{"Condition":{"Value":"New"},"LowestPrice":{"Amount":42.99,"Currency":"EUR","DisplayAmount":"42,99 €"}}]}},{"ASIN":"B0193MLQHG","DetailPageURL":"https://www.amazon.es/dp/B0193MLQHG?tag=topinalambricos-21&linkCode=osi&th=1&psc=1","Images":{"Primary":{"Small":{"Height":75,"URL":"https://m.media-amazon.com/images/I/31mjQs60wIL._SL75_.jpg","Width":75}}},"ItemInfo":{"ByLineInfo":{"Brand":{"DisplayValue":"Bugatti","Label":"Brand","Locale":"es_ES"}},"Title":{"DisplayValue":"bugatti Volo Cartera piel 10 cm marrón","Label":"Title","Locale":"es_ES"}},"Offers":{"Summaries":[{"Condition":{"Value":"New"},"LowestPrice":{"Amount":29.95,"Currency":"EUR","DisplayAmount":"29,95 €"}}]}},{"ASIN":"B09GH5JGLX","DetailPageURL":"https://www.amazon.es/dp/B09GH5JGLX?tag=topinalambricos-21&linkCode=osi&th=1&psc=1","Images":{"Primary":{"Small":{"Height":75,"URL":"https://m.media-amazon.com/images/I/51NuXb7W7xL._SL75_.jpg","Width":75}}},"ItemInfo":{"ByLineInfo":{"Brand":{"DisplayValue":"Lois","Label":"Brand","Locale":"es_ES"},"Contributors":[{"Locale":"es_ES","Name":"Lois","Role":"Diseñador","RoleType":"designer"}],"Manufacturer":{"DisplayValue":"LOIS","Label":"Manufacturer","Locale":"es_ES"}},"Title":{"DisplayValue":"Lois - Carteras para Hombre Piel - Cartera Hombre Marca Lois - Billeteras para Hombre con Compartimento para Tarjetas - Monedero Hombre Piel Autentica con Cremallera - Cartera Tarjetero Hom, Negro-Tan","Label":"Title","Locale":"es_ES"}},"Offers":{"Summaries":[{"Condition":{"Value":"New"},"LowestPrice":{"Amount":32.99,"Currency":"EUR","DisplayAmount":"32,99 €"}}]}},{"ASIN":"B08RQP2NRX","DetailPageURL":"https://www.amazon.es/dp/B08RQP2NRX?tag=topinalambricos-21&linkCode=osi&th=1&psc=1","Images":{"Primary":{"Small":{"Height":75,"URL":"https://m.media-amazon.com/images/I/313Z32ulNWL._SL75_.jpg","Width":75}}},"ItemInfo":{"ByLineInfo":{"Brand":{"DisplayValue":"Coronel Tapiocca","Label":"Brand","Locale":"es_ES"},"Manufacturer":{"DisplayValue":"Bluebags","Label":"Manufacturer","Locale":"es_ES"}},"Title":{"DisplayValue":"Coronel Tapioca - Carteras para Hombre - Cartera Hombre con Monedero - Monedero Hombre Casual - Cartera Tarjetero Hombre Gran Capacidad, Marron","Label":"Title","Locale":"es_ES"}},"Offers":{"Summaries":[{"Condition":{"Value":"New"},"LowestPrice":{"Amount":14.73,"Currency":"EUR","DisplayAmount":"14,73 €"}}]}},{"ASIN":"B0B68FVMJH","DetailPageURL":"https://www.amazon.es/dp/B0B68FVMJH?tag=topinalambricos-21&linkCode=osi&th=1&psc=1","Images":{"Primary":{"Small":{"Height":75,"URL":"https://m.media-amazon.com/images/I/41IQ-VD2S9L._SL75_.jpg","Width":75}}},"ItemInfo":{"ByLineInfo":{"Brand":{"DisplayValue":"Pepe Jeans","Label":"Brand","Locale":"es_ES"},"Manufacturer":{"DisplayValue":"PEPE JEANS","Label":"Manufacturer","Locale":"es_ES"}},"Title":{"DisplayValue":"Pepe Jeans Chief, Accesorio De Viaje Billetera Hombre, Azul (Blue), Única","Label":"Title","Locale":"es_ES"}},"Offers":{"Summaries":[{"Condition":{"Value":"New"},"LowestPrice":{"Amount":25.0,"Currency":"EUR","DisplayAmount":"25,00 €"}}]}},{"ASIN":"B07J5JKFTV","DetailPageURL":"https://www.amazon.es/dp/B07J5JKFTV?tag=topinalambricos-21&linkCode=osi&th=1&psc=1","Images":{"Primary":{"Small":{"Height":75,"URL":"https://m.media-amazon.com/images/I/21Erv30DnPL._SL75_.jpg","Width":57}}},"ItemInfo":{"ByLineInfo":{"Brand":{"DisplayValue":"Calvin Klein","Label":"Brand","Locale":"es_ES"},"Manufacturer":{"DisplayValue":"Calvin Klein","Label":"Manufacturer","Locale":"es_ES"}},"Title":{"DisplayValue":"Calvin Klein - Smooth W Plaque 5 CC Coin, Monederos Hombre, Negro (Black), 0.1x0.1x0.1 cm (B x H T)","Label":"Title","Locale":"es_ES"}},"Offers":{"Summaries":[{"Condition":{"Value":"New"},"LowestPrice":{"Amount":49.99,"Currency":"EUR","DisplayAmount":"49,99 €"}}]}},{"ASIN":"B08ZJPW2ZN","DetailPageURL":"https://www.amazon.es/dp/B08ZJPW2ZN?tag=topinalambricos-21&linkCode=osi&th=1&psc=1","Images":{"Primary":{"Small":{"Height":75,"URL":"https://m.media-amazon.com/images/I/51cQF+HYy9L._SL75_.jpg","Width":75}}},"ItemInfo":{"ByLineInfo":{"Brand":{"DisplayValue":"STILORD","Label":"Brand","Locale":"es_ES"},"Manufacturer":{"DisplayValue":"STILORD","Label":"Manufacturer","Locale":"es_ES"}},"Title":{"DisplayValue":"STILORD 'Derek' Cartera Hombre Pequeña Cuero Billetero RFID Bloqueo Monedero Tarjetero con NFC Protección Slim Wallet para Hombres Vera Piel, Color:Prestige - marrón","Label":"Title","Locale":"es_ES"}},"Offers":{"Summaries":[{"Condition":{"Value":"New"},"LowestPrice":{"Amount":44.97,"Currency":"EUR","DisplayAmount":"44,97 €"}}]}},{"ASIN":"B093LHY2YF","DetailPageURL":"https://www.amazon.es/dp/B093LHY2YF?tag=topinalambricos-21&linkCode=osi&th=1&psc=1","Images":{"Primary":{"Small":{"Height":75,"URL":"https://m.media-amazon.com/images/I/31iyh0zTnHL._SL75_.jpg","Width":75}}},"ItemInfo":{"ByLineInfo":{"Brand":{"DisplayValue":"FIONCCI","Label":"Brand","Locale":"es_ES"}},"Title":{"DisplayValue":"Monedero Mujer y Hombre Piel Auténtica Color Negro - Tarjetero Monedero Llavero","Label":"Title","Locale":"es_ES"}},"Offers":{"Summaries":[{"Condition":{"Value":"New"},"LowestPrice":{"Amount":8.95,"Currency":"EUR","DisplayAmount":"8,95 €"}}]}},{"ASIN":"B0B5HJLFRV","DetailPageURL":"https://www.amazon.es/dp/B0B5HJLFRV?tag=topinalambricos-21&linkCode=osi&th=1&psc=1","Images":{"Primary":{"Small":{"Height":50,"URL":"https://m.media-amazon.com/images/I/31pLPMsXXgL._SL75_.jpg","Width":75}}},"ItemInfo":{"ByLineInfo":{"Brand":{"DisplayValue":"Pierre Cardin","Label":"Brand","Locale":"es_ES"},"Manufacturer":{"DisplayValue":"Genovese Pelletterie Srl","Label":"Manufacturer","Locale":"es_ES"}},"Title":{"DisplayValue":"Monedero de cuero para hombre, tarjetas de crédito, tarjetero color negro","Label":"Title","Locale":"es_ES"}},"Offers":{"Summaries":[{"Condition":{"Value":"New"},"LowestPrice":{"Amount":24.9,"Currency":"EUR","DisplayAmount":"24,90 €"}}]}}],"SearchURL":"https://www.amazon.es/s?k=monedero+cuero&rh=n%3A11960908031%2Cp_n_availability%3A-1&tag=topinalambricos-21&linkCode=osi","TotalResultCount":53168}},"174":{"SearchResult":{"Items":[{"ASIN":"B074PRCPDM","DetailPageURL":"https://www.amazon.es/dp/B074PRCPDM?tag=topinalambricos-21&linkCode=osi&th=1&psc=1","Images":{"Primary":{"Small":{"Height":59,"URL":"https://m.media-amazon.com/images/I/41INnlECY1L._SL75_.jpg","Width":75}}},"ItemInfo":{"ByLineInfo":{"Brand":{"DisplayValue":"Gusti","Label":"Brand","Locale":"es_ES"}},"Title":{"DisplayValue":"Gusti Monedero Cuero Linus Monedero portamonedas pequeño marrón Claro","Label":"Title","Locale":"es_ES"}},"Offers":{"Summaries":[{"Condition":{"Value":"New"},"LowestPrice":{"Amount":14.95,"Currency":"EUR","DisplayAmount":"14,95 €"}}]}},{"ASIN":"B08C7Y3ZKR","DetailPageURL":"https://www.amazon.es/dp/B08C7Y3ZKR?tag=topinalambricos-21&linkCode=osi&th=1&psc=1","Images":{"Primary":{"Small":{"Height":75,"URL":"https://m.media-amazon.com/images/I/31n5SPU++eS._SL75_.jpg","Width":72}}},"ItemInfo":{"ByLineInfo":{"Brand":{"DisplayValue":"Coronel Tapiocca","Label":"Brand","Locale":"es_ES"},"Manufacturer":{"DisplayValue":"Bluebags","Label":"Manufacturer","Locale":"es_ES"}},"Title":{"DisplayValue":"Coronel Tapiocca Monedero Albina, Equipaje De Mano Mujer, Kaki, Monedero","Label":"Title","Locale":"es_ES"}},"Offers":{"Summaries":[{"Condition":{"Value":"New"},"LowestPrice":{"Amount":11.38,"Currency":"EUR","DisplayAmount":"11,38 €"}}]}},{"ASIN":"B09YHZ7TQM","DetailPageURL":"https://www.amazon.es/dp/B09YHZ7TQM?tag=topinalambricos-21&linkCode=osi&th=1&psc=1","Images":{"Primary":{"Small":{"Height":75,"URL":"https://m.media-amazon.com/images/I/41MlvXCXV1L._SL75_.jpg","Width":75}}},"ItemInfo":{"ByLineInfo":{"Brand":{"DisplayValue":"STILORD","Label":"Brand","Locale":"es_ES"},"Manufacturer":{"DisplayValue":"STILORD","Label":"Manufacturer","Locale":"es_ES"}},"Title":{"DisplayValue":"STILORD 'Angelina' Cartera Grande Mujer de Piel Monedero de Cuero Muchas Tarjetas Billetera para Mujeres en Formato Paisaje Genuino Vintage, Color:Perugia - marrón","Label":"Title","Locale":"es_ES"}},"Offers":{"Summaries":[{"Condition":{"Value":"New"},"LowestPrice":{"Amount":59.97,"Currency":"EUR","DisplayAmount":"59,97 €"}}]}},{"ASIN":"B07JHKVWLM","DetailPageURL":"https://www.amazon.es/dp/B07JHKVWLM?tag=topinalambricos-21&linkCode=osi&th=1&psc=1","Images":{"Primary":{"Small":{"Height":54,"URL":"https://m.media-amazon.com/images/I/514usF48xLL._SL75_.jpg","Width":75}}},"ItemInfo":{"ByLineInfo":{"Brand":{"DisplayValue":"Matador","Label":"Brand","Locale":"es_ES"},"Manufacturer":{"DisplayValue":"HandMade","Label":"Manufacturer","Locale":"es_ES"}},"Title":{"DisplayValue":"MATADOR 3629 Cartera en formato largo para mujer, Estampado vintage marrón, 16 x 9.5 x 3 CM","Label":"Title","Locale":"es_ES"}},"Offers":{"Summaries":[{"Condition":{"Value":"New"},"LowestPrice":{"Amount":45.65,"Currency":"EUR","DisplayAmount":"45,65 €"}}]}},{"ASIN":"B07H7XDD4P","DetailPageURL":"https://www.amazon.es/dp/B07H7XDD4P?tag=topinalambricos-21&linkCode=osi&th=1&psc=1","Images":{"Primary":{"Small":{"Height":75,"URL":"https://m.media-amazon.com/images/I/41-8bUkW6jL._SL75_.jpg","Width":75}}},"ItemInfo":{"ByLineInfo":{"Brand":{"DisplayValue":"STILORD","Label":"Brand","Locale":"es_ES"},"Manufacturer":{"DisplayValue":"STILORD","Label":"Manufacturer","Locale":"es_ES"}},"Title":{"DisplayValue":"STILORD 'Lorelai' Cartera Piel Mujer Monedero Grande Vintage Billetera para Tarjetas DNI Billetes de Cuero auténtico, Color:Nevada - marrón","Label":"Title","Locale":"es_ES"}},"Offers":{"Summaries":[{"Condition":{"Value":"New"},"LowestPrice":{"Amount":44.9,"Currency":"EUR","DisplayAmount":"44,90 €"}}]}},{"ASIN":"B00AE9L3R6","DetailPageURL":"https://www.amazon.es/dp/B00AE9L3R6?tag=topinalambricos-21&linkCode=osi&th=1&psc=1","Images":{"Primary":{"Small":{"Height":75,"URL":"https://m.media-amazon.com/images/I/61hyCjeRorL._SL75_.jpg","Width":73}}},"ItemInfo":{"ByLineInfo":{"Brand":{"DisplayValue":"YOJAN PIEL","Label":"Brand","Locale":"es_ES"}},"Title":{"DisplayValue":"Monedero De Tacón | Piel Auténtica | Estilo Clásico | Regalos Originales Resistente, Duradero con un Diseño Elegante","Label":"Title","Locale":"es_ES"}},"Offers":{"Summaries":[{"Condition":{"Value":"New"},"LowestPrice":{"Amount":10.99,"Currency":"EUR","DisplayAmount":"10,99 €"}}]}},{"ASIN":"B09148MZF1","DetailPageURL":"https://www.amazon.es/dp/B09148MZF1?tag=topinalambricos-21&linkCode=osi&th=1&psc=1","Images":{"Primary":{"Small":{"Height":75,"URL":"https://m.media-amazon.com/images/I/51QGz9KERHL._SL75_.jpg","Width":75}}},"ItemInfo":{"ByLineInfo":{"Brand":{"DisplayValue":"STILORD","Label":"Brand","Locale":"es_ES"},"Manufacturer":{"DisplayValue":"STILORD","Label":"Manufacturer","Locale":"es_ES"}},"Title":{"DisplayValue":"STILORD 'Paris' Monedero Vintage Mujer Cuero Cartera RFID Billetera Tarjetero con NFC Protección Slim Wallet para Damas Bolsillo Pequeño Vera Piel, Color:Torino - marrón","Label":"Title","Locale":"es_ES"}},"Offers":{"Summaries":[{"Condition":{"Value":"New"},"LowestPrice":{"Amount":44.97,"Currency":"EUR","DisplayAmount":"44,97 €"}}]}},{"ASIN":"B07TB9KJMD","DetailPageURL":"https://www.amazon.es/dp/B07TB9KJMD?tag=topinalambricos-21&linkCode=osi&th=1&psc=1","Images":{"Primary":{"Small":{"Height":75,"URL":"https://m.media-amazon.com/images/I/31ocAP6vuiL._SL75_.jpg","Width":75}}},"ItemInfo":{"ByLineInfo":{"Brand":{"DisplayValue":"STILORD","Label":"Brand","Locale":"es_ES"},"Manufacturer":{"DisplayValue":"STILORD","Label":"Manufacturer","Locale":"es_ES"}},"Title":{"DisplayValue":"STILORD 'Bob' Estuche Monedas Cuero Monedero Mini Billetera Vintage de Cuero Slim Cambio de Monedas Cartera Pequeña Bolsita Piel, Color:Cognac marrón Oscuro","Label":"Title","Locale":"es_ES"}},"Offers":{"Summaries":[{"Condition":{"Value":"New"},"LowestPrice":{"Amount":29.97,"Currency":"EUR","DisplayAmount":"29,97 €"}}]}},{"ASIN":"B09KX6ZN1T","DetailPageURL":"https://www.amazon.es/dp/B09KX6ZN1T?tag=topinalambricos-21&linkCode=osi&th=1&psc=1","Images":{"Primary":{"Small":{"Height":75,"URL":"https://m.media-amazon.com/images/I/51E80OVFtYL._SL75_.jpg","Width":75}}},"ItemInfo":{"ByLineInfo":{"Brand":{"DisplayValue":"VOBUKE","Label":"Brand","Locale":"es_ES"}},"Title":{"DisplayValue":"VOBUKE Carteras de Mujer Cuero Auténtico Monedero Mujer pequeño con 7 Ranuras para Tarjetas Billetera Bloqueo RFID con Cremallera Btón de Presión Muchos Compartimento Billetera Corta (Marrón)","Label":"Title","Locale":"es_ES"}},"Offers":{"Summaries":[{"Condition":{"Value":"New"},"LowestPrice":{"Amount":18.99,"Currency":"EUR","DisplayAmount":"18,99 €"}}]}},{"ASIN":"B09TPTVYFQ","DetailPageURL":"https://www.amazon.es/dp/B09TPTVYFQ?tag=topinalambricos-21&linkCode=osi&th=1&psc=1","Images":{"Primary":{"Small":{"Height":75,"URL":"https://m.media-amazon.com/images/I/31XK7pmF8EL._SL75_.jpg","Width":75}}},"ItemInfo":{"ByLineInfo":{"Brand":{"DisplayValue":"Anekke","Label":"Brand","Locale":"es_ES"},"Manufacturer":{"DisplayValue":"Anekke","Label":"Manufacturer","Locale":"es_ES"}},"Title":{"DisplayValue":"Anekke | Monedero Blanco con Solapa Energy Fun & Music | Accesorios y Complementos para Mujer | Bolsos Mujer Medidas 13/10/2cm","Label":"Title","Locale":"es_ES"}},"Offers":{"Summaries":[{"Condition":{"Value":"New"},"LowestPrice":{"Amount":24.85,"Currency":"EUR","DisplayAmount":"24,85 €"}}]}}],"SearchURL":"https://www.amazon.es/s?k=monedero+cuero+artesanal&rh=n%3A11960916031%2Cp_n_availability%3A-1&tag=topinalambricos-21&linkCode=osi","TotalResultCount":330}},"175":{"SearchResult":{"Items":[{"ASIN":"B072C7HB6G","DetailPageURL":"https://www.amazon.es/dp/B072C7HB6G?tag=topinalambricos-21&linkCode=osi&th=1&psc=1","Images":{"Primary":{"Small":{"Height":75,"URL":"https://m.media-amazon.com/images/I/41DX8u2tYVL._SL75_.jpg","Width":65}}},"ItemInfo":{"ByLineInfo":{"Brand":{"DisplayValue":"LOVO","Label":"Brand","Locale":"es_ES"},"Manufacturer":{"DisplayValue":"LOVO","Label":"Manufacturer","Locale":"es_ES"}},"Title":{"DisplayValue":"Alforjas Laterales de Cuero para Moto 22 x 2 litros","Label":"Title","Locale":"es_ES"}},"Offers":{"Summaries":[{"Condition":{"Value":"New"},"LowestPrice":{"Amount":139.0,"Currency":"EUR","DisplayAmount":"139,00 €"}}]}},{"ASIN":"B07C3GWFF2","DetailPageURL":"https://www.amazon.es/dp/B07C3GWFF2?tag=topinalambricos-21&linkCode=osi&th=1&psc=1","Images":{"Primary":{"Small":{"Height":49,"URL":"https://m.media-amazon.com/images/I/41cOcW8MaLL._SL75_.jpg","Width":75}}},"ItemInfo":{"ByLineInfo":{"Brand":{"DisplayValue":"ganpati handicraft","Label":"Brand","Locale":"es_ES"},"Manufacturer":{"DisplayValue":"ganpati handicraft","Label":"Manufacturer","Locale":"es_ES"}},"Title":{"DisplayValue":"Ganpati Handicraft Bolsa de piel para motocicleta, de color marrón, vintage, para moto, portátil, bar, viaje, hecha a mano, ajustable, juego de 2 bolsas con correa, marrón","Label":"Title","Locale":"es_ES"}},"Offers":{"Summaries":[{"Condition":{"Value":"New"},"LowestPrice":{"Amount":63.43,"Currency":"EUR","DisplayAmount":"63,43 €"}}]}},{"ASIN":"B099WS9TPF","DetailPageURL":"https://www.amazon.es/dp/B099WS9TPF?tag=topinalambricos-21&linkCode=osi&th=1&psc=1","Images":{"Primary":{"Small":{"Height":75,"URL":"https://m.media-amazon.com/images/I/51nmOpChivL._SL75_.jpg","Width":75}}},"ItemInfo":{"ByLineInfo":{"Brand":{"DisplayValue":"SKLLA","Label":"Brand","Locale":"es_ES"},"Manufacturer":{"DisplayValue":"SKLLA","Label":"Manufacturer","Locale":"es_ES"}},"Title":{"DisplayValue":"SKLLA Riñonera Multiusos Steampunk Medieval Unisex Deportes Al Aire Libre Cinturón Vintage Cartera Renaissance Retro Cuero Cartera con Cremallera Ajustable para Adultos,Marrón","Label":"Title","Locale":"es_ES"}},"Offers":{"Summaries":[{"Condition":{"Value":"New"},"LowestPrice":{"Amount":20.57,"Currency":"EUR","DisplayAmount":"20,57 €"}}]}},{"ASIN":"B081579P8S","DetailPageURL":"https://www.amazon.es/dp/B081579P8S?tag=topinalambricos-21&linkCode=osi&th=1&psc=1","Images":{"Primary":{"Small":{"Height":75,"URL":"https://m.media-amazon.com/images/I/515jD9zuyrL._SL75_.jpg","Width":56}}},"ItemInfo":{"ByLineInfo":{"Brand":{"DisplayValue":"ends cuoio","Label":"Brand","Locale":"es_ES"},"Manufacturer":{"DisplayValue":"ends cuoio","Label":"Manufacturer","Locale":"es_ES"}},"Title":{"DisplayValue":"ALFORJAS Bolsos DE Cuero Laterales Izquierdo Y Derecho para Harley Davidson SOFTAIL 2018-2022 Fat Bob, Low Rider S, Street Bob, Slim , Low Rider Made IN Italy ENDSCUOIO (Costura Naranja)","Label":"Title","Locale":"es_ES"}},"Offers":{"Summaries":[{"Condition":{"Value":"New"},"LowestPrice":{"Amount":370.0,"Currency":"EUR","DisplayAmount":"370,00 €"}}]}},{"ASIN":"B0714P7VM9","DetailPageURL":"https://www.amazon.es/dp/B0714P7VM9?tag=topinalambricos-21&linkCode=osi&th=1&psc=1","Images":{"Primary":{"Small":{"Height":60,"URL":"https://m.media-amazon.com/images/I/41O1fNbFSaL._SL75_.jpg","Width":75}}},"ItemInfo":{"ByLineInfo":{"Brand":{"DisplayValue":"LOVO","Label":"Brand","Locale":"es_ES"},"Manufacturer":{"DisplayValue":"LOVO","Label":"Manufacturer","Locale":"es_ES"}},"Title":{"DisplayValue":"Alforjas Laterales de Cuero para Moto 14 x 2 litros","Label":"Title","Locale":"es_ES"}},"Offers":{"Summaries":[{"Condition":{"Value":"New"},"LowestPrice":{"Amount":109.0,"Currency":"EUR","DisplayAmount":"109,00 €"}}]}},{"ASIN":"B084GYGHGX","DetailPageURL":"https://www.amazon.es/dp/B084GYGHGX?tag=topinalambricos-21&linkCode=osi&th=1&psc=1","Images":{"Primary":{"Small":{"Height":50,"URL":"https://m.media-amazon.com/images/I/41YPkuepDUL._SL75_.jpg","Width":75}}},"ItemInfo":{"ByLineInfo":{"Brand":{"DisplayValue":"Highway Hawk","Label":"Brand","Locale":"es_ES"},"Manufacturer":{"DisplayValue":"Biker Market","Label":"Manufacturer","Locale":"es_ES"}},"Title":{"DisplayValue":"Alforjas laterales moto custom universales, capacidad 27 litros por bolsa. Bolsas de piel sintética con apertura rápida, liberación rápida, Honda, Yamaha, Kawasaki, Harley Davidson, Moto Guzzi.","Label":"Title","Locale":"es_ES"}},"Offers":{"Summaries":[{"Condition":{"Value":"New"},"LowestPrice":{"Amount":139.0,"Currency":"EUR","DisplayAmount":"139,00 €"}}]}},{"ASIN":"B07TVDGS5W","DetailPageURL":"https://www.amazon.es/dp/B07TVDGS5W?tag=topinalambricos-21&linkCode=osi&th=1&psc=1","Images":{"Primary":{"Small":{"Height":75,"URL":"https://m.media-amazon.com/images/I/51g6CjMkVnL._SL75_.jpg","Width":75}}},"ItemInfo":{"ByLineInfo":{"Brand":{"DisplayValue":"ends cuoio","Label":"Brand","Locale":"es_ES"},"Manufacturer":{"DisplayValue":"endscuoio","Label":"Manufacturer","Locale":"es_ES"}},"Title":{"DisplayValue":"Alforja de cuero lado izquierdo para Indian Scout Bobber 2018-2020 Made in Italy ENDS CUOIO","Label":"Title","Locale":"es_ES"}},"Offers":{"Summaries":[{"Condition":{"Value":"New"},"LowestPrice":{"Amount":286.0,"Currency":"EUR","DisplayAmount":"286,00 €"}}]}},{"ASIN":"B08T1M3JFZ","DetailPageURL":"https://www.amazon.es/dp/B08T1M3JFZ?tag=topinalambricos-21&linkCode=osi&th=1&psc=1","Images":{"Primary":{"Small":{"Height":50,"URL":"https://m.media-amazon.com/images/I/31tzG-J20tL._SL75_.jpg","Width":75}}},"ItemInfo":{"ByLineInfo":{"Brand":{"DisplayValue":"KEN ROD","Label":"Brand","Locale":"es_ES"},"Manufacturer":{"DisplayValue":"KEN ROD","Label":"Manufacturer","Locale":"es_ES"}},"Title":{"DisplayValue":"KEN ROD Alforjas Moto | Alforjas Moto Cuero | Alforjas Moto Universal | Alforjas Laterales Motocicleta","Label":"Title","Locale":"es_ES"}},"Offers":{"Summaries":[{"Condition":{"Value":"New"},"LowestPrice":{"Amount":99.99,"Currency":"EUR","DisplayAmount":"99,99 €"}}]}},{"ASIN":"B07VMY5SNG","DetailPageURL":"https://www.amazon.es/dp/B07VMY5SNG?tag=topinalambricos-21&linkCode=osi&th=1&psc=1","Images":{"Primary":{"Small":{"Height":49,"URL":"https://m.media-amazon.com/images/I/510i86iefrL._SL75_.jpg","Width":75}}},"ItemInfo":{"ByLineInfo":{"Brand":{"DisplayValue":"ends cuoio","Label":"Brand","Locale":"es_ES"},"Manufacturer":{"DisplayValue":"ends cuoio","Label":"Manufacturer","Locale":"es_ES"}},"Title":{"DisplayValue":"Alforja de Cuero Lado Derecho por Indian Scout Bobber 2018-2020 ENDSCUOIO","Label":"Title","Locale":"es_ES"}},"Offers":{"Summaries":[{"Condition":{"Value":"New"},"LowestPrice":{"Amount":286.0,"Currency":"EUR","DisplayAmount":"286,00 €"}}]}},{"ASIN":"B01M5B25OI","DetailPageURL":"https://www.amazon.es/dp/B01M5B25OI?tag=topinalambricos-21&linkCode=osi&th=1&psc=1","Images":{"Primary":{"Small":{"Height":75,"URL":"https://m.media-amazon.com/images/I/41ZEPFYJJWL._SL75_.jpg","Width":75}}},"ItemInfo":{"ByLineInfo":{"Brand":{"DisplayValue":"WILDKEN","Label":"Brand","Locale":"es_ES"},"Manufacturer":{"DisplayValue":"SunTime","Label":"Manufacturer","Locale":"es_ES"}},"Title":{"DisplayValue":"WILDKEN Alforjas para Moto de Cuero Moto-Bolso Triangular al Aire Libre Paquete Parte Trasera de Motocicletas Bolsa de Almacenamiento para Harley Davidson (2PC - Negro)","Label":"Title","Locale":"es_ES"}},"Offers":{"Summaries":[{"Condition":{"Value":"New"},"LowestPrice":{"Amount":81.99,"Currency":"EUR","DisplayAmount":"81,99 €"}}]}}],"SearchURL":"https://www.amazon.es/s?k=alforjas+cuero&rh=p_n_availability%3A-1&tag=topinalambricos-21&linkCode=osi","TotalResultCount":306}},"178":{"SearchResult":{"Items":[{"ASIN":"B07YWR1JP2","DetailPageURL":"https://www.amazon.es/dp/B07YWR1JP2?tag=topinalambricos-21&linkCode=osi&th=1&psc=1","Images":{"Primary":{"Small":{"Height":75,"URL":"https://m.media-amazon.com/images/I/41Fsr2Nb1RL._SL75_.jpg","Width":75}}},"ItemInfo":{"ByLineInfo":{"Brand":{"DisplayValue":"Long Keeper","Label":"Brand","Locale":"es_ES"},"Manufacturer":{"DisplayValue":"Long Keeper","Label":"Manufacturer","Locale":"es_ES"}},"Title":{"DisplayValue":"Long Keeper Guantes De Cuero De Piel Hombres Invierno Negro con función de Pantalla táctil para Guantes","Label":"Title","Locale":"es_ES"}},"Offers":{"Summaries":[{"Condition":{"Value":"New"},"LowestPrice":{"Amount":13.99,"Currency":"EUR","DisplayAmount":"13,99 €"}}]}},{"ASIN":"B01N4EBNBX","DetailPageURL":"https://www.amazon.es/dp/B01N4EBNBX?tag=topinalambricos-21&linkCode=osi&th=1&psc=1","Images":{"Primary":{"Small":{"Height":75,"URL":"https://m.media-amazon.com/images/I/41Y50fJ-nNL._SL75_.jpg","Width":75}}},"ItemInfo":{"ByLineInfo":{"Brand":{"DisplayValue":"Navaris","Label":"Brand","Locale":"es_ES"},"Manufacturer":{"DisplayValue":"KW-Commerce","Label":"Manufacturer","Locale":"es_ES"}},"Title":{"DisplayValue":"Navaris Guantes con función táctil 100% cuero de napa para hombre - Piel de cordero con forro de cachemir","Label":"Title","Locale":"es_ES"}},"Offers":{"Summaries":[{"Condition":{"Value":"New"},"LowestPrice":{"Amount":20.99,"Currency":"EUR","DisplayAmount":"20,99 €"}}]}},{"ASIN":"B08FX5L7J5","DetailPageURL":"https://www.amazon.es/dp/B08FX5L7J5?tag=topinalambricos-21&linkCode=osi&th=1&psc=1","Images":{"Primary":{"Small":{"Height":75,"URL":"https://m.media-amazon.com/images/I/41Z6uTdNhWS._SL75_.jpg","Width":75}}},"ItemInfo":{"ByLineInfo":{"Brand":{"DisplayValue":"Harssidanzar","Label":"Brand","Locale":"es_ES"}},"Title":{"DisplayValue":"Harssidanzar Guantes de cuero de piel de cordero sin forro para hombre GM026,Negro,Tamaño L","Label":"Title","Locale":"es_ES"}},"Offers":{"Summaries":[{"Condition":{"Value":"New"},"LowestPrice":{"Amount":19.99,"Currency":"EUR","DisplayAmount":"19,99 €"}}]}},{"ASIN":"B093G3ZWG5","DetailPageURL":"https://www.amazon.es/dp/B093G3ZWG5?tag=topinalambricos-21&linkCode=osi&th=1&psc=1","Images":{"Primary":{"Small":{"Height":75,"URL":"https://m.media-amazon.com/images/I/51nurvXJDGL._SL75_.jpg","Width":75}}},"ItemInfo":{"ByLineInfo":{"Brand":{"DisplayValue":"MGGM collection","Label":"Brand","Locale":"es_ES"}},"Title":{"DisplayValue":"MGGM collection Guantes de conducción de cuero con pantalla táctil para hombre sin forro,Camello,M","Label":"Title","Locale":"es_ES"}},"Offers":{"Summaries":[{"Condition":{"Value":"New"},"LowestPrice":{"Amount":27.9,"Currency":"EUR","DisplayAmount":"27,90 €"}}]}},{"ASIN":"B07GRP2MJC","DetailPageURL":"https://www.amazon.es/dp/B07GRP2MJC?tag=topinalambricos-21&linkCode=osi&th=1&psc=1","Images":{"Primary":{"Small":{"Height":75,"URL":"https://m.media-amazon.com/images/I/51VULUm7-NL._SL75_.jpg","Width":75}}},"ItemInfo":{"ByLineInfo":{"Brand":{"DisplayValue":"ALPIDEX","Label":"Brand","Locale":"es_ES"},"Manufacturer":{"DisplayValue":"ALPIDEX","Label":"Manufacturer","Locale":"es_ES"}},"Title":{"DisplayValue":"ALPIDEX Guantes de cuero para hombres caliente forrado cuero auténtico guantes de invierno otoño negro marron - Tamaño:M, Color:black","Label":"Title","Locale":"es_ES"}},"Offers":{"Summaries":[{"Condition":{"Value":"New"},"LowestPrice":{"Amount":24.99,"Currency":"EUR","DisplayAmount":"24,99 €"}}]}},{"ASIN":"B07Z4VJC7W","DetailPageURL":"https://www.amazon.es/dp/B07Z4VJC7W?tag=topinalambricos-21&linkCode=osi&th=1&psc=1","Images":{"Primary":{"Small":{"Height":75,"URL":"https://m.media-amazon.com/images/I/41R39wGpqNL._SL75_.jpg","Width":75}}},"ItemInfo":{"ByLineInfo":{"Brand":{"DisplayValue":"Harssidanzar","Label":"Brand","Locale":"es_ES"}},"Title":{"DisplayValue":"Harssidanzar Hombres Guantes Italianos De Cuero De Piel De Oveja De Con Forro De Cachemir Acabado Vintage, Armada, L","Label":"Title","Locale":"es_ES"}},"Offers":{"Summaries":[{"Condition":{"Value":"New"},"LowestPrice":{"Amount":39.99,"Currency":"EUR","DisplayAmount":"39,99 €"}}]}},{"ASIN":"B0992KPV77","DetailPageURL":"https://www.amazon.es/dp/B0992KPV77?tag=topinalambricos-21&linkCode=osi&th=1&psc=1","Images":{"Primary":{"Small":{"Height":75,"URL":"https://m.media-amazon.com/images/I/41vgttsSmDL._SL75_.jpg","Width":75}}},"ItemInfo":{"ByLineInfo":{"Brand":{"DisplayValue":"Navaris","Label":"Brand","Locale":"es_ES"},"Manufacturer":{"DisplayValue":"KW-Commerce","Label":"Manufacturer","Locale":"es_ES"}},"Title":{"DisplayValue":"Navaris Guantes de cuero genuino - 2x Guante de piel genuina de napa con forro de lana y botón - Función táctil para pantalla - Talla S en negro","Label":"Title","Locale":"es_ES"}},"Offers":{"Summaries":[{"Condition":{"Value":"New"},"LowestPrice":{"Amount":17.99,"Currency":"EUR","DisplayAmount":"17,99 €"}}]}},{"ASIN":"B099ZPBC9B","DetailPageURL":"https://www.amazon.es/dp/B099ZPBC9B?tag=topinalambricos-21&linkCode=osi&th=1&psc=1","Images":{"Primary":{"Small":{"Height":75,"URL":"https://m.media-amazon.com/images/I/51Pgqkpu4jL._SL75_.jpg","Width":75}}},"ItemInfo":{"ByLineInfo":{"Brand":{"DisplayValue":"Authfornia","Label":"Brand","Locale":"es_ES"}},"Title":{"DisplayValue":"Authfornia Guantes de cuero para hombre, pantalla táctil de mano completa Embalaje de regalo Guantes para clima frío Manoplas para conducir con mensajes de texto Negro, L","Label":"Title","Locale":"es_ES"}},"Offers":{"Summaries":[{"Condition":{"Value":"New"},"LowestPrice":{"Amount":31.99,"Currency":"EUR","DisplayAmount":"31,99 €"}}]}},{"ASIN":"B09G6THMYF","DetailPageURL":"https://www.amazon.es/dp/B09G6THMYF?tag=topinalambricos-21&linkCode=osi&th=1&psc=1","Images":{"Primary":{"Small":{"Height":75,"URL":"https://m.media-amazon.com/images/I/41bOD0z6GsL._SL75_.jpg","Width":75}}},"ItemInfo":{"ByLineInfo":{"Brand":{"DisplayValue":"EGSSHOP","Label":"Brand","Locale":"es_ES"}},"Title":{"DisplayValue":"EGSSHOP Guantes cálidos de invierno de piel auténtica, con forro de cachemira, guantes de motocicleta para hombre","Label":"Title","Locale":"es_ES"}},"Offers":{"Summaries":[{"Condition":{"Value":"New"},"LowestPrice":{"Amount":29.99,"Currency":"EUR","DisplayAmount":"29,99 €"}}]}},{"ASIN":"B09578GH3F","DetailPageURL":"https://www.amazon.es/dp/B09578GH3F?tag=topinalambricos-21&linkCode=osi&th=1&psc=1","Images":{"Primary":{"Small":{"Height":75,"URL":"https://m.media-amazon.com/images/I/519hZHwIJPL._SL75_.jpg","Width":75}}},"ItemInfo":{"ByLineInfo":{"Brand":{"DisplayValue":"QNLYCZY","Label":"Brand","Locale":"es_ES"}},"Title":{"DisplayValue":"Guantes de cuero genuino para hombres, invierno cálido forro de cachemira pantalla táctil guantes de texto de conducción guantes de motocicleta, Negro, M","Label":"Title","Locale":"es_ES"}},"Offers":{"Summaries":[{"Condition":{"Value":"New"},"LowestPrice":{"Amount":29.99,"Currency":"EUR","DisplayAmount":"29,99 €"}}]}}],"SearchURL":"https://www.amazon.es/s?k=cuero+piel&rh=n%3A3074171031%2Cp_n_availability%3A-1&tag=topinalambricos-21&linkCode=osi","TotalResultCount":5525}},"179":{"SearchResult":{"Items":[{"ASIN":"B077GLYGL1","DetailPageURL":"https://www.amazon.es/dp/B077GLYGL1?tag=topinalambricos-21&linkCode=osi&th=1&psc=1","Images":{"Primary":{"Small":{"Height":75,"URL":"https://m.media-amazon.com/images/I/4192JgF441L._SL75_.jpg","Width":75}}},"ItemInfo":{"ByLineInfo":{"Brand":{"DisplayValue":"Wepop","Label":"Brand","Locale":"es_ES"}},"Title":{"DisplayValue":"Guantes Sin etíope dedos Piel genuine invierno Mensajes de texto con pantalla táctil Guante de conducción del vestido para hombres mujeres","Label":"Title","Locale":"es_ES"}},"Offers":{"Summaries":[{"Condition":{"Value":"New"},"LowestPrice":{"Amount":20.99,"Currency":"EUR","DisplayAmount":"20,99 €"}}]}},{"ASIN":"B019AZ0NM0","DetailPageURL":"https://www.amazon.es/dp/B019AZ0NM0?tag=topinalambricos-21&linkCode=osi&th=1&psc=1","Images":{"Primary":{"Small":{"Height":75,"URL":"https://m.media-amazon.com/images/I/518yoi3FrEL._SL75_.jpg","Width":75}}},"ItemInfo":{"ByLineInfo":{"Brand":{"DisplayValue":"Fletion","Label":"Brand","Locale":"es_ES"}},"Title":{"DisplayValue":"fletion Mujer Ladies Luxury suave oveja guantes de piel con forro polar de 100% de guantes de piel para equitación de invierno rojo talla única","Label":"Title","Locale":"es_ES"}},"Offers":{"Summaries":[{"Condition":{"Value":"New"},"LowestPrice":{"Amount":11.76,"Currency":"EUR","DisplayAmount":"11,76 €"}}]}},{"ASIN":"B07W84VGGC","DetailPageURL":"https://www.amazon.es/dp/B07W84VGGC?tag=topinalambricos-21&linkCode=osi&th=1&psc=1","Images":{"Primary":{"Small":{"Height":75,"URL":"https://m.media-amazon.com/images/I/51w3mGtGgVL._SL75_.jpg","Width":75}}},"ItemInfo":{"ByLineInfo":{"Brand":{"DisplayValue":"QNLYCZY","Label":"Brand","Locale":"es_ES"},"Manufacturer":{"DisplayValue":"QNLYCZY","Label":"Manufacturer","Locale":"es_ES"}},"Title":{"DisplayValue":"Guantes de piel de oveja genuina para mujer, cálidos de invierno para pantalla táctil, con forro de cachemira","Label":"Title","Locale":"es_ES"}},"Offers":{"Summaries":[{"Condition":{"Value":"New"},"LowestPrice":{"Amount":29.99,"Currency":"EUR","DisplayAmount":"29,99 €"}}]}},{"ASIN":"B07YCG8NZ6","DetailPageURL":"https://www.amazon.es/dp/B07YCG8NZ6?tag=topinalambricos-21&linkCode=osi&th=1&psc=1","Images":{"Primary":{"Small":{"Height":75,"URL":"https://m.media-amazon.com/images/I/51OEQsYwCmL._SL75_.jpg","Width":75}}},"ItemInfo":{"ByLineInfo":{"Brand":{"DisplayValue":"Dsane","Label":"Brand","Locale":"es_ES"}},"Title":{"DisplayValue":"Guantes de cuero genuino puros de piel de cordero para mujer con pantalla táctil de piel de invierno, Negro -, Large","Label":"Title","Locale":"es_ES"}},"Offers":{"Summaries":[{"Condition":{"Value":"New"},"LowestPrice":{"Amount":38.57,"Currency":"EUR","DisplayAmount":"38,57 €"}}]}},{"ASIN":"B06XDDWMJF","DetailPageURL":"https://www.amazon.es/dp/B06XDDWMJF?tag=topinalambricos-21&linkCode=osi&th=1&psc=1","Images":{"Primary":{"Small":{"Height":75,"URL":"https://m.media-amazon.com/images/I/51A1dlhT-CL._SL75_.jpg","Width":75}}},"ItemInfo":{"ByLineInfo":{"Brand":{"DisplayValue":"Bequemer Laden","Label":"Brand","Locale":"es_ES"},"Manufacturer":{"DisplayValue":"Magic Zone","Label":"Manufacturer","Locale":"es_ES"}},"Title":{"DisplayValue":"Guantes de piel para mujer, para invierno, elegantes, abrigados, para pantalla táctil, de piel, para ocio, deportes al aire libre, con forro de cachemira","Label":"Title","Locale":"es_ES"}},"Offers":{"Summaries":[{"Condition":{"Value":"New"},"LowestPrice":{"Amount":12.27,"Currency":"EUR","DisplayAmount":"12,27 €"}}]}},{"ASIN":"B01AIIRY66","DetailPageURL":"https://www.amazon.es/dp/B01AIIRY66?tag=topinalambricos-21&linkCode=osi&th=1&psc=1","Images":{"Primary":{"Small":{"Height":75,"URL":"https://m.media-amazon.com/images/I/41PvPHtWZhL._SL75_.jpg","Width":51}}},"ItemInfo":{"ByLineInfo":{"Brand":{"DisplayValue":"EEM Fashion","Label":"Brand","Locale":"es_ES"}},"Title":{"DisplayValue":"EEM guantes de piel para mujer, piel italiana suave, forro polar, puños de punto y lengüetas decorativas, negro M","Label":"Title","Locale":"es_ES"}},"Offers":{"Summaries":[{"Condition":{"Value":"New"},"LowestPrice":{"Amount":44.95,"Currency":"EUR","DisplayAmount":"44,95 €"}}]}},{"ASIN":"B07F31S581","DetailPageURL":"https://www.amazon.es/dp/B07F31S581?tag=topinalambricos-21&linkCode=osi&th=1&psc=1","Images":{"Primary":{"Small":{"Height":75,"URL":"https://m.media-amazon.com/images/I/31DjTlkze3L._SL75_.jpg","Width":56}}},"ItemInfo":{"ByLineInfo":{"Brand":{"DisplayValue":"PIECES","Label":"Brand","Locale":"es_ES"},"Manufacturer":{"DisplayValue":"PIECES","Label":"Manufacturer","Locale":"es_ES"}},"Title":{"DisplayValue":"PIECES Pcnellie Leather Glove Noos Guantes, Negro (Black), 5.5 (Talla del Fabricante: Small) para Mujer","Label":"Title","Locale":"es_ES"}},"Offers":{"Summaries":[{"Condition":{"Value":"New"},"LowestPrice":{"Amount":27.23,"Currency":"EUR","DisplayAmount":"27,23 €"}}]}},{"ASIN":"B08GLV6RLT","DetailPageURL":"https://www.amazon.es/dp/B08GLV6RLT?tag=topinalambricos-21&linkCode=osi&th=1&psc=1","Images":{"Primary":{"Small":{"Height":75,"URL":"https://m.media-amazon.com/images/I/31++lUb47TL._SL75_.jpg","Width":75}}},"ItemInfo":{"ByLineInfo":{"Brand":{"DisplayValue":"Harssidanzar","Label":"Brand","Locale":"es_ES"}},"Title":{"DisplayValue":"Harssidanzar Guantes largos de cuero Opera hasta el codo para mujer GL014,Negro,talla S","Label":"Title","Locale":"es_ES"}},"Offers":{"Summaries":[{"Condition":{"Value":"New"},"LowestPrice":{"Amount":41.99,"Currency":"EUR","DisplayAmount":"41,99 €"}}]}},{"ASIN":"B08BCJR23T","DetailPageURL":"https://www.amazon.es/dp/B08BCJR23T?tag=topinalambricos-21&linkCode=osi&th=1&psc=1","Images":{"Primary":{"Small":{"Height":75,"URL":"https://m.media-amazon.com/images/I/418dQQCdOSS._SL75_.jpg","Width":75}}},"ItemInfo":{"ByLineInfo":{"Brand":{"DisplayValue":"Harssidanzar","Label":"Brand","Locale":"es_ES"}},"Title":{"DisplayValue":"Harssidanzar mujer piel de oveja guantes de conducción de cuero sin dedos dedo medio forrado GL012,Negro,talla M","Label":"Title","Locale":"es_ES"}},"Offers":{"Summaries":[{"Condition":{"Value":"New"},"LowestPrice":{"Amount":23.99,"Currency":"EUR","DisplayAmount":"23,99 €"}}]}},{"ASIN":"B0B5LQ985Y","DetailPageURL":"https://www.amazon.es/dp/B0B5LQ985Y?tag=topinalambricos-21&linkCode=osi&th=1&psc=1","Images":{"Primary":{"Small":{"Height":75,"URL":"https://m.media-amazon.com/images/I/41XewsMv9VL._SL75_.jpg","Width":75}}},"ItemInfo":{"ByLineInfo":{"Brand":{"DisplayValue":"YISEVEN","Label":"Brand","Locale":"es_ES"}},"Title":{"DisplayValue":"YISEVEN Mujeres Merino Piel cordero guantes de cuero piel de oveja Suave manguito suave Forrado cálido forro de invierno vestido frío Trabajo, Negro Oscuro M (7\"-8\")","Label":"Title","Locale":"es_ES"}},"Offers":{"Summaries":[{"Condition":{"Value":"New"},"LowestPrice":{"Amount":61.99,"Currency":"EUR","DisplayAmount":"61,99 €"}}]}}],"SearchURL":"https://www.amazon.es/s?k=cuero+piel&rh=n%3A3074242031%2Cp_n_availability%3A-1&tag=topinalambricos-21&linkCode=osi","TotalResultCount":3208}},"180":{"SearchResult":{"Items":[{"ASIN":"B07Z2PTWP2","DetailPageURL":"https://www.amazon.es/dp/B07Z2PTWP2?tag=topinalambricos-21&linkCode=osi&th=1&psc=1","Images":{"Primary":{"Small":{"Height":75,"URL":"https://m.media-amazon.com/images/I/41eMhr1rNbL._SL75_.jpg","Width":75}}},"ItemInfo":{"ByLineInfo":{"Brand":{"DisplayValue":"Global Park","Label":"Brand","Locale":"es_ES"}},"Title":{"DisplayValue":"Global Park Guantes de Invierno Hombres Cuero de PU Pantalla Táctil Térmica Guantes Antideslizantes a Prueba de Frío Para Actividades al Aire Libre Conducción Motor Ciclismo Correr Camping (L)","Label":"Title","Locale":"es_ES"}},"Offers":{"Summaries":[{"Condition":{"Value":"New"},"LowestPrice":{"Amount":13.99,"Currency":"EUR","DisplayAmount":"13,99 €"}}]}},{"ASIN":"B07X4R5SYM","DetailPageURL":"https://www.amazon.es/dp/B07X4R5SYM?tag=topinalambricos-21&linkCode=osi&th=1&psc=1","Images":{"Primary":{"Small":{"Height":75,"URL":"https://m.media-amazon.com/images/I/41Zh-ESO69L._SL75_.jpg","Width":75}}},"ItemInfo":{"ByLineInfo":{"Brand":{"DisplayValue":"Ruvigrab","Label":"Brand","Locale":"es_ES"},"Manufacturer":{"DisplayValue":"Gahibre","Label":"Manufacturer","Locale":"es_ES"}},"Title":{"DisplayValue":"RuviGrab - Guante de Trabajo Piel de Flor de Vacuno Natural | Guantes para Jardinería | Guantes de Cuero | Guantes de Piel para Obra | Talla 8","Label":"Title","Locale":"es_ES"}},"Offers":{"Summaries":[{"Condition":{"Value":"New"},"LowestPrice":{"Amount":4.15,"Currency":"EUR","DisplayAmount":"4,15 €"}}]}},{"ASIN":"B097YJVZT6","DetailPageURL":"https://www.amazon.es/dp/B097YJVZT6?tag=topinalambricos-21&linkCode=osi&th=1&psc=1","Images":{"Primary":{"Small":{"Height":75,"URL":"https://m.media-amazon.com/images/I/51X5U0Z0qAL._SL75_.jpg","Width":75}}},"ItemInfo":{"ByLineInfo":{"Brand":{"DisplayValue":"vislivin","Label":"Brand","Locale":"es_ES"},"Manufacturer":{"DisplayValue":"Vislivin","Label":"Manufacturer","Locale":"es_ES"}},"Title":{"DisplayValue":"vislivin Cuero Guantes para Mujer Pantalla Táctil Guantes Cálidos de Invierno Dedo Completo Mujers Conducir Guantes Regalo Black M","Label":"Title","Locale":"es_ES"}},"Offers":{"Summaries":[{"Condition":{"Value":"New"},"LowestPrice":{"Amount":25.99,"Currency":"EUR","DisplayAmount":"25,99 €"}}]}},{"ASIN":"B07YWR1JP2","DetailPageURL":"https://www.amazon.es/dp/B07YWR1JP2?tag=topinalambricos-21&linkCode=osi&th=1&psc=1","Images":{"Primary":{"Small":{"Height":75,"URL":"https://m.media-amazon.com/images/I/41Fsr2Nb1RL._SL75_.jpg","Width":75}}},"ItemInfo":{"ByLineInfo":{"Brand":{"DisplayValue":"Long Keeper","Label":"Brand","Locale":"es_ES"},"Manufacturer":{"DisplayValue":"Long Keeper","Label":"Manufacturer","Locale":"es_ES"}},"Title":{"DisplayValue":"Long Keeper Guantes De Cuero De Piel Hombres Invierno Negro con función de Pantalla táctil para Guantes","Label":"Title","Locale":"es_ES"}},"Offers":{"Summaries":[{"Condition":{"Value":"New"},"LowestPrice":{"Amount":13.99,"Currency":"EUR","DisplayAmount":"13,99 €"}}]}},{"ASIN":"B08K4PLH6C","DetailPageURL":"https://www.amazon.es/dp/B08K4PLH6C?tag=topinalambricos-21&linkCode=osi&th=1&psc=1","Images":{"Primary":{"Small":{"Height":64,"URL":"https://m.media-amazon.com/images/I/417jggVicHL._SL75_.jpg","Width":75}}},"ItemInfo":{"ByLineInfo":{"Brand":{"DisplayValue":"Fiasian","Label":"Brand","Locale":"es_ES"}},"Title":{"DisplayValue":"Fiasian Guantes de cuero para hombre. Puede tocar la pantalla de su teléfono para realizar una llamada. El interior de suave terciopelo mantiene el calor. Envoltura de cuero exterior","Label":"Title","Locale":"es_ES"}},"Offers":{"Summaries":[{"Condition":{"Value":"New"},"LowestPrice":{"Amount":11.42,"Currency":"EUR","DisplayAmount":"11,42 €"}}]}},{"ASIN":"B07YCLGNLH","DetailPageURL":"https://www.amazon.es/dp/B07YCLGNLH?tag=topinalambricos-21&linkCode=osi&th=1&psc=1","Images":{"Primary":{"Small":{"Height":75,"URL":"https://m.media-amazon.com/images/I/41mnmwBu9aL._SL75_.jpg","Width":75}}},"ItemInfo":{"ByLineInfo":{"Brand":{"DisplayValue":"Wepop","Label":"Brand","Locale":"es_ES"}},"Title":{"DisplayValue":"Invierno Guantes Hombre Falso Cuero Calentar Prueba del Viento Prueba de Frío Térmico Mitones Antideslizante Pantalla Táctil para Aire Libre del Deportes Mujeres Adolescentes","Label":"Title","Locale":"es_ES"}},"Offers":{"Summaries":[{"Condition":{"Value":"New"},"LowestPrice":{"Amount":15.99,"Currency":"EUR","DisplayAmount":"15,99 €"}}]}},{"ASIN":"B07GRP2MJC","DetailPageURL":"https://www.amazon.es/dp/B07GRP2MJC?tag=topinalambricos-21&linkCode=osi&th=1&psc=1","Images":{"Primary":{"Small":{"Height":75,"URL":"https://m.media-amazon.com/images/I/51VULUm7-NL._SL75_.jpg","Width":75}}},"ItemInfo":{"ByLineInfo":{"Brand":{"DisplayValue":"ALPIDEX","Label":"Brand","Locale":"es_ES"},"Manufacturer":{"DisplayValue":"ALPIDEX","Label":"Manufacturer","Locale":"es_ES"}},"Title":{"DisplayValue":"ALPIDEX Guantes de cuero para hombres caliente forrado cuero auténtico guantes de invierno otoño negro marron - Tamaño:M, Color:black","Label":"Title","Locale":"es_ES"}},"Offers":{"Summaries":[{"Condition":{"Value":"New"},"LowestPrice":{"Amount":24.99,"Currency":"EUR","DisplayAmount":"24,99 €"}}]}},{"ASIN":"B07N2QFZLC","DetailPageURL":"https://www.amazon.es/dp/B07N2QFZLC?tag=topinalambricos-21&linkCode=osi&th=1&psc=1","Images":{"Primary":{"Small":{"Height":75,"URL":"https://m.media-amazon.com/images/I/41iKTmoZmRL._SL75_.jpg","Width":75}}},"ItemInfo":{"ByLineInfo":{"Brand":{"DisplayValue":"LIOOBO","Label":"Brand","Locale":"es_ES"},"Manufacturer":{"DisplayValue":"LIOOBO","Label":"Manufacturer","Locale":"es_ES"}},"Title":{"DisplayValue":"LIOOBO Guantes de Cuero PU Ciclismo, Medio Dedo, Guantes tácticos, Guantes de conducción para Hombres, Mujeres (Negro, tamaño Libre)","Label":"Title","Locale":"es_ES"}},"Offers":{"Summaries":[{"Condition":{"Value":"New"},"LowestPrice":{"Amount":9.97,"Currency":"EUR","DisplayAmount":"9,97 €"}}]}},{"ASIN":"B0BHQ7R1J3","DetailPageURL":"https://www.amazon.es/dp/B0BHQ7R1J3?tag=topinalambricos-21&linkCode=osi&th=1&psc=1","Images":{"Primary":{"Small":{"Height":75,"URL":"https://m.media-amazon.com/images/I/41m9GKroyDL._SL75_.jpg","Width":75}}},"ItemInfo":{"ByLineInfo":{"Brand":{"DisplayValue":"Harssidanzar","Label":"Brand","Locale":"es_ES"}},"Title":{"DisplayValue":"Harssidanzar Guantes de cuero para hombres, Forro de Cachemira, guantes de cuero de cabra, pantalla táctil GM040EU, Negro, talla L","Label":"Title","Locale":"es_ES"}},"Offers":{"Summaries":[{"Condition":{"Value":"New"},"LowestPrice":{"Amount":27.99,"Currency":"EUR","DisplayAmount":"27,99 €"}}]}},{"ASIN":"B073SY9W2L","DetailPageURL":"https://www.amazon.es/dp/B073SY9W2L?tag=topinalambricos-21&linkCode=osi&th=1&psc=1","Images":{"Primary":{"Small":{"Height":75,"URL":"https://m.media-amazon.com/images/I/4182w5Sn2oL._SL75_.jpg","Width":56}}},"ItemInfo":{"ByLineInfo":{"Brand":{"DisplayValue":"Jack & Jones","Label":"Brand","Locale":"es_ES"},"Manufacturer":{"DisplayValue":"JACK & JONES","Label":"Manufacturer","Locale":"es_ES"}},"Title":{"DisplayValue":"Jack & Jones Jacmontana Leather Gloves STS Guantes, Negro (Black), Small (Talla del Fabricante: S/M) para Hombre","Label":"Title","Locale":"es_ES"}},"Offers":{"Summaries":[{"Condition":{"Value":"New"},"LowestPrice":{"Amount":31.99,"Currency":"EUR","DisplayAmount":"31,99 €"}}]}}],"SearchURL":"https://www.amazon.es/s?k=guantes+cuero&rh=p_n_availability%3A-1&tag=topinalambricos-21&linkCode=osi","TotalResultCount":306}},"181":{"SearchResult":{"Items":[{"ASIN":"B09Y5PMM4X","DetailPageURL":"https://www.amazon.es/dp/B09Y5PMM4X?tag=topinalambricos-21&linkCode=osi&th=1&psc=1","Images":{"Primary":{"Small":{"Height":70,"URL":"https://m.media-amazon.com/images/I/51THlKPdmgL._SL75_.jpg","Width":75}}},"ItemInfo":{"ByLineInfo":{"Brand":{"DisplayValue":"BJTYHT","Label":"Brand","Locale":"es_ES"},"Manufacturer":{"DisplayValue":"song4","Label":"Manufacturer","Locale":"es_ES"}},"Title":{"DisplayValue":"Guantes Guantes de Cuero Medio Dedo for la conducción de la Locomotora de Guantes del Semi-Dedo Guantes Negros Flor (Color : Black, Gloves Size : L)","Label":"Title","Locale":"es_ES"}},"Offers":{"Summaries":[{"Condition":{"Value":"New"},"LowestPrice":{"Amount":76.81,"Currency":"EUR","DisplayAmount":"76,81 €"}}]}},{"ASIN":"B07VSCVF7C","DetailPageURL":"https://www.amazon.es/dp/B07VSCVF7C?tag=topinalambricos-21&linkCode=osi&th=1&psc=1","Images":{"Primary":{"Small":{"Height":75,"URL":"https://m.media-amazon.com/images/I/51Ktc22XvyL._SL75_.jpg","Width":75}}},"ItemInfo":{"ByLineInfo":{"Brand":{"DisplayValue":"Swftc","Label":"Brand","Locale":"es_ES"},"Manufacturer":{"DisplayValue":"Swftc","Label":"Manufacturer","Locale":"es_ES"}},"Title":{"DisplayValue":"Swftc Cuero genuino Medio dedo Marrón Guantes negros Hombres Verano Guante de piel de oveja semi-dedo de conducción transpirable antideslizante Aptitud for la aptitud Locomotora sin dedos Locomotora d","Label":"Title","Locale":"es_ES"}},"Offers":{"Summaries":[{"Condition":{"Value":"New"},"LowestPrice":{"Amount":39.47,"Currency":"EUR","DisplayAmount":"39,47 €"}}]}},{"ASIN":"B09BYLVN9S","DetailPageURL":"https://www.amazon.es/dp/B09BYLVN9S?tag=topinalambricos-21&linkCode=osi&th=1&psc=1","Images":{"Primary":{"Small":{"Height":75,"URL":"https://m.media-amazon.com/images/I/51RXqgZkSiL._SL75_.jpg","Width":75}}},"ItemInfo":{"ByLineInfo":{"Brand":{"DisplayValue":"UimimiU","Label":"Brand","Locale":"es_ES"},"Manufacturer":{"DisplayValue":"UimimiU","Label":"Manufacturer","Locale":"es_ES"}},"Title":{"DisplayValue":"UimimiU Hombres verano cuero genuino transpirable medio dedo conducción semi-dedo ovejas guantes antideslizante aptitud mitones mitones sin dedos locomotora de una sola capa de cuero marrón guantes ne","Label":"Title","Locale":"es_ES"}},"Offers":{"Summaries":[{"Condition":{"Value":"New"},"LowestPrice":{"Amount":43.81,"Currency":"EUR","DisplayAmount":"43,81 €"}}]}},{"ASIN":"B09D7L95C2","DetailPageURL":"https://www.amazon.es/dp/B09D7L95C2?tag=topinalambricos-21&linkCode=osi&th=1&psc=1","Images":{"Primary":{"Small":{"Height":75,"URL":"https://m.media-amazon.com/images/I/41NSk9VOE4L._SL75_.jpg","Width":75}}},"ItemInfo":{"ByLineInfo":{"Brand":{"DisplayValue":"HXSZWJJ","Label":"Brand","Locale":"es_ES"},"Manufacturer":{"DisplayValue":"HXSZWJJ","Label":"Manufacturer","Locale":"es_ES"}},"Title":{"DisplayValue":"HXSZWJJ Guantes De Cuero Genuino Semi-Dedo Guantes Sin Dedos De Conducción Delgada For Hombres (Color : Dark Brown, Gloves Size : L)","Label":"Title","Locale":"es_ES"}},"Offers":{"Summaries":[{"Condition":{"Value":"New"},"LowestPrice":{"Amount":46.44,"Currency":"EUR","DisplayAmount":"46,44 €"}}]}},{"ASIN":"B07JK9RXHC","DetailPageURL":"https://www.amazon.es/dp/B07JK9RXHC?tag=topinalambricos-21&linkCode=osi&th=1&psc=1","Images":{"Primary":{"Small":{"Height":75,"URL":"https://m.media-amazon.com/images/I/41gtDJAMGuL._SL75_.jpg","Width":75}}},"ItemInfo":{"ByLineInfo":{"Brand":{"DisplayValue":"Lanceyy","Label":"Brand","Locale":"es_ES"},"Manufacturer":{"DisplayValue":"None","Label":"Manufacturer","Locale":"es_ES"}},"Title":{"DisplayValue":"Lanceyy Guantes Semi Dedos Para Hombre, Informal Y Femenino, Sencillos Deporte Al Aire Libre, Antideslizante, Guantes De Cuero Para Dedos Estilo (Color : Femaleblack, Size : S)","Label":"Title","Locale":"es_ES"}},"Offers":{"Summaries":[{"Condition":{"Value":"New"},"LowestPrice":{"Amount":32.99,"Currency":"EUR","DisplayAmount":"32,99 €"}}]}},{"ASIN":"B08LR6CRWC","DetailPageURL":"https://www.amazon.es/dp/B08LR6CRWC?tag=topinalambricos-21&linkCode=osi&th=1&psc=1","Images":{"Primary":{"Small":{"Height":75,"URL":"https://m.media-amazon.com/images/I/51RypYcM--L._SL75_.jpg","Width":75}}},"ItemInfo":{"ByLineInfo":{"Brand":{"DisplayValue":"AOXQ","Label":"Brand","Locale":"es_ES"},"Manufacturer":{"DisplayValue":"AOXQ","Label":"Manufacturer","Locale":"es_ES"}},"Title":{"DisplayValue":"AOXQ Guantes de Hombre Guantes Guantes de Lucha Guantes de Mujer Semi-Verde_L","Label":"Title","Locale":"es_ES"}},"Offers":{"Summaries":[{"Condition":{"Value":"New"},"LowestPrice":{"Amount":28.84,"Currency":"EUR","DisplayAmount":"28,84 €"}}]}},{"ASIN":"B08LTF6GSW","DetailPageURL":"https://www.amazon.es/dp/B08LTF6GSW?tag=topinalambricos-21&linkCode=osi&th=1&psc=1","Images":{"Primary":{"Small":{"Height":75,"URL":"https://m.media-amazon.com/images/I/41nOlMhjrFL._SL75_.jpg","Width":75}}},"ItemInfo":{"ByLineInfo":{"Brand":{"DisplayValue":"AOXQ","Label":"Brand","Locale":"es_ES"},"Manufacturer":{"DisplayValue":"AOXQ","Label":"Manufacturer","Locale":"es_ES"}},"Title":{"DisplayValue":"AOXQ Guantes para Hombre Guantes Ligeros y Transpirables para Bicicleta Guantes Antideslizantes para Bicicleta Pesca Semi-Negros_L","Label":"Title","Locale":"es_ES"}},"Offers":{"Summaries":[{"Condition":{"Value":"New"},"LowestPrice":{"Amount":30.73,"Currency":"EUR","DisplayAmount":"30,73 €"}}]}},{"ASIN":"B07ZJ1MR9K","DetailPageURL":"https://www.amazon.es/dp/B07ZJ1MR9K?tag=topinalambricos-21&linkCode=osi&th=1&psc=1","Images":{"Primary":{"Small":{"Height":75,"URL":"https://m.media-amazon.com/images/I/41hu8IQ7FdL._SL75_.jpg","Width":75}}},"ItemInfo":{"ByLineInfo":{"Brand":{"DisplayValue":"CCEKD","Label":"Brand","Locale":"es_ES"},"Manufacturer":{"DisplayValue":"CCEKD","Label":"Manufacturer","Locale":"es_ES"}},"Title":{"DisplayValue":"CCEKD Guantes de Hombre Guantes Ligeros y Transpirables para Hombres con Guantes Antideslizantes, Resistentes al Desgaste, llenos y de Medio Dedo, Semi, Disfraz, M","Label":"Title","Locale":"es_ES"}},"Offers":{"Summaries":[{"Condition":{"Value":"New"},"LowestPrice":{"Amount":23.5,"Currency":"EUR","DisplayAmount":"23,50 €"}}]}},{"ASIN":"B08LRSPC53","DetailPageURL":"https://www.amazon.es/dp/B08LRSPC53?tag=topinalambricos-21&linkCode=osi&th=1&psc=1","Images":{"Primary":{"Small":{"Height":75,"URL":"https://m.media-amazon.com/images/I/41O5PffEv+L._SL75_.jpg","Width":75}}},"ItemInfo":{"ByLineInfo":{"Brand":{"DisplayValue":"AOXQ","Label":"Brand","Locale":"es_ES"},"Manufacturer":{"DisplayValue":"AOXQ","Label":"Manufacturer","Locale":"es_ES"}},"Title":{"DisplayValue":"AOXQ Guantes de Ciclismo para Deportes al Aire Libre, Guantes de Silicona Antideslizantes para Hombres, Guantes de Pesca a Prueba de Viento para Bicicleta, Semi Camuflaje_S","Label":"Title","Locale":"es_ES"}},"Offers":{"Summaries":[{"Condition":{"Value":"New"},"LowestPrice":{"Amount":27.2,"Currency":"EUR","DisplayAmount":"27,20 €"}}]}},{"ASIN":"B08LR728N6","DetailPageURL":"https://www.amazon.es/dp/B08LR728N6?tag=topinalambricos-21&linkCode=osi&th=1&psc=1","Images":{"Primary":{"Small":{"Height":75,"URL":"https://m.media-amazon.com/images/I/51Y-YKWj5EL._SL75_.jpg","Width":75}}},"ItemInfo":{"ByLineInfo":{"Brand":{"DisplayValue":"AOXQ","Label":"Brand","Locale":"es_ES"},"Manufacturer":{"DisplayValue":"AOXQ","Label":"Manufacturer","Locale":"es_ES"}},"Title":{"DisplayValue":"AOXQ Primavera y otoño, Guantes Ligeros y Transpirables para Hombres, Moda, Camuflaje Colorido, Montar en Negro, Antideslizante, Semi-Caqui","Label":"Title","Locale":"es_ES"}},"Offers":{"Summaries":[{"Condition":{"Value":"New"},"LowestPrice":{"Amount":27.2,"Currency":"EUR","DisplayAmount":"27,20 €"}}]}}],"SearchURL":"https://www.amazon.es/s?k=guantes+semi+cuero&rh=n%3A3074171031%2Cp_n_availability%3A-1&tag=topinalambricos-21&linkCode=osi","TotalResultCount":14}},"183":{"SearchResult":{"Items":[{"ASIN":"B09Q98X3KJ","DetailPageURL":"https://www.amazon.es/dp/B09Q98X3KJ?tag=topinalambricos-21&linkCode=osi&th=1&psc=1","Images":{"Primary":{"Small":{"Height":53,"URL":"https://m.media-amazon.com/images/I/31mWe7IO9YL._SL75_.jpg","Width":75}}},"ItemInfo":{"ByLineInfo":{"Brand":{"DisplayValue":"G-STAR RAW","Label":"Brand","Locale":"es_ES"},"Manufacturer":{"DisplayValue":"G-STAR RAW","Label":"Manufacturer","Locale":"es_ES"}},"Title":{"DisplayValue":"G-STAR RAW Dast Belt Cinturón, Multicolor (Mazarine Blue/Black Metal 3127-3863), 100 para Hombre","Label":"Title","Locale":"es_ES"}},"Offers":{"Summaries":[{"Condition":{"Value":"New"},"LowestPrice":{"Amount":20.64,"Currency":"EUR","DisplayAmount":"20,64 €"}}]}},{"ASIN":"B078H8NDS7","DetailPageURL":"https://www.amazon.es/dp/B078H8NDS7?tag=topinalambricos-21&linkCode=osi&th=1&psc=1","Images":{"Primary":{"Small":{"Height":55,"URL":"https://m.media-amazon.com/images/I/41bIBqJRkxL._SL75_.jpg","Width":75}}},"ItemInfo":{"ByLineInfo":{"Brand":{"DisplayValue":"Jack & Jones","Label":"Brand","Locale":"es_ES"},"Manufacturer":{"DisplayValue":"JACK & JONES","Label":"Manufacturer","Locale":"es_ES"}},"Title":{"DisplayValue":"Jack & Jones Men JACHARRY Leather Belt Basic Classic Logo Metal Buckle, Color:Negro, Größe Gürtel:105","Label":"Title","Locale":"es_ES"}},"Offers":{"Summaries":[{"Condition":{"Value":"New"},"LowestPrice":{"Amount":12.99,"Currency":"EUR","DisplayAmount":"12,99 €"}}]}},{"ASIN":"B09DV2RQJ1","DetailPageURL":"https://www.amazon.es/dp/B09DV2RQJ1?tag=topinalambricos-21&linkCode=osi&th=1&psc=1","Images":{"Primary":{"Small":{"Height":75,"URL":"https://m.media-amazon.com/images/I/3188LQXxP0L._SL75_.jpg","Width":53}}},"ItemInfo":{"ByLineInfo":{"Brand":{"DisplayValue":"Tommy Hilfiger","Label":"Brand","Locale":"es_ES"},"Manufacturer":{"DisplayValue":"Tommy Hilfiger","Label":"Manufacturer","Locale":"es_ES"}},"Title":{"DisplayValue":"Tommy Hilfiger Cinturón para Hombre New denton 3.5 Belt de Cuero, Negro (Black), 95 cm","Label":"Title","Locale":"es_ES"}},"Offers":{"Summaries":[{"Condition":{"Value":"New"},"LowestPrice":{"Amount":39.95,"Currency":"EUR","DisplayAmount":"39,95 €"}}]}},{"ASIN":"B09QF2RFFQ","DetailPageURL":"https://www.amazon.es/dp/B09QF2RFFQ?tag=topinalambricos-21&linkCode=osi&th=1&psc=1","Images":{"Primary":{"Small":{"Height":57,"URL":"https://m.media-amazon.com/images/I/31tHsYiLFEL._SL75_.jpg","Width":75}}},"ItemInfo":{"ByLineInfo":{"Brand":{"DisplayValue":"Tommy Hilfiger","Label":"Brand","Locale":"es_ES"},"Manufacturer":{"DisplayValue":"PVH","Label":"Manufacturer","Locale":"es_ES"}},"Title":{"DisplayValue":"Tommy Hilfiger Cinturón para Hombre denton Reversible 3.5 de Cuero, Space Azule/Army Green, 105 cm","Label":"Title","Locale":"es_ES"}},"Offers":{"Summaries":[{"Condition":{"Value":"New"},"LowestPrice":{"Amount":40.38,"Currency":"EUR","DisplayAmount":"40,38 €"}}]}},{"ASIN":"B09QB6P8B6","DetailPageURL":"https://www.amazon.es/dp/B09QB6P8B6?tag=topinalambricos-21&linkCode=osi&th=1&psc=1","Images":{"Primary":{"Small":{"Height":41,"URL":"https://m.media-amazon.com/images/I/31Otl+uDEgL._SL75_.jpg","Width":75}}},"ItemInfo":{"ByLineInfo":{"Brand":{"DisplayValue":"Calvin Klein","Label":"Brand","Locale":"es_ES"},"Manufacturer":{"DisplayValue":"PVH","Label":"Manufacturer","Locale":"es_ES"}},"Title":{"DisplayValue":"calvin klein Adj/Rev CK Metal 35MM Logo, Black/Dark Brown, 80 para Hombre","Label":"Title","Locale":"es_ES"}},"Offers":{"Summaries":[{"Condition":{"Value":"New"},"LowestPrice":{"Amount":69.9,"Currency":"EUR","DisplayAmount":"69,90 €"}}]}},{"ASIN":"B09DV2BP1B","DetailPageURL":"https://www.amazon.es/dp/B09DV2BP1B?tag=topinalambricos-21&linkCode=osi&th=1&psc=1","Images":{"Primary":{"Small":{"Height":41,"URL":"https://m.media-amazon.com/images/I/31z-suX7UhL._SL75_.jpg","Width":75}}},"ItemInfo":{"ByLineInfo":{"Brand":{"DisplayValue":"Tommy Hilfiger","Label":"Brand","Locale":"es_ES"},"Manufacturer":{"DisplayValue":"Tommy Hilfiger","Label":"Manufacturer","Locale":"es_ES"}},"Title":{"DisplayValue":"Tommy Hilfiger Cinturón para Hombre New Aly Belt de Cuero, Azul (Midnight), 90 cm","Label":"Title","Locale":"es_ES"}},"Offers":{"Summaries":[{"Condition":{"Value":"New"},"LowestPrice":{"Amount":39.9,"Currency":"EUR","DisplayAmount":"39,90 €"}}]}},{"ASIN":"B00QRN2GWO","DetailPageURL":"https://www.amazon.es/dp/B00QRN2GWO?tag=topinalambricos-21&linkCode=osi&th=1&psc=1","Images":{"Primary":{"Small":{"Height":75,"URL":"https://m.media-amazon.com/images/I/410nxWGFveL._SL75_.jpg","Width":75}}},"ItemInfo":{"ByLineInfo":{"Brand":{"DisplayValue":"Lois","Label":"Brand","Locale":"es_ES"},"Contributors":[{"Locale":"es_ES","Name":"Lois","Role":"Diseñador","RoleType":"designer"}],"Manufacturer":{"DisplayValue":"Arsamar","Label":"Manufacturer","Locale":"es_ES"}},"Title":{"DisplayValue":"Lois - Cinturon Hombre Mujer Cuero Piel Genuina. Ancho de 40 mm. Talla Ajustable de Marca Talla Ajustable 501002, Negro","Label":"Title","Locale":"es_ES"}},"Offers":{"Summaries":[{"Condition":{"Value":"New"},"LowestPrice":{"Amount":29.99,"Currency":"EUR","DisplayAmount":"29,99 €"}}]}},{"ASIN":"B08BG2M25M","DetailPageURL":"https://www.amazon.es/dp/B08BG2M25M?tag=topinalambricos-21&linkCode=osi&th=1&psc=1","Images":{"Primary":{"Small":{"Height":47,"URL":"https://m.media-amazon.com/images/I/31y9mUcsZCL._SL75_.jpg","Width":75}}},"ItemInfo":{"ByLineInfo":{"Brand":{"DisplayValue":"Levi's","Label":"Brand","Locale":"es_ES"},"Manufacturer":{"DisplayValue":"Levi's FOOTWEAR & ACCESSORIES","Label":"Manufacturer","Locale":"es_ES"}},"Title":{"DisplayValue":"Levi's Seine Metal cinturón, Marrón Oscuro, 90 para Hombre","Label":"Title","Locale":"es_ES"}},"Offers":{"Summaries":[{"Condition":{"Value":"New"},"LowestPrice":{"Amount":20.95,"Currency":"EUR","DisplayAmount":"20,95 €"}}]}},{"ASIN":"B01EFY6WNU","DetailPageURL":"https://www.amazon.es/dp/B01EFY6WNU?tag=topinalambricos-21&linkCode=osi&th=1&psc=1","Images":{"Primary":{"Small":{"Height":75,"URL":"https://m.media-amazon.com/images/I/31J1Cl9TXNL._SL75_.jpg","Width":57}}},"ItemInfo":{"ByLineInfo":{"Brand":{"DisplayValue":"Calvin Klein","Label":"Brand","Locale":"es_ES"},"Manufacturer":{"DisplayValue":"Calvin Klein","Label":"Manufacturer","Locale":"es_ES"}},"Title":{"DisplayValue":"Calvin Klein Cinturón para Hombre Ck Adj. Buckle Belt de Cuero, Negro (Black), 85 cm","Label":"Title","Locale":"es_ES"}},"Offers":{"Summaries":[{"Condition":{"Value":"New"},"LowestPrice":{"Amount":45.07,"Currency":"EUR","DisplayAmount":"45,07 €"}}]}},{"ASIN":"B07QXSRSJJ","DetailPageURL":"https://www.amazon.es/dp/B07QXSRSJJ?tag=topinalambricos-21&linkCode=osi&th=1&psc=1","Images":{"Primary":{"Small":{"Height":75,"URL":"https://m.media-amazon.com/images/I/21rtjGUZuRL._SL75_.jpg","Width":57}}},"ItemInfo":{"ByLineInfo":{"Brand":{"DisplayValue":"Calvin Klein Jeans","Label":"Brand","Locale":"es_ES"},"Manufacturer":{"DisplayValue":"Calvin Klein","Label":"Manufacturer","Locale":"es_ES"}},"Title":{"DisplayValue":"Calvin Klein Formal Belt 3.5cm Cinturón, Negro (Black 001), 80 para Hombre","Label":"Title","Locale":"es_ES"}},"Offers":{"Summaries":[{"Condition":{"Value":"New"},"LowestPrice":{"Amount":34.64,"Currency":"EUR","DisplayAmount":"34,64 €"}}]}}],"SearchURL":"https://www.amazon.es/s?k=cuero&rh=n%3A3074165031%2Cp_n_availability%3A-1&tag=topinalambricos-21&linkCode=osi","TotalResultCount":53814}},"184":{"SearchResult":{"Items":[{"ASIN":"B09Q9X4P8L","DetailPageURL":"https://www.amazon.es/dp/B09Q9X4P8L?tag=topinalambricos-21&linkCode=osi&th=1&psc=1","Images":{"Primary":{"Small":{"Height":32,"URL":"https://m.media-amazon.com/images/I/31CQ-VFMqoL._SL75_.jpg","Width":75}}},"ItemInfo":{"ByLineInfo":{"Brand":{"DisplayValue":"Calvin Klein Jeans","Label":"Brand","Locale":"es_ES"},"Manufacturer":{"DisplayValue":"PVH","Label":"Manufacturer","Locale":"es_ES"}},"Title":{"DisplayValue":"Calvin Klein CK Must Sqr-Cinturón con Hebilla, coñac, 80 cm para Mujer","Label":"Title","Locale":"es_ES"}},"Offers":{"Summaries":[{"Condition":{"Value":"New"},"LowestPrice":{"Amount":49.9,"Currency":"EUR","DisplayAmount":"49,90 €"}}]}},{"ASIN":"B07RP884DS","DetailPageURL":"https://www.amazon.es/dp/B07RP884DS?tag=topinalambricos-21&linkCode=osi&th=1&psc=1","Images":{"Primary":{"Small":{"Height":75,"URL":"https://m.media-amazon.com/images/I/31JNmpAkzUL._SL75_.jpg","Width":57}}},"ItemInfo":{"ByLineInfo":{"Brand":{"DisplayValue":"Calvin Klein","Label":"Brand","Locale":"es_ES"},"Manufacturer":{"DisplayValue":"Calvin Klein","Label":"Manufacturer","Locale":"es_ES"}},"Title":{"DisplayValue":"Calvin Klein Cinturón para Mujer Ck Mono Belt 3 cm de Cuero, Marrón(Brown Mono), 85 cm","Label":"Title","Locale":"es_ES"}},"Offers":{"Summaries":[{"Condition":{"Value":"New"},"LowestPrice":{"Amount":27.0,"Currency":"EUR","DisplayAmount":"27,00 €"}}]}},{"ASIN":"B09RN9QVCR","DetailPageURL":"https://www.amazon.es/dp/B09RN9QVCR?tag=topinalambricos-21&linkCode=osi&th=1&psc=1","Images":{"Primary":{"Small":{"Height":75,"URL":"https://m.media-amazon.com/images/I/31Olbq+g8yL._SL75_.jpg","Width":75}}},"ItemInfo":{"ByLineInfo":{"Brand":{"DisplayValue":"Lois","Label":"Brand","Locale":"es_ES"},"Contributors":[{"Locale":"es_ES","Name":"Lois","Role":"Diseñador","RoleType":"designer"}],"Manufacturer":{"DisplayValue":"Arsamar Enterprise S.L.","Label":"Manufacturer","Locale":"es_ES"}},"Title":{"DisplayValue":"Lois - Cinturon Mujer de Cuero Genuino de Marca Cinturones de Mujer de Piell - Cinturón Mujer Ideal para el Uso Diario 49807, Beige claro","Label":"Title","Locale":"es_ES"}},"Offers":{"Summaries":[{"Condition":{"Value":"New"},"LowestPrice":{"Amount":19.99,"Currency":"EUR","DisplayAmount":"19,99 €"}}]}},{"ASIN":"B0B7664GWM","DetailPageURL":"https://www.amazon.es/dp/B0B7664GWM?tag=topinalambricos-21&linkCode=osi&th=1&psc=1","Images":{"Primary":{"Small":{"Height":75,"URL":"https://m.media-amazon.com/images/I/31oAGt6+C4L._SL75_.jpg","Width":75}}},"ItemInfo":{"ByLineInfo":{"Brand":{"DisplayValue":"Lois","Label":"Brand","Locale":"es_ES"},"Contributors":[{"Locale":"es_ES","Name":"Lois","Role":"Diseñador","RoleType":"designer"}],"Manufacturer":{"DisplayValue":"Arsamar Enterprise S.L.","Label":"Manufacturer","Locale":"es_ES"}},"Title":{"DisplayValue":"Lois - Cinturon Mujer de Cuero Genuino de Marca Cinturones de Mujer de Piell - Cinturón Mujer Ideal para el Uso Diario 49807, Beige claro","Label":"Title","Locale":"es_ES"}},"Offers":{"Summaries":[{"Condition":{"Value":"New"},"LowestPrice":{"Amount":19.99,"Currency":"EUR","DisplayAmount":"19,99 €"}}]}},{"ASIN":"B08896QLP2","DetailPageURL":"https://www.amazon.es/dp/B08896QLP2?tag=topinalambricos-21&linkCode=osi&th=1&psc=1","Images":{"Primary":{"Small":{"Height":75,"URL":"https://m.media-amazon.com/images/I/21amQiPZDKL._SL75_.jpg","Width":57}}},"ItemInfo":{"ByLineInfo":{"Brand":{"DisplayValue":"Only","Label":"Brand","Locale":"es_ES"},"Manufacturer":{"DisplayValue":"Only","Label":"Manufacturer","Locale":"es_ES"}},"Title":{"DisplayValue":"Only Onlrasmi Faux Leather Jeans Belt Noos Cinturón para Mujer, Negro (Black/Shiny Silver Buckle), 90","Label":"Title","Locale":"es_ES"}},"Offers":{"Summaries":[{"Condition":{"Value":"Used"},"LowestPrice":{"Amount":8.81,"Currency":"EUR","DisplayAmount":"8,81 €"}},{"Condition":{"Value":"New"},"LowestPrice":{"Amount":8.9,"Currency":"EUR","DisplayAmount":"8,90 €"}}]}},{"ASIN":"B07R1126RM","DetailPageURL":"https://www.amazon.es/dp/B07R1126RM?tag=topinalambricos-21&linkCode=osi&th=1&psc=1","Images":{"Primary":{"Small":{"Height":75,"URL":"https://m.media-amazon.com/images/I/21X9mFD+32L._SL75_.jpg","Width":57}}},"ItemInfo":{"ByLineInfo":{"Brand":{"DisplayValue":"Calvin Klein","Label":"Brand","Locale":"es_ES"},"Manufacturer":{"DisplayValue":"Calvin Klein","Label":"Manufacturer","Locale":"es_ES"}},"Title":{"DisplayValue":"Calvin Klein Jeans CK Logo Belt 3.5 Cm Cinturón, Black Leather & Light Gold Buckle, 90 para Mujer","Label":"Title","Locale":"es_ES"}},"Offers":{"Summaries":[{"Condition":{"Value":"New"},"LowestPrice":{"Amount":34.45,"Currency":"EUR","DisplayAmount":"34,45 €"}}]}},{"ASIN":"B09QBKH74L","DetailPageURL":"https://www.amazon.es/dp/B09QBKH74L?tag=topinalambricos-21&linkCode=osi&th=1&psc=1","Images":{"Primary":{"Small":{"Height":75,"URL":"https://m.media-amazon.com/images/I/31i1Nk8zouL._SL75_.jpg","Width":57}}},"ItemInfo":{"ByLineInfo":{"Brand":{"DisplayValue":"Calvin Klein Jeans","Label":"Brand","Locale":"es_ES"},"Manufacturer":{"DisplayValue":"PVH","Label":"Manufacturer","Locale":"es_ES"}},"Title":{"DisplayValue":"Calvin Klein Cinturón para Mujer Re-Lock Ck Logo Belt 3 cm de Cuero, Negro (Ck Black), 75 cm","Label":"Title","Locale":"es_ES"}},"Offers":{"Summaries":[{"Condition":{"Value":"New"},"LowestPrice":{"Amount":34.65,"Currency":"EUR","DisplayAmount":"34,65 €"}}]}},{"ASIN":"B00XDYNGEW","DetailPageURL":"https://www.amazon.es/dp/B00XDYNGEW?tag=topinalambricos-21&linkCode=osi&th=1&psc=1","Images":{"Primary":{"Small":{"Height":75,"URL":"https://m.media-amazon.com/images/I/31h59qm9DZL._SL75_.jpg","Width":57}}},"ItemInfo":{"ByLineInfo":{"Brand":{"DisplayValue":"Tommy Hilfiger","Label":"Brand","Locale":"es_ES"},"Manufacturer":{"DisplayValue":"T.H. Deutschland GmbH","Label":"Manufacturer","Locale":"es_ES"}},"Title":{"DisplayValue":"Tommy Hilfiger Cinturón de para Mujer New Danny Belt de Cuero, Marrón(Cognac), 80 cm","Label":"Title","Locale":"es_ES"}},"Offers":{"Summaries":[{"Condition":{"Value":"New"},"LowestPrice":{"Amount":35.95,"Currency":"EUR","DisplayAmount":"35,95 €"}}]}},{"ASIN":"B09GH8F6HH","DetailPageURL":"https://www.amazon.es/dp/B09GH8F6HH?tag=topinalambricos-21&linkCode=osi&th=1&psc=1","Images":{"Primary":{"Small":{"Height":56,"URL":"https://m.media-amazon.com/images/I/31QSJ9UDsSS._SL75_.jpg","Width":75}}},"ItemInfo":{"ByLineInfo":{"Brand":{"DisplayValue":"Allegra K","Label":"Brand","Locale":"es_ES"},"Manufacturer":{"DisplayValue":"Allegra K","Label":"Manufacturer","Locale":"es_ES"}},"Title":{"DisplayValue":"Allegra K Cinturón de cuero ajustado ajustable para mujer Cinturones estrechos de moda Correa de cintura minimalista Negro 95-115cm/37.4-45.67\"","Label":"Title","Locale":"es_ES"}},"Offers":{"Summaries":[{"Condition":{"Value":"New"},"LowestPrice":{"Amount":13.99,"Currency":"EUR","DisplayAmount":"13,99 €"}}]}},{"ASIN":"B01IRB7A3I","DetailPageURL":"https://www.amazon.es/dp/B01IRB7A3I?tag=topinalambricos-21&linkCode=osi&th=1&psc=1","Images":{"Primary":{"Small":{"Height":48,"URL":"https://m.media-amazon.com/images/I/41bBRO2PQsL._SL75_.jpg","Width":75}}},"ItemInfo":{"ByLineInfo":{"Brand":{"DisplayValue":"PIECES","Label":"Brand","Locale":"es_ES"},"Manufacturer":{"DisplayValue":"PIECES","Label":"Manufacturer","Locale":"es_ES"}},"Title":{"DisplayValue":"PIECES PCNADY LEATHER JEANS BELT NOOS, Cinturón Mujer, Marrón (Cognac), 95 cm","Label":"Title","Locale":"es_ES"}},"Offers":{"Summaries":[{"Condition":{"Value":"New"},"LowestPrice":{"Amount":19.7,"Currency":"EUR","DisplayAmount":"19,70 €"}}]}}],"SearchURL":"https://www.amazon.es/s?k=cuero&rh=n%3A3074238031%2Cp_n_availability%3A-1&tag=topinalambricos-21&linkCode=osi","TotalResultCount":19268}},"185":{"SearchResult":{"Items":[{"ASIN":"B085RF2TMD","DetailPageURL":"https://www.amazon.es/dp/B085RF2TMD?tag=topinalambricos-21&linkCode=osi&th=1&psc=1","Images":{"Primary":{"Small":{"Height":75,"URL":"https://m.media-amazon.com/images/I/41TluBg+NEL._SL75_.jpg","Width":68}}},"ItemInfo":{"ByLineInfo":{"Brand":{"DisplayValue":"ANNA MILAN","Label":"Brand","Locale":"es_ES"}},"Title":{"DisplayValue":"ANNA MILAN- Cinturón Charol Piel natural Fabricado artesanalmente en España. (M (85))","Label":"Title","Locale":"es_ES"}},"Offers":{"Summaries":[{"Condition":{"Value":"New"},"LowestPrice":{"Amount":58.0,"Currency":"EUR","DisplayAmount":"58,00 €"}}]}},{"ASIN":"B08LDX4DFD","DetailPageURL":"https://www.amazon.es/dp/B08LDX4DFD?tag=topinalambricos-21&linkCode=osi&th=1&psc=1","Images":{"Primary":{"Small":{"Height":75,"URL":"https://m.media-amazon.com/images/I/41RrcgoLMyL._SL75_.jpg","Width":75}}},"ItemInfo":{"ByLineInfo":{"Brand":{"DisplayValue":"KSTYLE","Label":"Brand","Locale":"es_ES"},"Manufacturer":{"DisplayValue":"KSTYLE","Label":"Manufacturer","Locale":"es_ES"}},"Title":{"DisplayValue":"KSTYLE Cinturón Casual de Mujer con Hebilla de Metal Cinturón de Cuero Trenzado Artesanal,Café,105CM","Label":"Title","Locale":"es_ES"}},"Offers":{"Summaries":[{"Condition":{"Value":"New"},"LowestPrice":{"Amount":21.27,"Currency":"EUR","DisplayAmount":"21,27 €"}}]}},{"ASIN":"B08RCRN3Z8","DetailPageURL":"https://www.amazon.es/dp/B08RCRN3Z8?tag=topinalambricos-21&linkCode=osi&th=1&psc=1","Images":{"Primary":{"Small":{"Height":51,"URL":"https://m.media-amazon.com/images/I/41F8fAlGARL._SL75_.jpg","Width":75}}},"ItemInfo":{"ByLineInfo":{"Brand":{"DisplayValue":"almela","Label":"Brand","Locale":"es_ES"},"Manufacturer":{"DisplayValue":"almela","Label":"Manufacturer","Locale":"es_ES"}},"Title":{"DisplayValue":"almela - Cinturón de mujer - Piel legítima - Cuero - 4 cm de ancho - Hebilla Corazón en plata vieja - 40mm - Jeans, vestidos, camisas anchas… (Negro, 105)","Label":"Title","Locale":"es_ES"}},"Offers":{"Summaries":[{"Condition":{"Value":"New"},"LowestPrice":{"Amount":34.99,"Currency":"EUR","DisplayAmount":"34,99 €"}}]}},{"ASIN":"B08D9SYNL7","DetailPageURL":"https://www.amazon.es/dp/B08D9SYNL7?tag=topinalambricos-21&linkCode=osi&th=1&psc=1","Images":{"Primary":{"Small":{"Height":47,"URL":"https://m.media-amazon.com/images/I/31VRGo1ZR6L._SL75_.jpg","Width":75}}},"ItemInfo":{"ByLineInfo":{"Brand":{"DisplayValue":"almela","Label":"Brand","Locale":"es_ES"},"Manufacturer":{"DisplayValue":"almela","Label":"Manufacturer","Locale":"es_ES"}},"Title":{"DisplayValue":"almela - Cinturón mujer - Piel legítima - 4 cm de ancho - Casual informal - 40mm - Correa cuero - Hebilla plata antigua antialérgica - Cinto - Women leather belt - Rojo, 95","Label":"Title","Locale":"es_ES"}},"Offers":{"Summaries":[{"Condition":{"Value":"New"},"LowestPrice":{"Amount":29.99,"Currency":"EUR","DisplayAmount":"29,99 €"}}]}},{"ASIN":"B08XNQHHXC","DetailPageURL":"https://www.amazon.es/dp/B08XNQHHXC?tag=topinalambricos-21&linkCode=osi&th=1&psc=1","Images":{"Primary":{"Small":{"Height":44,"URL":"https://m.media-amazon.com/images/I/31JvkQ-KmnL._SL75_.jpg","Width":75}}},"ItemInfo":{"ByLineInfo":{"Brand":{"DisplayValue":"almela","Label":"Brand","Locale":"es_ES"},"Manufacturer":{"DisplayValue":"almela","Label":"Manufacturer","Locale":"es_ES"}},"Title":{"DisplayValue":"almela - Cinturón mujer - Piel legitima - Hebilla aros en oro viejo - 4 cm de ancho - Moda joven - 40mm - Cuero - Hebilla redonda de anillos - Cinto - Correa - Leather Woman belt - Coñack, 95","Label":"Title","Locale":"es_ES"}},"Offers":{"Summaries":[{"Condition":{"Value":"New"},"LowestPrice":{"Amount":25.99,"Currency":"EUR","DisplayAmount":"25,99 €"}}]}},{"ASIN":"B0857JJXHH","DetailPageURL":"https://www.amazon.es/dp/B0857JJXHH?tag=topinalambricos-21&linkCode=osi&th=1&psc=1","Images":{"Primary":{"Small":{"Height":56,"URL":"https://m.media-amazon.com/images/I/31juV3-dKyL._SL75_.jpg","Width":75}}},"ItemInfo":{"ByLineInfo":{"Brand":{"DisplayValue":"ANNA MILAN","Label":"Brand","Locale":"es_ES"}},"Title":{"DisplayValue":"ANNA MILAN - Cinturón Piel de Charol fucsia Fabricado artesanalmente en España (L (90))","Label":"Title","Locale":"es_ES"}},"Offers":{"Summaries":[{"Condition":{"Value":"New"},"LowestPrice":{"Amount":68.0,"Currency":"EUR","DisplayAmount":"68,00 €"}}]}},{"ASIN":"B083ZXKDRM","DetailPageURL":"https://www.amazon.es/dp/B083ZXKDRM?tag=topinalambricos-21&linkCode=osi&th=1&psc=1","Images":{"Primary":{"Small":{"Height":75,"URL":"https://m.media-amazon.com/images/I/31X50agdMpL._SL75_.jpg","Width":75}}},"ItemInfo":{"ByLineInfo":{"Brand":{"DisplayValue":"HEALLILY","Label":"Brand","Locale":"es_ES"},"Manufacturer":{"DisplayValue":"HEALLILY","Label":"Manufacturer","Locale":"es_ES"}},"Title":{"DisplayValue":"HEALLILY Cinturón de Ropa de Cuero Color Sólido Cinturón Casual Jeans sin Terminar Pantalones Cinturón Cinturón de Usos Múltiples Correa para Bolso Tote Diy Proyectos Artesanales","Label":"Title","Locale":"es_ES"}},"Offers":{"Summaries":[{"Condition":{"Value":"New"},"LowestPrice":{"Amount":24.89,"Currency":"EUR","DisplayAmount":"24,89 €"}}]}},{"ASIN":"B07GBBF4Z8","DetailPageURL":"https://www.amazon.es/dp/B07GBBF4Z8?tag=topinalambricos-21&linkCode=osi&th=1&psc=1","Images":{"Primary":{"Small":{"Height":47,"URL":"https://m.media-amazon.com/images/I/31isKp4XTuL._SL75_.jpg","Width":75}}},"ItemInfo":{"ByLineInfo":{"Brand":{"DisplayValue":"Merry Style","Label":"Brand","Locale":"es_ES"}},"Title":{"DisplayValue":"Merry Style Cinturón de Cuero para Mujer D41 (Grafito, 95 cm (Largo total 114 cm))","Label":"Title","Locale":"es_ES"}},"Offers":{"Summaries":[{"Condition":{"Value":"New"},"LowestPrice":{"Amount":7.99,"Currency":"EUR","DisplayAmount":"7,99 €"}}]}},{"ASIN":"B0868SLH6Z","DetailPageURL":"https://www.amazon.es/dp/B0868SLH6Z?tag=topinalambricos-21&linkCode=osi&th=1&psc=1","Images":{"Primary":{"Small":{"Height":30,"URL":"https://m.media-amazon.com/images/I/31K3YQM9BFL._SL75_.jpg","Width":75}}},"ItemInfo":{"ByLineInfo":{"Brand":{"DisplayValue":"styleBREAKER","Label":"Brand","Locale":"es_ES"}},"Title":{"DisplayValue":"styleBREAKER Cinturón de cuero para damas liso con relieve en zigzag azteca y espinas en relieve, acortable 03010110, tamaño:90cm, color:Azul oscuro","Label":"Title","Locale":"es_ES"}},"Offers":{"Summaries":[{"Condition":{"Value":"New"},"LowestPrice":{"Amount":24.95,"Currency":"EUR","DisplayAmount":"24,95 €"}}]}},{"ASIN":"B01KOHRH2W","DetailPageURL":"https://www.amazon.es/dp/B01KOHRH2W?tag=topinalambricos-21&linkCode=osi&th=1&psc=1","Images":{"Primary":{"Small":{"Height":75,"URL":"https://m.media-amazon.com/images/I/41j3xLvuYtL._SL75_.jpg","Width":56}}},"ItemInfo":{"ByLineInfo":{"Brand":{"DisplayValue":"Tom Tailor","Label":"Brand","Locale":"es_ES"},"Manufacturer":{"DisplayValue":"Tom Tailor","Label":"Manufacturer","Locale":"es_ES"}},"Title":{"DisplayValue":"TOM TAILOR Cinturón de cuero Fabricado en Alemania Mujer","Label":"Title","Locale":"es_ES"}},"Offers":{"Summaries":[{"Condition":{"Value":"New"},"LowestPrice":{"Amount":31.49,"Currency":"EUR","DisplayAmount":"31,49 €"}}]}}],"SearchURL":"https://www.amazon.es/s?k=cuero+artesanal&rh=n%3A3074238031%2Cp_n_availability%3A-1&tag=topinalambricos-21&linkCode=osi","TotalResultCount":60}},"186":{"SearchResult":{"Items":[{"ASIN":"B00Y351H1E","DetailPageURL":"https://www.amazon.es/dp/B00Y351H1E?tag=topinalambricos-21&linkCode=osi&th=1&psc=1","Images":{"Primary":{"Small":{"Height":75,"URL":"https://m.media-amazon.com/images/I/51ZdrbmRE7L._SL75_.jpg","Width":75}}},"ItemInfo":{"ByLineInfo":{"Brand":{"DisplayValue":"TOURBON","Label":"Brand","Locale":"es_ES"},"Manufacturer":{"DisplayValue":"TOURBON","Label":"Manufacturer","Locale":"es_ES"}},"Title":{"DisplayValue":"Tourbon Caza Tela Y Cuero Escopeta Cartucho MuniciÓN Correa (12GA)","Label":"Title","Locale":"es_ES"}},"Offers":{"Summaries":[{"Condition":{"Value":"New"},"LowestPrice":{"Amount":39.99,"Currency":"EUR","DisplayAmount":"39,99 €"}}]}},{"ASIN":"B0104J21V2","DetailPageURL":"https://www.amazon.es/dp/B0104J21V2?tag=topinalambricos-21&linkCode=osi&th=1&psc=1","Images":{"Primary":{"Small":{"Height":75,"URL":"https://m.media-amazon.com/images/I/41Kdqk34-bL._SL75_.jpg","Width":75}}},"ItemInfo":{"ByLineInfo":{"Brand":{"DisplayValue":"TOURBON","Label":"Brand","Locale":"es_ES"},"Manufacturer":{"DisplayValue":"TOURBON","Label":"Manufacturer","Locale":"es_ES"}},"Title":{"DisplayValue":"Tourbon - Cartuchera de caza de auténtica piel para rifle - mano derecha","Label":"Title","Locale":"es_ES"}},"Offers":{"Summaries":[{"Condition":{"Value":"New"},"LowestPrice":{"Amount":41.99,"Currency":"EUR","DisplayAmount":"41,99 €"}}]}},{"ASIN":"B094PWBG1F","DetailPageURL":"https://www.amazon.es/dp/B094PWBG1F?tag=topinalambricos-21&linkCode=osi&th=1&psc=1","Images":{"Primary":{"Small":{"Height":56,"URL":"https://m.media-amazon.com/images/I/413C+5WgjRS._SL75_.jpg","Width":75}}},"ItemInfo":{"ByLineInfo":{"Brand":{"DisplayValue":"C.A. CIMBELEROS ARTESANOS IGNACIO ESTEVE","Label":"Brand","Locale":"es_ES"},"Manufacturer":{"DisplayValue":"Cimbeleros Artesanos","Label":"Manufacturer","Locale":"es_ES"}},"Title":{"DisplayValue":"Canana para Cartuchos de Cuero, Hecha a Mano","Label":"Title","Locale":"es_ES"}},"Offers":{"Summaries":[{"Condition":{"Value":"New"},"LowestPrice":{"Amount":33.0,"Currency":"EUR","DisplayAmount":"33,00 €"}}]}},{"ASIN":"B077TD56FZ","DetailPageURL":"https://www.amazon.es/dp/B077TD56FZ?tag=topinalambricos-21&linkCode=osi&th=1&psc=1","Images":{"Primary":{"Small":{"Height":75,"URL":"https://m.media-amazon.com/images/I/41iZEITP++L._SL75_.jpg","Width":42}}},"ItemInfo":{"ByLineInfo":{"Brand":{"DisplayValue":"Jack Pyke","Label":"Brand","Locale":"es_ES"},"Manufacturer":{"DisplayValue":"JACK PYKE","Label":"Manufacturer","Locale":"es_ES"}},"Title":{"DisplayValue":"Jack Pyke - Cartuchera - Cuero - Marrón Oscuro","Label":"Title","Locale":"es_ES"}},"Offers":{"Summaries":[{"Condition":{"Value":"New"},"LowestPrice":{"Amount":37.95,"Currency":"EUR","DisplayAmount":"37,95 €"}}]}},{"ASIN":"B01NBOEJ8V","DetailPageURL":"https://www.amazon.es/dp/B01NBOEJ8V?tag=topinalambricos-21&linkCode=osi&th=1&psc=1","Images":{"Primary":{"Small":{"Height":75,"URL":"https://m.media-amazon.com/images/I/41m1cvAhnkL._SL75_.jpg","Width":75}}},"ItemInfo":{"ByLineInfo":{"Brand":{"DisplayValue":"TOURBON","Label":"Brand","Locale":"es_ES"}},"Title":{"DisplayValue":"Tourbon Cuero Cintura Bolsa de munición de Disparo Bolsa de Shell de Escopeta con 2 Bullet Loop","Label":"Title","Locale":"es_ES"}},"Offers":{"Summaries":[{"Condition":{"Value":"New"},"LowestPrice":{"Amount":36.99,"Currency":"EUR","DisplayAmount":"36,99 €"}}]}},{"ASIN":"B09C3X1MKB","DetailPageURL":"https://www.amazon.es/dp/B09C3X1MKB?tag=topinalambricos-21&linkCode=osi&th=1&psc=1","Images":{"Primary":{"Small":{"Height":75,"URL":"https://m.media-amazon.com/images/I/3186zTCeXHL._SL75_.jpg","Width":75}}},"ItemInfo":{"ByLineInfo":{"Brand":{"DisplayValue":"Tourbn","Label":"Brand","Locale":"es_ES"},"Manufacturer":{"DisplayValue":"tourbonsporting","Label":"Manufacturer","Locale":"es_ES"}},"Title":{"DisplayValue":"TOURBON Cinturón de Cartucho de Cuero marrón Slide 9 Rounds Rifle Ammo Carrier","Label":"Title","Locale":"es_ES"}},"Offers":{"Summaries":[{"Condition":{"Value":"New"},"LowestPrice":{"Amount":17.99,"Currency":"EUR","DisplayAmount":"17,99 €"}}]}},{"ASIN":"B0B3F9689Q","DetailPageURL":"https://www.amazon.es/dp/B0B3F9689Q?tag=topinalambricos-21&linkCode=osi&th=1&psc=1","Images":{"Primary":{"Small":{"Height":75,"URL":"https://m.media-amazon.com/images/I/41SBbRMf37L._SL75_.jpg","Width":75}}},"ItemInfo":{"ByLineInfo":{"Brand":{"DisplayValue":"Tourbn","Label":"Brand","Locale":"es_ES"},"Manufacturer":{"DisplayValue":"tourbonsporting","Label":"Manufacturer","Locale":"es_ES"}},"Title":{"DisplayValue":"Tourbn Cinturón de Cartucho de Cuero Real Soporte de munición de 9 mm / .38 Correa de Pistola Ajustable Tamaño XL","Label":"Title","Locale":"es_ES"}},"Offers":{"Summaries":[{"Condition":{"Value":"New"},"LowestPrice":{"Amount":39.98,"Currency":"EUR","DisplayAmount":"39,98 €"}}]}},{"ASIN":"B0BKW4VRSK","DetailPageURL":"https://www.amazon.es/dp/B0BKW4VRSK?tag=topinalambricos-21&linkCode=osi&th=1&psc=1","Images":{"Primary":{"Small":{"Height":75,"URL":"https://m.media-amazon.com/images/I/412BuVYEFPL._SL75_.jpg","Width":75}}},"ItemInfo":{"ByLineInfo":{"Brand":{"DisplayValue":"Tourbn","Label":"Brand","Locale":"es_ES"},"Manufacturer":{"DisplayValue":"tourbonsporting","Label":"Manufacturer","Locale":"es_ES"}},"Title":{"DisplayValue":"TOURBON Escopeta Caza Calibre 12 Shotshell Titular Cartucho Ammo Bandolera Cinturón Negro","Label":"Title","Locale":"es_ES"}},"Offers":{"Summaries":[{"Condition":{"Value":"New"},"LowestPrice":{"Amount":29.71,"Currency":"EUR","DisplayAmount":"29,71 €"}}]}},{"ASIN":"B099KQF5WK","DetailPageURL":"https://www.amazon.es/dp/B099KQF5WK?tag=topinalambricos-21&linkCode=osi&th=1&psc=1","Images":{"Primary":{"Small":{"Height":75,"URL":"https://m.media-amazon.com/images/I/41WQgReJqhS._SL75_.jpg","Width":75}}},"ItemInfo":{"ByLineInfo":{"Brand":{"DisplayValue":"Tourbn","Label":"Brand","Locale":"es_ES"},"Manufacturer":{"DisplayValue":"tourbonsporting","Label":"Manufacturer","Locale":"es_ES"}},"Title":{"DisplayValue":"Tourbn TOURBON Cartera de munición de Rifle de Cuero Genuino Bolsa de cinturón de Soporte de Cartucho de Caza","Label":"Title","Locale":"es_ES"}},"Offers":{"Summaries":[{"Condition":{"Value":"New"},"LowestPrice":{"Amount":25.99,"Currency":"EUR","DisplayAmount":"25,99 €"}}]}},{"ASIN":"B00Y9I5SYW","DetailPageURL":"https://www.amazon.es/dp/B00Y9I5SYW?tag=topinalambricos-21&linkCode=osi&th=1&psc=1","Images":{"Primary":{"Small":{"Height":75,"URL":"https://m.media-amazon.com/images/I/41R0Pw1wGKL._SL75_.jpg","Width":75}}},"ItemInfo":{"ByLineInfo":{"Brand":{"DisplayValue":"TOURBON","Label":"Brand","Locale":"es_ES"},"Manufacturer":{"DisplayValue":"Tourbon Safari Store","Label":"Manufacturer","Locale":"es_ES"}},"Title":{"DisplayValue":"Correa bandolera de piel para escopeta Tourbon Genine (calibre 12)","Label":"Title","Locale":"es_ES"}},"Offers":{"Summaries":[{"Condition":{"Value":"New"},"LowestPrice":{"Amount":62.99,"Currency":"EUR","DisplayAmount":"62,99 €"}}]}}],"SearchURL":"https://www.amazon.es/s?k=cartuchera+canana+cuero&rh=n%3A2928485031%2Cp_n_availability%3A-1&tag=topinalambricos-21&linkCode=osi","TotalResultCount":154}},"187":{"SearchResult":{"Items":[{"ASIN":"B00NVRL4U4","DetailPageURL":"https://www.amazon.es/dp/B00NVRL4U4?tag=topinalambricos-21&linkCode=osi&th=1&psc=1","Images":{"Primary":{"Small":{"Height":75,"URL":"https://m.media-amazon.com/images/I/21O6pNt75RL._SL75_.jpg","Width":75}}},"ItemInfo":{"ByLineInfo":{"Brand":{"DisplayValue":"HORZE","Label":"Brand","Locale":"es_ES"},"Manufacturer":{"DisplayValue":"Horze","Label":"Manufacturer","Locale":"es_ES"}},"Title":{"DisplayValue":"HORZE Polainas sintéticas Desta, Negro, XL","Label":"Title","Locale":"es_ES"}},"Offers":{"Summaries":[{"Condition":{"Value":"New"},"LowestPrice":{"Amount":39.95,"Currency":"EUR","DisplayAmount":"39,95 €"}}]}},{"ASIN":"B00BAQSPK0","DetailPageURL":"https://www.amazon.es/dp/B00BAQSPK0?tag=topinalambricos-21&linkCode=osi&th=1&psc=1","Images":{"Primary":{"Small":{"Height":75,"URL":"https://m.media-amazon.com/images/I/41lVDRoq0DL._SL75_.jpg","Width":56}}},"ItemInfo":{"ByLineInfo":{"Brand":{"DisplayValue":"Covalliero","Label":"Brand","Locale":"es_ES"},"Manufacturer":{"DisplayValue":"Covalliero","Label":"Manufacturer","Locale":"es_ES"}},"Title":{"DisplayValue":"Polainas Elasto, Cuero con aplicación elástica, Negro, Talla XL","Label":"Title","Locale":"es_ES"}},"Offers":{"Summaries":[{"Condition":{"Value":"New"},"LowestPrice":{"Amount":46.19,"Currency":"EUR","DisplayAmount":"46,19 €"}}]}},{"ASIN":"B007EUF6JY","DetailPageURL":"https://www.amazon.es/dp/B007EUF6JY?tag=topinalambricos-21&linkCode=osi&th=1&psc=1","Images":{"Primary":{"Small":{"Height":75,"URL":"https://m.media-amazon.com/images/I/41XPjlD1GQL._SL75_.jpg","Width":49}}},"ItemInfo":{"ByLineInfo":{"Brand":{"DisplayValue":"HKM SPORTS EQUIPMENT","Label":"Brand","Locale":"es_ES"},"Manufacturer":{"DisplayValue":"HKM","Label":"Manufacturer","Locale":"es_ES"}},"Title":{"DisplayValue":"HKM 8585 Comfort Tendón Botas Forros Teddy Piel Sintética Cuero Artificial Anatómica","Label":"Title","Locale":"es_ES"}},"Offers":{"Summaries":[{"Condition":{"Value":"New"},"LowestPrice":{"Amount":34.12,"Currency":"EUR","DisplayAmount":"34,12 €"}}]}},{"ASIN":"B09XXSQSR2","DetailPageURL":"https://www.amazon.es/dp/B09XXSQSR2?tag=topinalambricos-21&linkCode=osi&th=1&psc=1","Images":{"Primary":{"Small":{"Height":75,"URL":"https://m.media-amazon.com/images/I/51qJSwFZPoL._SL75_.jpg","Width":75}}},"ItemInfo":{"ByLineInfo":{"Brand":{"DisplayValue":"Royalian","Label":"Brand","Locale":"es_ES"},"Manufacturer":{"DisplayValue":"Mewa Trading","Label":"Manufacturer","Locale":"es_ES"}},"Title":{"DisplayValue":"Royalian Montar a caballo medio Chaps polainas ecuestres unisex de cuero puro con cremallera y ajuste cómodo, Negro, XS","Label":"Title","Locale":"es_ES"}},"Offers":{"Summaries":[{"Condition":{"Value":"New"},"LowestPrice":{"Amount":25.85,"Currency":"EUR","DisplayAmount":"25,85 €"}}]}},{"ASIN":"B00D4783L4","DetailPageURL":"https://www.amazon.es/dp/B00D4783L4?tag=topinalambricos-21&linkCode=osi&th=1&psc=1","Images":{"Primary":{"Small":{"Height":75,"URL":"https://m.media-amazon.com/images/I/41fBf7zX7RL._SL75_.jpg","Width":75}}},"ItemInfo":{"ByLineInfo":{"Brand":{"DisplayValue":"HORZE","Label":"Brand","Locale":"es_ES"},"Manufacturer":{"DisplayValue":"Horze","Label":"Manufacturer","Locale":"es_ES"}},"Title":{"DisplayValue":"HORZE Resistentes Polainas acanaladas de Ante sintético Amara para Clases de equitación, Entrenamiento o para cabalgar por Placer, Negras, Todas Las Tallas, Negro, XXL","Label":"Title","Locale":"es_ES"}},"Offers":{"Summaries":[{"Condition":{"Value":"New"},"LowestPrice":{"Amount":29.95,"Currency":"EUR","DisplayAmount":"29,95 €"}}]}},{"ASIN":"B0B38YW5NB","DetailPageURL":"https://www.amazon.es/dp/B0B38YW5NB?tag=topinalambricos-21&linkCode=osi&th=1&psc=1","Images":{"Primary":{"Small":{"Height":75,"URL":"https://m.media-amazon.com/images/I/41EnL8LmR2L._SL75_.jpg","Width":75}}},"ItemInfo":{"ByLineInfo":{"Brand":{"DisplayValue":"perfeclan","Label":"Brand","Locale":"es_ES"},"Manufacturer":{"DisplayValue":"perfeclan","Label":"Manufacturer","Locale":"es_ES"}},"Title":{"DisplayValue":"perfeclan Polainas medievales de piel sintética, de caballero guerrero, cubiertas para botas, polainas, protectores de piernas impermeables, accesorios, negro","Label":"Title","Locale":"es_ES"}},"Offers":{"Summaries":[{"Condition":{"Value":"New"},"LowestPrice":{"Amount":24.29,"Currency":"EUR","DisplayAmount":"24,29 €"}}]}},{"ASIN":"B08VN1J5VS","DetailPageURL":"https://www.amazon.es/dp/B08VN1J5VS?tag=topinalambricos-21&linkCode=osi&th=1&psc=1","Images":{"Primary":{"Small":{"Height":75,"URL":"https://m.media-amazon.com/images/I/41zmzLpUpwL._SL75_.jpg","Width":75}}},"ItemInfo":{"ByLineInfo":{"Brand":{"DisplayValue":"Hot Leathers","Label":"Brand","Locale":"es_ES"},"Manufacturer":{"DisplayValue":"Hot Leathers","Label":"Manufacturer","Locale":"es_ES"}},"Title":{"DisplayValue":"Hot Leathers CHM1001 - Chapa de piel negra unisex con forro completo, talla 7XL","Label":"Title","Locale":"es_ES"}},"Offers":{"Summaries":[{"Condition":{"Value":"New"},"LowestPrice":{"Amount":200.88,"Currency":"EUR","DisplayAmount":"200,88 €"}}]}},{"ASIN":"B00JLG8QOQ","DetailPageURL":"https://www.amazon.es/dp/B00JLG8QOQ?tag=topinalambricos-21&linkCode=osi&th=1&psc=1","Images":{"Primary":{"Small":{"Height":75,"URL":"https://m.media-amazon.com/images/I/51QkC1ifibL._SL75_.jpg","Width":53}}},"ItemInfo":{"ByLineInfo":{"Brand":{"DisplayValue":"Riders Trend","Label":"Brand","Locale":"es_ES"},"Manufacturer":{"DisplayValue":"Riders Trend","Label":"Manufacturer","Locale":"es_ES"}},"Title":{"DisplayValue":"Riders Trend 10025195-CHO-XS - Polainas de equitación, Color Chocolate, Talla XS","Label":"Title","Locale":"es_ES"}},"Offers":{"Summaries":[{"Condition":{"Value":"New"},"LowestPrice":{"Amount":46.09,"Currency":"EUR","DisplayAmount":"46,09 €"}}]}},{"ASIN":"B00UTMGZQM","DetailPageURL":"https://www.amazon.es/dp/B00UTMGZQM?tag=topinalambricos-21&linkCode=osi&th=1&psc=1","Images":{"Primary":{"Small":{"Height":75,"URL":"https://m.media-amazon.com/images/I/31dhVGE61kL._SL75_.jpg","Width":75}}},"ItemInfo":{"ByLineInfo":{"Brand":{"DisplayValue":"HORZE","Label":"Brand","Locale":"es_ES"},"Manufacturer":{"DisplayValue":"Horze","Label":"Manufacturer","Locale":"es_ES"}},"Title":{"DisplayValue":"HORZE Botines de Montar Kilkenny de Cuero sintético con Cremallera en la Parte Trasera y Cordones elásticos, Negros, Adultos y Junior, Todas Las Tallas, Negro, 38","Label":"Title","Locale":"es_ES"}},"Offers":{"Summaries":[{"Condition":{"Value":"New"},"LowestPrice":{"Amount":59.95,"Currency":"EUR","DisplayAmount":"59,95 €"}}]}},{"ASIN":"B00JLG9YLU","DetailPageURL":"https://www.amazon.es/dp/B00JLG9YLU?tag=topinalambricos-21&linkCode=osi&th=1&psc=1","Images":{"Primary":{"Small":{"Height":75,"URL":"https://m.media-amazon.com/images/I/41j-oxP8roL._SL75_.jpg","Width":75}}},"ItemInfo":{"ByLineInfo":{"Brand":{"DisplayValue":"Riders Trend","Label":"Brand","Locale":"es_ES"},"Manufacturer":{"DisplayValue":"Riders Trend","Label":"Manufacturer","Locale":"es_ES"}},"Title":{"DisplayValue":"Riders Trend 10024174-CHO-XS - Polainas de equitación, Color Chocolate, Talla XS","Label":"Title","Locale":"es_ES"}},"Offers":{"Summaries":[{"Condition":{"Value":"New"},"LowestPrice":{"Amount":40.95,"Currency":"EUR","DisplayAmount":"40,95 €"}}]}}],"SearchURL":"https://www.amazon.es/s?k=polaina+cuero+piel&rh=n%3A2928506031%2Cp_n_availability%3A-1&tag=topinalambricos-21&linkCode=osi","TotalResultCount":94}},"188":{"SearchResult":{"Items":[{"ASIN":"B09HWRWBD3","DetailPageURL":"https://www.amazon.es/dp/B09HWRWBD3?tag=topinalambricos-21&linkCode=osi&th=1&psc=1","Images":{"Primary":{"Small":{"Height":75,"URL":"https://m.media-amazon.com/images/I/41dE25nRFJS._SL75_.jpg","Width":75}}},"ItemInfo":{"ByLineInfo":{"Brand":{"DisplayValue":"Brrnoo","Label":"Brand","Locale":"es_ES"},"Manufacturer":{"DisplayValue":"Brrnoo","Label":"Manufacturer","Locale":"es_ES"}},"Title":{"DisplayValue":"Muñequera para síndrome del túnel carpiano, muñequera de piel, para alivio del dolor de artritis","Label":"Title","Locale":"es_ES"}},"Offers":{"Summaries":[{"Condition":{"Value":"New"},"LowestPrice":{"Amount":17.49,"Currency":"EUR","DisplayAmount":"17,49 €"}}]}},{"ASIN":"B0BKKGZLZN","DetailPageURL":"https://www.amazon.es/dp/B0BKKGZLZN?tag=topinalambricos-21&linkCode=osi&th=1&psc=1","Images":{"Primary":{"Small":{"Height":75,"URL":"https://m.media-amazon.com/images/I/31pKwFr3m3L._SL75_.jpg","Width":75}}},"ItemInfo":{"ByLineInfo":{"Brand":{"DisplayValue":"TMISHION","Label":"Brand","Locale":"es_ES"},"Manufacturer":{"DisplayValue":"TMISHION","Label":"Manufacturer","Locale":"es_ES"}},"Title":{"DisplayValue":"1 par de Muñequeras Portátiles Pequeñas para Lavarse la Cara Maquillaje y Lavar Cara Banda Muñequeras Fuerte Absorción de Agua Amigables con la Piel, Suaves, de Color Puro (Púrpura)","Label":"Title","Locale":"es_ES"}},"Offers":{"Summaries":[{"Condition":{"Value":"New"},"LowestPrice":{"Amount":8.14,"Currency":"EUR","DisplayAmount":"8,14 € (8,14 € / unidad)","PricePerUnit":8.14}}]}},{"ASIN":"B08CXXH4YW","DetailPageURL":"https://www.amazon.es/dp/B08CXXH4YW?tag=topinalambricos-21&linkCode=osi&th=1&psc=1","Images":{"Primary":{"Small":{"Height":75,"URL":"https://m.media-amazon.com/images/I/51JqabCGDmS._SL75_.jpg","Width":75}}},"ItemInfo":{"ByLineInfo":{"Brand":{"DisplayValue":"PSS","Label":"Brand","Locale":"es_ES"},"Manufacturer":{"DisplayValue":"Prime Leather","Label":"Manufacturer","Locale":"es_ES"}},"Title":{"DisplayValue":"Silla de ruedas de piel de vaca sin dedos, completamente abierta, palma fácil, ajustable, acolchado, guantes protegidos para las manos para actividades manuales al aire libre (319 negro, XL)","Label":"Title","Locale":"es_ES"}},"Offers":{"Summaries":[{"Condition":{"Value":"New"},"LowestPrice":{"Amount":28.76,"Currency":"EUR","DisplayAmount":"28,76 €"}}]}},{"ASIN":"B075GJSVNG","DetailPageURL":"https://www.amazon.es/dp/B075GJSVNG?tag=topinalambricos-21&linkCode=osi&th=1&psc=1","Images":{"Primary":{"Small":{"Height":75,"URL":"https://m.media-amazon.com/images/I/41Q22K+TVvL._SL75_.jpg","Width":75}}},"ItemInfo":{"ByLineInfo":{"Brand":{"DisplayValue":"ULTNICE","Label":"Brand","Locale":"es_ES"},"Manufacturer":{"DisplayValue":"ULTNICE","Label":"Manufacturer","Locale":"es_ES"}},"Title":{"DisplayValue":"ULTNICE - Muñequera ajustable de piel para entrenamiento de fuerza, culturismo, levantamiento de potencia, fitness, un par","Label":"Title","Locale":"es_ES"}},"Offers":{"Summaries":[{"Condition":{"Value":"New"},"LowestPrice":{"Amount":17.99,"Currency":"EUR","DisplayAmount":"17,99 €"}}]}},{"ASIN":"B0BCGF23W9","DetailPageURL":"https://www.amazon.es/dp/B0BCGF23W9?tag=topinalambricos-21&linkCode=osi&th=1&psc=1","Images":{"Primary":{"Small":{"Height":75,"URL":"https://m.media-amazon.com/images/I/41mg60jCF9S._SL75_.jpg","Width":75}}},"ItemInfo":{"ByLineInfo":{"Brand":{"DisplayValue":"FLUORO","Label":"Brand","Locale":"es_ES"},"Manufacturer":{"DisplayValue":"FLUORO","Label":"Manufacturer","Locale":"es_ES"}},"Title":{"DisplayValue":"FLUORO Muñequera de Piel con Doble Gancho de Metal en negroPar de muñequera de Piel con Doble Gancho de Metal en Negro","Label":"Title","Locale":"es_ES"}},"Offers":{"Summaries":[{"Condition":{"Value":"New"},"LowestPrice":{"Amount":12.99,"Currency":"EUR","DisplayAmount":"12,99 €"}}]}},{"ASIN":"B0BQBWG4VK","DetailPageURL":"https://www.amazon.es/dp/B0BQBWG4VK?tag=topinalambricos-21&linkCode=osi&th=1&psc=1","Images":{"Primary":{"Small":{"Height":75,"URL":"https://m.media-amazon.com/images/I/41NhlYasNeL._SL75_.jpg","Width":75}}},"ItemInfo":{"ByLineInfo":{"Brand":{"DisplayValue":"IHIPPO","Label":"Brand","Locale":"es_ES"},"Manufacturer":{"DisplayValue":"IHIPPO","Label":"Manufacturer","Locale":"es_ES"}},"Title":{"DisplayValue":"IHIPPO Guantelete de cuero Muñequera de cuero Protector de muñeca de cuero PU Accesorios de cuero retro 24x8cm para espectáculo de escenario (color : marrón, tamaño: 24x8cm)","Label":"Title","Locale":"es_ES"}},"Offers":{"Summaries":[{"Condition":{"Value":"New"},"LowestPrice":{"Amount":30.12,"Currency":"EUR","DisplayAmount":"30,12 €"}}]}},{"ASIN":"B0BQBV579L","DetailPageURL":"https://www.amazon.es/dp/B0BQBV579L?tag=topinalambricos-21&linkCode=osi&th=1&psc=1","Images":{"Primary":{"Small":{"Height":75,"URL":"https://m.media-amazon.com/images/I/41I4VBZXACL._SL75_.jpg","Width":75}}},"ItemInfo":{"ByLineInfo":{"Brand":{"DisplayValue":"IHIPPO","Label":"Brand","Locale":"es_ES"},"Manufacturer":{"DisplayValue":"IHIPPO","Label":"Manufacturer","Locale":"es_ES"}},"Title":{"DisplayValue":"IHIPPO Guantelete de cuero pulsera 1 par de hombres Cosplay, calentadores de brazo de cuero con cordones para espectáculo de escenario (color : #1, tamaño: 19 cm)","Label":"Title","Locale":"es_ES"}},"Offers":{"Summaries":[{"Condition":{"Value":"New"},"LowestPrice":{"Amount":44.24,"Currency":"EUR","DisplayAmount":"44,24 €"}}]}},{"ASIN":"B0BQBTD7G6","DetailPageURL":"https://www.amazon.es/dp/B0BQBTD7G6?tag=topinalambricos-21&linkCode=osi&th=1&psc=1","Images":{"Primary":{"Small":{"Height":75,"URL":"https://m.media-amazon.com/images/I/31yWrnN0fSL._SL75_.jpg","Width":75}}},"ItemInfo":{"ByLineInfo":{"Brand":{"DisplayValue":"IHIPPO","Label":"Brand","Locale":"es_ES"},"Manufacturer":{"DisplayValue":"IHIPPO","Label":"Manufacturer","Locale":"es_ES"}},"Title":{"DisplayValue":"IHIPPO Guantelete de cuero Pulsera Punk Riding Arm Guard Simple Wax Woven Men's Leather Wrist Guard for Stage Show (color: negro, tamaño: 1 unidad)","Label":"Title","Locale":"es_ES"}},"Offers":{"Summaries":[{"Condition":{"Value":"New"},"LowestPrice":{"Amount":32.43,"Currency":"EUR","DisplayAmount":"32,43 €"}}]}},{"ASIN":"B07TKB5MZH","DetailPageURL":"https://www.amazon.es/dp/B07TKB5MZH?tag=topinalambricos-21&linkCode=osi&th=1&psc=1","Images":{"Primary":{"Small":{"Height":75,"URL":"https://m.media-amazon.com/images/I/418L02y5L3L._SL75_.jpg","Width":75}}},"ItemInfo":{"ByLineInfo":{"Brand":{"DisplayValue":"Medicalcorner24","Label":"Brand","Locale":"es_ES"},"Manufacturer":{"DisplayValue":"MEDICALCORNER24","Label":"Manufacturer","Locale":"es_ES"}},"Title":{"DisplayValue":"MC24 - Muñequera de piel (2 hebillas, talla 21, 1 unidad)","Label":"Title","Locale":"es_ES"}},"Offers":{"Summaries":[{"Condition":{"Value":"New"},"LowestPrice":{"Amount":29.54,"Currency":"EUR","DisplayAmount":"29,54 €"}}]}},{"ASIN":"B01HRQKCG6","DetailPageURL":"https://www.amazon.es/dp/B01HRQKCG6?tag=topinalambricos-21&linkCode=osi&th=1&psc=1","Images":{"Primary":{"Small":{"Height":43,"URL":"https://m.media-amazon.com/images/I/21xG08S+lZL._SL75_.jpg","Width":75}}},"ItemInfo":{"ByLineInfo":{"Brand":{"DisplayValue":"Stock-Fachmann","Label":"Brand","Locale":"es_ES"},"Manufacturer":{"DisplayValue":"Stock-Fachmann","Label":"Manufacturer","Locale":"es_ES"}},"Title":{"DisplayValue":"Muñeca Correa con sujeción de pulgar Fein piel – Muñequera","Label":"Title","Locale":"es_ES"}},"Offers":{"Summaries":[{"Condition":{"Value":"New"},"LowestPrice":{"Amount":13.99,"Currency":"EUR","DisplayAmount":"13,99 €"}}]}}],"SearchURL":"https://www.amazon.es/s?k=cuero+piel&rh=n%3A4347570031%2Cp_n_availability%3A-1&tag=topinalambricos-21&linkCode=osi","TotalResultCount":30}},"189":{"SearchResult":{"Items":[{"ASIN":"B01FHPLA6A","DetailPageURL":"https://www.amazon.es/dp/B01FHPLA6A?tag=topinalambricos-21&linkCode=osi&th=1&psc=1","Images":{"Primary":{"Small":{"Height":75,"URL":"https://m.media-amazon.com/images/I/41fMRcUPRXL._SL75_.jpg","Width":75}}},"ItemInfo":{"ByLineInfo":{"Brand":{"DisplayValue":"JewelryWe","Label":"Brand","Locale":"es_ES"},"Manufacturer":{"DisplayValue":"Jewelrywe","Label":"Manufacturer","Locale":"es_ES"}},"Title":{"DisplayValue":"JewelryWe Pulsera para Hombre Pulsera para Mujer Pulsera Símbolo Infinito, Brazalete de Cuero Acero Inoxidable, Pulsera Ajustable","Label":"Title","Locale":"es_ES"}},"Offers":{"Summaries":[{"Condition":{"Value":"New"},"LowestPrice":{"Amount":6.99,"Currency":"EUR","DisplayAmount":"6,99 €"}}]}},{"ASIN":"B01FH25VNQ","DetailPageURL":"https://www.amazon.es/dp/B01FH25VNQ?tag=topinalambricos-21&linkCode=osi&th=1&psc=1","Images":{"Primary":{"Small":{"Height":75,"URL":"https://m.media-amazon.com/images/I/51CHgmsxBFL._SL75_.jpg","Width":75}}},"ItemInfo":{"ByLineInfo":{"Brand":{"DisplayValue":"Flongo","Label":"Brand","Locale":"es_ES"},"Manufacturer":{"DisplayValue":"Flongo","Label":"Manufacturer","Locale":"es_ES"}},"Title":{"DisplayValue":"Flongo Pulsera de Cuero Hombre Mujer, Pulsera para Hombre, Pulsera Infinito de Hombre, Diseño Elegante Brazalete Charms, Ajustable de Uso a Diario, 7 Colores Disponibles, Original Regalo para San Valentín","Label":"Title","Locale":"es_ES"}},"Offers":{"Summaries":[{"Condition":{"Value":"New"},"LowestPrice":{"Amount":9.99,"Currency":"EUR","DisplayAmount":"9,99 €"}}]}},{"ASIN":"B01C75I4C6","DetailPageURL":"https://www.amazon.es/dp/B01C75I4C6?tag=topinalambricos-21&linkCode=osi&th=1&psc=1","Images":{"Primary":{"Small":{"Height":54,"URL":"https://m.media-amazon.com/images/I/31uLFacT3FL._SL75_.jpg","Width":75}}},"ItemInfo":{"ByLineInfo":{"Brand":{"DisplayValue":"Gusti Leder studio","Label":"Brand","Locale":"es_ES"}},"Title":{"DisplayValue":"Gusti Leder studio \"Daniel Pulsera Brazalete de Cuero 60 cm Bisutería Joyería Marrón Claro 2A101-26-5","Label":"Title","Locale":"es_ES"}},"Offers":{"Summaries":[{"Condition":{"Value":"New"},"LowestPrice":{"Amount":14.95,"Currency":"EUR","DisplayAmount":"14,95 €"}}]}},{"ASIN":"B07568WMDX","DetailPageURL":"https://www.amazon.es/dp/B07568WMDX?tag=topinalambricos-21&linkCode=osi&th=1&psc=1","Images":{"Primary":{"Small":{"Height":75,"URL":"https://m.media-amazon.com/images/I/412JJsmrsCL._SL75_.jpg","Width":75}}},"ItemInfo":{"ByLineInfo":{"Brand":{"DisplayValue":"JewelryWe","Label":"Brand","Locale":"es_ES"},"Manufacturer":{"DisplayValue":"JewelryWe","Label":"Manufacturer","Locale":"es_ES"}},"Title":{"DisplayValue":"JewelryWe Pulsera de Cuero Acero Inoxidable, Pulsera Grabada Personalizada de Mensajes, Brazalete Personalizado Propio Diseño, Color Marron, Buen Regalo de Amor","Label":"Title","Locale":"es_ES"}},"Offers":{"Summaries":[{"Condition":{"Value":"New"},"LowestPrice":{"Amount":5.99,"Currency":"EUR","DisplayAmount":"5,99 €"}}]}},{"ASIN":"B00MF9ZHAC","DetailPageURL":"https://www.amazon.es/dp/B00MF9ZHAC?tag=topinalambricos-21&linkCode=osi&th=1&psc=1","Images":{"Primary":{"Small":{"Height":75,"URL":"https://m.media-amazon.com/images/I/51hVpRRBcaL._SL75_.jpg","Width":75}}},"ItemInfo":{"ByLineInfo":{"Brand":{"DisplayValue":"COOLSTEELANDBEYOND","Label":"Brand","Locale":"es_ES"},"Manufacturer":{"DisplayValue":"COOLSTEELANDBEYOND","Label":"Manufacturer","Locale":"es_ES"}},"Title":{"DisplayValue":"COOLSTEELANDBEYOND Nueva pulsera de cuero marrón ancho para hombre, pulsera de cuero genuino con remaches y hebilla, Cuero, no aplicable","Label":"Title","Locale":"es_ES"}},"Offers":{"Summaries":[{"Condition":{"Value":"New"},"LowestPrice":{"Amount":13.99,"Currency":"EUR","DisplayAmount":"13,99 €"}}]}},{"ASIN":"B00OODP626","DetailPageURL":"https://www.amazon.es/dp/B00OODP626?tag=topinalambricos-21&linkCode=osi&th=1&psc=1","Images":{"Primary":{"Small":{"Height":61,"URL":"https://m.media-amazon.com/images/I/412uMFBOdjL._SL75_.jpg","Width":75}}},"ItemInfo":{"ByLineInfo":{"Brand":{"DisplayValue":"Stayoung Jewellery","Label":"Brand","Locale":"es_ES"},"Manufacturer":{"DisplayValue":"Stayoung Jewellery","Label":"Manufacturer","Locale":"es_ES"}},"Title":{"DisplayValue":"Stayoung Jewellery Moda Pulsera Brazalete Muejer Cuero Acero Inoxidable Corazón, Naranja","Label":"Title","Locale":"es_ES"}},"Offers":{"Summaries":[{"Condition":{"Value":"New"},"LowestPrice":{"Amount":7.67,"Currency":"EUR","DisplayAmount":"7,67 €"}}]}},{"ASIN":"B00OODPFOU","DetailPageURL":"https://www.amazon.es/dp/B00OODPFOU?tag=topinalambricos-21&linkCode=osi&th=1&psc=1","Images":{"Primary":{"Small":{"Height":75,"URL":"https://m.media-amazon.com/images/I/410O7RQXnoL._SL75_.jpg","Width":75}}},"ItemInfo":{"ByLineInfo":{"Brand":{"DisplayValue":"Stayoung Jewellery","Label":"Brand","Locale":"es_ES"},"Manufacturer":{"DisplayValue":"Stayoung Jewellery","Label":"Manufacturer","Locale":"es_ES"}},"Title":{"DisplayValue":"Stayoung Jewellery Moda Unisex Acero Inoxidable Cuero Trenzado Pulsera Brazalete Trébol de Cuatro Hojas, Rojo","Label":"Title","Locale":"es_ES"}},"Offers":{"Summaries":[{"Condition":{"Value":"New"},"LowestPrice":{"Amount":7.48,"Currency":"EUR","DisplayAmount":"7,48 €"}}]}},{"ASIN":"B00OODPC2K","DetailPageURL":"https://www.amazon.es/dp/B00OODPC2K?tag=topinalambricos-21&linkCode=osi&th=1&psc=1","Images":{"Primary":{"Small":{"Height":75,"URL":"https://m.media-amazon.com/images/I/41DfKUBnJ+L._SL75_.jpg","Width":75}}},"ItemInfo":{"ByLineInfo":{"Brand":{"DisplayValue":"Stayoung Jewellery","Label":"Brand","Locale":"es_ES"},"Manufacturer":{"DisplayValue":"Stayoung Jewellery","Label":"Manufacturer","Locale":"es_ES"}},"Title":{"DisplayValue":"Stayoung Jewellery Moda Unisex Acero Inoxidable Cuero Trenzado Pulsera Brazalete Trébol de Cuatro Hojas, Azul","Label":"Title","Locale":"es_ES"}},"Offers":{"Summaries":[{"Condition":{"Value":"New"},"LowestPrice":{"Amount":7.67,"Currency":"EUR","DisplayAmount":"7,67 €"}}]}},{"ASIN":"B07DPF1XM3","DetailPageURL":"https://www.amazon.es/dp/B07DPF1XM3?tag=topinalambricos-21&linkCode=osi&th=1&psc=1","Images":{"Primary":{"Small":{"Height":75,"URL":"https://m.media-amazon.com/images/I/41xxOORxkAL._SL75_.jpg","Width":75}}},"ItemInfo":{"ByLineInfo":{"Brand":{"DisplayValue":"GOTTING","Label":"Brand","Locale":"es_ES"},"Manufacturer":{"DisplayValue":"GOTTING","Label":"Manufacturer","Locale":"es_ES"}},"Title":{"DisplayValue":"GOTTING Bandera Nacional Copa del Mundo Unisex de Cuero de múltiples Capas Pulsera Trenzada de 3 filamentos de la Cuerda de los brazaletes Hechos a Mano Pulsera de Mujeres de los Hombres España","Label":"Title","Locale":"es_ES"}},"Offers":{"Summaries":[{"Condition":{"Value":"New"},"LowestPrice":{"Amount":3.99,"Currency":"EUR","DisplayAmount":"3,99 €"}}]}},{"ASIN":"B00MF2V7TE","DetailPageURL":"https://www.amazon.es/dp/B00MF2V7TE?tag=topinalambricos-21&linkCode=osi&th=1&psc=1","Images":{"Primary":{"Small":{"Height":75,"URL":"https://m.media-amazon.com/images/I/5196eO9RCeL._SL75_.jpg","Width":75}}},"ItemInfo":{"ByLineInfo":{"Brand":{"DisplayValue":"COOLSTEELANDBEYOND","Label":"Brand","Locale":"es_ES"},"Manufacturer":{"DisplayValue":"COOLSTEELANDBEYOND","Label":"Manufacturer","Locale":"es_ES"}},"Title":{"DisplayValue":"Ala Del Angel, Aarios Hilos, MarrOn, Pulsera Cuero Trenzado De Hombre, Tejido Pulsera del Abrigo","Label":"Title","Locale":"es_ES"}},"Offers":{"Summaries":[{"Condition":{"Value":"New"},"LowestPrice":{"Amount":13.99,"Currency":"EUR","DisplayAmount":"13,99 €"}}]}}],"SearchURL":"https://www.amazon.es/s?k=cuero&rh=n%3A5874928031%2Cp_n_availability%3A-1&tag=topinalambricos-21&linkCode=osi","TotalResultCount":511}},"190":{"SearchResult":{"Items":[{"ASIN":"B07YH65JS7","DetailPageURL":"https://www.amazon.es/dp/B07YH65JS7?tag=topinalambricos-21&linkCode=osi&th=1&psc=1","Images":{"Primary":{"Small":{"Height":75,"URL":"https://m.media-amazon.com/images/I/51RArfBgBjL._SL75_.jpg","Width":75}}},"ItemInfo":{"ByLineInfo":{"Brand":{"DisplayValue":"Ueither","Label":"Brand","Locale":"es_ES"}},"Title":{"DisplayValue":"Ueither Gorra de Béisbol para Hombre Ajustable Sombrero de Cuero Suave de PU Sombrero Deportivo Al Aire Libre Otoño Invierno","Label":"Title","Locale":"es_ES"}},"Offers":{"Summaries":[{"Condition":{"Value":"New"},"LowestPrice":{"Amount":18.99,"Currency":"EUR","DisplayAmount":"18,99 €"}}]}},{"ASIN":"B08NVYY7R7","DetailPageURL":"https://www.amazon.es/dp/B08NVYY7R7?tag=topinalambricos-21&linkCode=osi&th=1&psc=1","Images":{"Primary":{"Small":{"Height":75,"URL":"https://m.media-amazon.com/images/I/41v8Xb537eL._SL75_.jpg","Width":75}}},"ItemInfo":{"ByLineInfo":{"Brand":{"DisplayValue":"Ueither","Label":"Brand","Locale":"es_ES"}},"Title":{"DisplayValue":"Ueither Gorra de Béisbol para Hombre Ajustable Sombrero de Cuero Suave de PU Sombrero Deportivo","Label":"Title","Locale":"es_ES"}},"Offers":{"Summaries":[{"Condition":{"Value":"New"},"LowestPrice":{"Amount":18.99,"Currency":"EUR","DisplayAmount":"18,99 €"}}]}},{"ASIN":"B071WM66YX","DetailPageURL":"https://www.amazon.es/dp/B071WM66YX?tag=topinalambricos-21&linkCode=osi&th=1&psc=1","Images":{"Primary":{"Small":{"Height":63,"URL":"https://m.media-amazon.com/images/I/31Tbhh4o9ZL._SL75_.jpg","Width":75}}},"ItemInfo":{"ByLineInfo":{"Brand":{"DisplayValue":"UltraKey","Label":"Brand","Locale":"es_ES"}},"Title":{"DisplayValue":"UltraKey Gorra de béisbol de Gamuza, Gorra de béisbol clásica Ajustable de Cuero de Gamuza sintética Unisex Negro","Label":"Title","Locale":"es_ES"}},"Offers":{"Summaries":[{"Condition":{"Value":"New"},"LowestPrice":{"Amount":12.99,"Currency":"EUR","DisplayAmount":"12,99 €"}}]}},{"ASIN":"B074DSTT9M","DetailPageURL":"https://www.amazon.es/dp/B074DSTT9M?tag=topinalambricos-21&linkCode=osi&th=1&psc=1","Images":{"Primary":{"Small":{"Height":75,"URL":"https://m.media-amazon.com/images/I/41DA+95EhYL._SL75_.jpg","Width":75}}},"ItemInfo":{"ByLineInfo":{"Brand":{"DisplayValue":"Kuyou","Label":"Brand","Locale":"es_ES"}},"Title":{"DisplayValue":"Kuyou Gorra de béisbol de piel sintética clásica unisex para deportes al aire libre, Negro , Talla única","Label":"Title","Locale":"es_ES"}},"Offers":{"Summaries":[{"Condition":{"Value":"New"},"LowestPrice":{"Amount":19.7,"Currency":"EUR","DisplayAmount":"19,70 €"}}]}},{"ASIN":"B076HCXHPK","DetailPageURL":"https://www.amazon.es/dp/B076HCXHPK?tag=topinalambricos-21&linkCode=osi&th=1&psc=1","Images":{"Primary":{"Small":{"Height":75,"URL":"https://m.media-amazon.com/images/I/51bUt6gubrL._SL75_.jpg","Width":75}}},"ItemInfo":{"ByLineInfo":{"Brand":{"DisplayValue":"Roffatide","Label":"Brand","Locale":"es_ES"}},"Title":{"DisplayValue":"Roffatide Hombre Moleteado Cuero de PU Gorra de Beisbol Sombrero de Sol Otoño e Invierno Ajustable Negro","Label":"Title","Locale":"es_ES"}},"Offers":{"Summaries":[{"Condition":{"Value":"New"},"LowestPrice":{"Amount":19.99,"Currency":"EUR","DisplayAmount":"19,99 €"}}]}},{"ASIN":"B075RYS597","DetailPageURL":"https://www.amazon.es/dp/B075RYS597?tag=topinalambricos-21&linkCode=osi&th=1&psc=1","Images":{"Primary":{"Small":{"Height":75,"URL":"https://m.media-amazon.com/images/I/51sKBbC3BOL._SL75_.jpg","Width":75}}},"ItemInfo":{"ByLineInfo":{"Brand":{"DisplayValue":"Roffatide","Label":"Brand","Locale":"es_ES"}},"Title":{"DisplayValue":"Roffatide Hombre Cuero de la PU Gorra de Beisbol Sombrero de Sol Deportes al Aire Libre Otoño e Invierno Marron Oscuro","Label":"Title","Locale":"es_ES"}},"Offers":{"Summaries":[{"Condition":{"Value":"New"},"LowestPrice":{"Amount":17.99,"Currency":"EUR","DisplayAmount":"17,99 €"}}]}},{"ASIN":"B0747KNRTD","DetailPageURL":"https://www.amazon.es/dp/B0747KNRTD?tag=topinalambricos-21&linkCode=osi&th=1&psc=1","Images":{"Primary":{"Small":{"Height":75,"URL":"https://m.media-amazon.com/images/I/41Kkq71QyqL._SL75_.jpg","Width":75}}},"ItemInfo":{"ByLineInfo":{"Brand":{"DisplayValue":"Dazoriginal","Label":"Brand","Locale":"es_ES"},"Manufacturer":{"DisplayValue":"Dazoriginal","Label":"Manufacturer","Locale":"es_ES"}},"Title":{"DisplayValue":"Dazoriginal Gorra Piel Béisbol Cuero Sombrero Hombre Gorras Planas Boina Mujer","Label":"Title","Locale":"es_ES"}},"Offers":{"Summaries":[{"Condition":{"Value":"New"},"LowestPrice":{"Amount":49.99,"Currency":"EUR","DisplayAmount":"49,99 €"}}]}},{"ASIN":"B08TLYDNY3","DetailPageURL":"https://www.amazon.es/dp/B08TLYDNY3?tag=topinalambricos-21&linkCode=osi&th=1&psc=1","Images":{"Primary":{"Small":{"Height":75,"URL":"https://m.media-amazon.com/images/I/41UPhyibBbL._SL75_.jpg","Width":75}}},"ItemInfo":{"ByLineInfo":{"Brand":{"DisplayValue":"Stetson","Label":"Brand","Locale":"es_ES"},"Manufacturer":{"DisplayValue":"Stetson","Label":"Manufacturer","Locale":"es_ES"}},"Title":{"DisplayValue":"Stetson Gorra de Lana Plano, Hombre - Gorra de béisbol con el Dorso de la Visera de Cuero - Gorra de Caballero con diseño en Espiga - con Forro de algodón - otoño/Invierno Verde Oliva L (58-59 cm)","Label":"Title","Locale":"es_ES"}},"Offers":{"Summaries":[{"Condition":{"Value":"New"},"LowestPrice":{"Amount":69.0,"Currency":"EUR","DisplayAmount":"69,00 €"}}]}},{"ASIN":"B09KTMN2WM","DetailPageURL":"https://www.amazon.es/dp/B09KTMN2WM?tag=topinalambricos-21&linkCode=osi&th=1&psc=1","Images":{"Primary":{"Small":{"Height":75,"URL":"https://m.media-amazon.com/images/I/41FhKWp27NL._SL75_.jpg","Width":75}}},"ItemInfo":{"ByLineInfo":{"Brand":{"DisplayValue":"YSPORT","Label":"Brand","Locale":"es_ES"},"Manufacturer":{"DisplayValue":"YSPORT","Label":"Manufacturer","Locale":"es_ES"}},"Title":{"DisplayValue":"YSPORT Hombres Cuero Tapa Plana Cuero Gorra de Visera con Orejeras Gorra Beisbol Mantener Caliente Cómodo (Color : Black, Size : 57-60)","Label":"Title","Locale":"es_ES"}},"Offers":{"Summaries":[{"Condition":{"Value":"New"},"LowestPrice":{"Amount":45.97,"Currency":"EUR","DisplayAmount":"45,97 €"}}]}},{"ASIN":"B08KQJ4GTT","DetailPageURL":"https://www.amazon.es/dp/B08KQJ4GTT?tag=topinalambricos-21&linkCode=osi&th=1&psc=1","Images":{"Primary":{"Small":{"Height":52,"URL":"https://m.media-amazon.com/images/I/41XiqVWziKL._SL75_.jpg","Width":75}}},"ItemInfo":{"ByLineInfo":{"Brand":{"DisplayValue":"styleBREAKER","Label":"Brand","Locale":"es_ES"},"Manufacturer":{"DisplayValue":"styleBREAKER","Label":"Manufacturer","Locale":"es_ES"}},"Title":{"DisplayValue":"styleBREAKER Gorra de Pico de Las Damas Bakerboy con Pico en imitación de Cuero y Hebilla, Gorra de Globo, Gorra de Chico de Noticias 04023074, Color:Negro","Label":"Title","Locale":"es_ES"}},"Offers":{"Summaries":[{"Condition":{"Value":"New"},"LowestPrice":{"Amount":19.95,"Currency":"EUR","DisplayAmount":"19,95 €"}}]}}],"SearchURL":"https://www.amazon.es/s?k=gorra+cuero&rh=n%3A2928483031%2Cp_n_availability%3A-1&tag=topinalambricos-21&linkCode=osi","TotalResultCount":23466}},"191":{"SearchResult":{"Items":[{"ASIN":"B0048EZWUM","DetailPageURL":"https://www.amazon.es/dp/B0048EZWUM?tag=topinalambricos-21&linkCode=osi&th=1&psc=1","Images":{"Primary":{"Small":{"Height":75,"URL":"https://m.media-amazon.com/images/I/41dt5hlOKkS._SL75_.jpg","Width":75}}},"ItemInfo":{"ByLineInfo":{"Brand":{"DisplayValue":"Stetson","Label":"Brand","Locale":"es_ES"},"Manufacturer":{"DisplayValue":"Stetson","Label":"Manufacturer","Locale":"es_ES"}},"Title":{"DisplayValue":"Stetson Sombrero Diaz hombre - Sombrero western con mentonera y ala moldeable - Sombrero de cowboy con protección UV 40+ - tela con algodón en diseño lavado/usado - verano/invierno marrón S (54-55 cm)","Label":"Title","Locale":"es_ES"}},"Offers":{"Summaries":[{"Condition":{"Value":"New"},"LowestPrice":{"Amount":79.0,"Currency":"EUR","DisplayAmount":"79,00 €"}}]}},{"ASIN":"B07YH65JS7","DetailPageURL":"https://www.amazon.es/dp/B07YH65JS7?tag=topinalambricos-21&linkCode=osi&th=1&psc=1","Images":{"Primary":{"Small":{"Height":75,"URL":"https://m.media-amazon.com/images/I/51RArfBgBjL._SL75_.jpg","Width":75}}},"ItemInfo":{"ByLineInfo":{"Brand":{"DisplayValue":"Ueither","Label":"Brand","Locale":"es_ES"}},"Title":{"DisplayValue":"Ueither Gorra de Béisbol para Hombre Ajustable Sombrero de Cuero Suave de PU Sombrero Deportivo Al Aire Libre Otoño Invierno","Label":"Title","Locale":"es_ES"}},"Offers":{"Summaries":[{"Condition":{"Value":"New"},"LowestPrice":{"Amount":18.99,"Currency":"EUR","DisplayAmount":"18,99 €"}}]}},{"ASIN":"B07Q3LWW3M","DetailPageURL":"https://www.amazon.es/dp/B07Q3LWW3M?tag=topinalambricos-21&linkCode=osi&th=1&psc=1","Images":{"Primary":{"Small":{"Height":58,"URL":"https://m.media-amazon.com/images/I/41-YhYCZ1RL._SL75_.jpg","Width":75}}},"ItemInfo":{"ByLineInfo":{"Brand":{"DisplayValue":"Scippis","Label":"Brand","Locale":"es_ES"}},"Title":{"DisplayValue":"Scippis Irving Sombrero de Piel Sombrero del Oeste de Australia Sombrero de Vaquero Sombrero (Marrón, L)","Label":"Title","Locale":"es_ES"}},"Offers":{"Summaries":[{"Condition":{"Value":"New"},"LowestPrice":{"Amount":39.9,"Currency":"EUR","DisplayAmount":"39,90 €"}}]}},{"ASIN":"B09MFGW6KG","DetailPageURL":"https://www.amazon.es/dp/B09MFGW6KG?tag=topinalambricos-21&linkCode=osi&th=1&psc=1","Images":{"Primary":{"Small":{"Height":75,"URL":"https://m.media-amazon.com/images/I/51-g7lh25tL._SL75_.jpg","Width":75}}},"ItemInfo":{"ByLineInfo":{"Brand":{"DisplayValue":"Ueither","Label":"Brand","Locale":"es_ES"},"Manufacturer":{"DisplayValue":"Ueither","Label":"Manufacturer","Locale":"es_ES"}},"Title":{"DisplayValue":"Ueither Ajustable Gorros de Boina para Hombre Plano Sombreros de Cuero de la PU Newsboy Casquillo 56-60cm (Café Claro)","Label":"Title","Locale":"es_ES"}},"Offers":{"Summaries":[{"Condition":{"Value":"New"},"LowestPrice":{"Amount":18.99,"Currency":"EUR","DisplayAmount":"18,99 €"}}]}},{"ASIN":"B01NAP60X4","DetailPageURL":"https://www.amazon.es/dp/B01NAP60X4?tag=topinalambricos-21&linkCode=osi&th=1&psc=1","Images":{"Primary":{"Small":{"Height":75,"URL":"https://m.media-amazon.com/images/I/41eWs85hWqL._SL75_.jpg","Width":75}}},"ItemInfo":{"ByLineInfo":{"Brand":{"DisplayValue":"Stetson","Label":"Brand","Locale":"es_ES"},"Manufacturer":{"DisplayValue":"Stetson","Label":"Manufacturer","Locale":"es_ES"}},"Title":{"DisplayValue":"Stetson Pennsylvania Pigskin Porkpie Sombrero de Cuero de Hombre - Sombrero de Cuero de porcino - Pork Pie con Forro - Fedora en Look Desgastado Verano/Invierno Negro L (58-59 cm)","Label":"Title","Locale":"es_ES"}},"Offers":{"Summaries":[{"Condition":{"Value":"New"},"LowestPrice":{"Amount":149.0,"Currency":"EUR","DisplayAmount":"149,00 €"}}]}},{"ASIN":"B07XXH8GFJ","DetailPageURL":"https://www.amazon.es/dp/B07XXH8GFJ?tag=topinalambricos-21&linkCode=osi&th=1&psc=1","Images":{"Primary":{"Small":{"Height":49,"URL":"https://m.media-amazon.com/images/I/317cPmKFDsL._SL75_.jpg","Width":75}}},"ItemInfo":{"ByLineInfo":{"Brand":{"DisplayValue":"Black Jungle","Label":"Brand","Locale":"es_ES"}},"Title":{"DisplayValue":"Black Jungle PENTLAND Sombrero de Piel, Sombrero del Oeste de Australia, Sombrero de Vaquero (Negro, S)","Label":"Title","Locale":"es_ES"}},"Offers":{"Summaries":[{"Condition":{"Value":"New"},"LowestPrice":{"Amount":45.47,"Currency":"EUR","DisplayAmount":"45,47 €"}}]}},{"ASIN":"B07H91WL67","DetailPageURL":"https://www.amazon.es/dp/B07H91WL67?tag=topinalambricos-21&linkCode=osi&th=1&psc=1","Images":{"Primary":{"Small":{"Height":75,"URL":"https://m.media-amazon.com/images/I/41vlAa-hjxL._SL75_.jpg","Width":75}}},"ItemInfo":{"ByLineInfo":{"Brand":{"DisplayValue":"Stetson","Label":"Brand","Locale":"es_ES"},"Manufacturer":{"DisplayValue":"Stetson","Label":"Manufacturer","Locale":"es_ES"}},"Title":{"DisplayValue":"Stetson Sombrero de Piel Jacky Pigskin Hombre - con Forro Verano/Invierno - M (56-57 cm) marrón","Label":"Title","Locale":"es_ES"}},"Offers":{"Summaries":[{"Condition":{"Value":"New"},"LowestPrice":{"Amount":169.0,"Currency":"EUR","DisplayAmount":"169,00 €"}}]}},{"ASIN":"B076TZZFZ1","DetailPageURL":"https://www.amazon.es/dp/B076TZZFZ1?tag=topinalambricos-21&linkCode=osi&th=1&psc=1","Images":{"Primary":{"Small":{"Height":75,"URL":"https://m.media-amazon.com/images/I/413IDKoOkwL._SL75_.jpg","Width":75}}},"ItemInfo":{"ByLineInfo":{"Brand":{"DisplayValue":"doublebulls hats","Label":"Brand","Locale":"es_ES"}},"Title":{"DisplayValue":"Cuero PU Sombreros Fedora Hombres Chicos Invierno Sombreros Trilby Homburg, Negro","Label":"Title","Locale":"es_ES"}},"Offers":{"Summaries":[{"Condition":{"Value":"New"},"LowestPrice":{"Amount":17.0,"Currency":"EUR","DisplayAmount":"17,00 €"}}]}},{"ASIN":"B005LFZWW0","DetailPageURL":"https://www.amazon.es/dp/B005LFZWW0?tag=topinalambricos-21&linkCode=osi&th=1&psc=1","Images":{"Primary":{"Small":{"Height":75,"URL":"https://m.media-amazon.com/images/I/41AQpLhQRzL._SL75_.jpg","Width":75}}},"ItemInfo":{"ByLineInfo":{"Brand":{"DisplayValue":"Stetson","Label":"Brand","Locale":"es_ES"},"Manufacturer":{"DisplayValue":"Stetson","Label":"Manufacturer","Locale":"es_ES"}},"Title":{"DisplayValue":"Stetson Gorra Plana Hatteras Pigskin, Hombre - Gorra con Visera de Cuero - con Forro Interior - Gorra de Caballero Verano/Invierno - Boina marrón M (56-57 cm)","Label":"Title","Locale":"es_ES"}},"Offers":{"Summaries":[{"Condition":{"Value":"New"},"LowestPrice":{"Amount":92.82,"Currency":"EUR","DisplayAmount":"92,82 €"}}]}},{"ASIN":"B09K7YDSYW","DetailPageURL":"https://www.amazon.es/dp/B09K7YDSYW?tag=topinalambricos-21&linkCode=osi&th=1&psc=1","Images":{"Primary":{"Small":{"Height":75,"URL":"https://m.media-amazon.com/images/I/31gTU9vZFjL._SL75_.jpg","Width":75}}},"ItemInfo":{"ByLineInfo":{"Brand":{"DisplayValue":"Leatherick","Label":"Brand","Locale":"es_ES"}},"Title":{"DisplayValue":"Leatherick Sombrero de Vaquero Sombrero de ala Ancha Vintage con Tachuelas Marrones con cordón para la Barbilla (XL, Marrón (Tachuelas))","Label":"Title","Locale":"es_ES"}},"Offers":{"Summaries":[{"Condition":{"Value":"New"},"LowestPrice":{"Amount":29.99,"Currency":"EUR","DisplayAmount":"29,99 €"}}]}}],"SearchURL":"https://www.amazon.es/s?k=sombreros+cuero&rh=n%3A3074176031%2Cp_n_availability%3A-1&tag=topinalambricos-21&linkCode=osi","TotalResultCount":44423}},"192":{"SearchResult":{"Items":[{"ASIN":"B09BCYWXK4","DetailPageURL":"https://www.amazon.es/dp/B09BCYWXK4?tag=topinalambricos-21&linkCode=osi&th=1&psc=1","Images":{"Primary":{"Small":{"Height":75,"URL":"https://m.media-amazon.com/images/I/41MADoCT0CL._SL75_.jpg","Width":75}}},"ItemInfo":{"ByLineInfo":{"Brand":{"DisplayValue":"LPXPLP","Label":"Brand","Locale":"es_ES"},"Manufacturer":{"DisplayValue":"LPXPLP","Label":"Manufacturer","Locale":"es_ES"}},"Title":{"DisplayValue":"Casco de Moto Retro Medio Cuero De PU Abierto con Gafas de Aviador Cascos Jet Vintage Cruiser Unisex Moto Scooter Medio Casco Jet Estilo Alemán ECE Homologado I,M","Label":"Title","Locale":"es_ES"}},"Offers":{"Summaries":[{"Condition":{"Value":"New"},"LowestPrice":{"Amount":112.99,"Currency":"EUR","DisplayAmount":"112,99 €"}}]}},{"ASIN":"B09HV2XFPL","DetailPageURL":"https://www.amazon.es/dp/B09HV2XFPL?tag=topinalambricos-21&linkCode=osi&th=1&psc=1","Images":{"Primary":{"Small":{"Height":75,"URL":"https://m.media-amazon.com/images/I/51VzjwGr8yS._SL75_.jpg","Width":75}}},"ItemInfo":{"ByLineInfo":{"Brand":{"DisplayValue":"KILCVEM","Label":"Brand","Locale":"es_ES"},"Manufacturer":{"DisplayValue":"KILCVEM","Label":"Manufacturer","Locale":"es_ES"}},"Title":{"DisplayValue":"KILCVEM Casco Moto Jet de Cuero PU, Casco de Cara Abierta de Motocicleta Vintage Harley para Scooter Ciclomotor Monopatín Helicóptero Piloto Crucero con Visera Máscara Gafas,Black-Large","Label":"Title","Locale":"es_ES"}},"Offers":{"Summaries":[{"Condition":{"Value":"New"},"LowestPrice":{"Amount":71.99,"Currency":"EUR","DisplayAmount":"71,99 €"}}]}},{"ASIN":"B095M66F19","DetailPageURL":"https://www.amazon.es/dp/B095M66F19?tag=topinalambricos-21&linkCode=osi&th=1&psc=1","Images":{"Primary":{"Small":{"Height":75,"URL":"https://m.media-amazon.com/images/I/51o4ntEVWYS._SL75_.jpg","Width":70}}},"ItemInfo":{"ByLineInfo":{"Brand":{"DisplayValue":"JianJud","Label":"Brand","Locale":"es_ES"},"Manufacturer":{"DisplayValue":"JianJud","Label":"Manufacturer","Locale":"es_ES"}},"Title":{"DisplayValue":"Casco retro unisex Cara abierta 3/4 Medio casco de cuero Hombres y mujeres Certificado ECE Casco jet vintage para scooter Casco de ciclomotor con visera transparente abatible D,M","Label":"Title","Locale":"es_ES"}},"Offers":{"Summaries":[{"Condition":{"Value":"New"},"LowestPrice":{"Amount":44.9,"Currency":"EUR","DisplayAmount":"44,90 €"}}]}},{"ASIN":"B0956X3XKY","DetailPageURL":"https://www.amazon.es/dp/B0956X3XKY?tag=topinalambricos-21&linkCode=osi&th=1&psc=1","Images":{"Primary":{"Small":{"Height":75,"URL":"https://m.media-amazon.com/images/I/41MajmiFWRS._SL75_.jpg","Width":75}}},"ItemInfo":{"ByLineInfo":{"Brand":{"DisplayValue":"WRMIGN","Label":"Brand","Locale":"es_ES"},"Manufacturer":{"DisplayValue":"WRMIGN","Label":"Manufacturer","Locale":"es_ES"}},"Title":{"DisplayValue":"WRMIGN Casco de Moto Retro Medio Cuero De PU Abierto con Gafas de Aviador Cascos Jet Vintage Cruiser Unisex Moto Scooter Medio Casco Jet Estilo Alemán ECE Homologado","Label":"Title","Locale":"es_ES"}},"Offers":{"Summaries":[{"Condition":{"Value":"New"},"LowestPrice":{"Amount":67.27,"Currency":"EUR","DisplayAmount":"67,27 €"}}]}},{"ASIN":"B09NNQGJDS","DetailPageURL":"https://www.amazon.es/dp/B09NNQGJDS?tag=topinalambricos-21&linkCode=osi&th=1&psc=1","Images":{"Primary":{"Small":{"Height":75,"URL":"https://m.media-amazon.com/images/I/41MpcvtaP9L._SL75_.jpg","Width":75}}},"ItemInfo":{"ByLineInfo":{"Brand":{"DisplayValue":"ZhangHai","Label":"Brand","Locale":"es_ES"},"Manufacturer":{"DisplayValue":"ZhangHai","Label":"Manufacturer","Locale":"es_ES"}},"Title":{"DisplayValue":"Retro Cuero Jet Medio Casco ECE Homologado Cascos Abiertos De Moto Half-Helmet con Visera Carcasa ABS Hombres Y Mujeres Casco De Motocicleta para Ciclismo Al Aire Libre 1,L:56-57CM","Label":"Title","Locale":"es_ES"}},"Offers":{"Summaries":[{"Condition":{"Value":"New"},"LowestPrice":{"Amount":116.99,"Currency":"EUR","DisplayAmount":"116,99 €"}}]}},{"ASIN":"B09G29TD4K","DetailPageURL":"https://www.amazon.es/dp/B09G29TD4K?tag=topinalambricos-21&linkCode=osi&th=1&psc=1","Images":{"Primary":{"Small":{"Height":75,"URL":"https://m.media-amazon.com/images/I/41lxtnhX04L._SL75_.jpg","Width":75}}},"ItemInfo":{"ByLineInfo":{"Brand":{"DisplayValue":"LHP","Label":"Brand","Locale":"es_ES"},"Manufacturer":{"DisplayValue":"LHP","Label":"Manufacturer","Locale":"es_ES"}},"Title":{"DisplayValue":"LHP Vintage Motocicleta Moto Scooter Medio Cuero Casco con Mascara Mujer Hombre Adultos Cascos Moto Jet Half-Helmet Dot/ECE Homologado para ciclomotores Scooters","Label":"Title","Locale":"es_ES"}},"Offers":{"Summaries":[{"Condition":{"Value":"New"},"LowestPrice":{"Amount":87.34,"Currency":"EUR","DisplayAmount":"87,34 €"}}]}},{"ASIN":"B09SLR3P2J","DetailPageURL":"https://www.amazon.es/dp/B09SLR3P2J?tag=topinalambricos-21&linkCode=osi&th=1&psc=1","Images":{"Primary":{"Small":{"Height":75,"URL":"https://m.media-amazon.com/images/I/41SUtg--hiL._SL75_.jpg","Width":75}}},"ItemInfo":{"ByLineInfo":{"Brand":{"DisplayValue":"DIRERTYS","Label":"Brand","Locale":"es_ES"},"Manufacturer":{"DisplayValue":"DIRERTYS","Label":"Manufacturer","Locale":"es_ES"}},"Title":{"DisplayValue":"DIRERTYS Retro Alemán Estilo Cuero Moto Medio Casco, Casco de protección de Cuero para Motocicleta con Gafas, Cascos de Cara Abierta Vintage para Hombres ECE/Dot Homologado(55~65cm)","Label":"Title","Locale":"es_ES"}},"Offers":{"Summaries":[{"Condition":{"Value":"New"},"LowestPrice":{"Amount":78.0,"Currency":"EUR","DisplayAmount":"78,00 €"}}]}},{"ASIN":"B08FH69B2H","DetailPageURL":"https://www.amazon.es/dp/B08FH69B2H?tag=topinalambricos-21&linkCode=osi&th=1&psc=1","Images":{"Primary":{"Small":{"Height":75,"URL":"https://m.media-amazon.com/images/I/51gy0WZqHeL._SL75_.jpg","Width":75}}},"ItemInfo":{"ByLineInfo":{"Brand":{"DisplayValue":"GAOZH","Label":"Brand","Locale":"es_ES"},"Manufacturer":{"DisplayValue":"GAOZH","Label":"Manufacturer","Locale":"es_ES"}},"Title":{"DisplayValue":"GAOZH Retro Cascos Abiertos,Clásico PU Cuero Open Face Helmet,Vintage Cascos de Moto Jet,con Visera UV Gafas,ECE Homologado,para Hombres Mujeres Harley Motocicleta Scooter Motoneta Ciclomotor Crucero","Label":"Title","Locale":"es_ES"}},"Offers":{"Summaries":[{"Condition":{"Value":"New"},"LowestPrice":{"Amount":89.99,"Currency":"EUR","DisplayAmount":"89,99 €"}}]}},{"ASIN":"B09QPRWJR3","DetailPageURL":"https://www.amazon.es/dp/B09QPRWJR3?tag=topinalambricos-21&linkCode=osi&th=1&psc=1","Images":{"Primary":{"Small":{"Height":67,"URL":"https://m.media-amazon.com/images/I/41FirBeHjBL._SL75_.jpg","Width":75}}},"ItemInfo":{"ByLineInfo":{"Brand":{"DisplayValue":"BDTOT","Label":"Brand","Locale":"es_ES"},"Manufacturer":{"DisplayValue":"BDTOT","Label":"Manufacturer","Locale":"es_ES"}},"Title":{"DisplayValue":"BDTOT Cascos de Moto Retro de Cara Abierta Medio Casco de Cuero de Media Cara, Casco de piloto de Jet de Scooter Vintage para Hombres y Mujeres con Visera Parasol ATV Ciclomotor ECE Homologado","Label":"Title","Locale":"es_ES"}},"Offers":{"Summaries":[{"Condition":{"Value":"New"},"LowestPrice":{"Amount":83.79,"Currency":"EUR","DisplayAmount":"83,79 €"}}]}},{"ASIN":"B09LYQHL33","DetailPageURL":"https://www.amazon.es/dp/B09LYQHL33?tag=topinalambricos-21&linkCode=osi&th=1&psc=1","Images":{"Primary":{"Small":{"Height":75,"URL":"https://m.media-amazon.com/images/I/41CdNC0to3L._SL75_.jpg","Width":75}}},"ItemInfo":{"ByLineInfo":{"Brand":{"DisplayValue":"MRDAER","Label":"Brand","Locale":"es_ES"},"Manufacturer":{"DisplayValue":"MRDAER","Label":"Manufacturer","Locale":"es_ES"}},"Title":{"DisplayValue":"MRDAER Casco de Moto Vintage Casco de Moto de Cuero Retro Casco clásico de Cara Abierta con Gafas para ciclomotor Cruiser Chopper Scooter ATV ECE Aprobado, (56-61cm)","Label":"Title","Locale":"es_ES"}},"Offers":{"Summaries":[{"Condition":{"Value":"New"},"LowestPrice":{"Amount":51.99,"Currency":"EUR","DisplayAmount":"51,99 €"}}]}}],"SearchURL":"https://www.amazon.es/s?k=casco+cuero&rh=p_n_availability%3A-1&tag=topinalambricos-21&linkCode=osi","TotalResultCount":306}},"194":{"SearchResult":{"Items":[{"ASIN":"B07DVM53R8","DetailPageURL":"https://www.amazon.es/dp/B07DVM53R8?tag=topinalambricos-21&linkCode=osi&th=1&psc=1","Images":{"Primary":{"Small":{"Height":56,"URL":"https://m.media-amazon.com/images/I/41ko8qM9MmL._SL75_.jpg","Width":75}}},"ItemInfo":{"ByLineInfo":{"Brand":{"DisplayValue":"UBRIQUE","Label":"Brand","Locale":"es_ES"}},"Title":{"DisplayValue":"Llavero de Cuero 8 Llaves","Label":"Title","Locale":"es_ES"}},"Offers":{"Summaries":[{"Condition":{"Value":"New"},"LowestPrice":{"Amount":15.49,"Currency":"EUR","DisplayAmount":"15,49 €"}}]}},{"ASIN":"B09JCQ187R","DetailPageURL":"https://www.amazon.es/dp/B09JCQ187R?tag=topinalambricos-21&linkCode=osi&th=1&psc=1","Images":{"Primary":{"Small":{"Height":75,"URL":"https://m.media-amazon.com/images/I/41h7iWbpylL._SL75_.jpg","Width":75}}},"ItemInfo":{"ByLineInfo":{"Brand":{"DisplayValue":"GUGGIARI","Label":"Brand","Locale":"es_ES"}},"Title":{"DisplayValue":"GUGGIARI® Organizador Llaves de Cuero PU y Microfibra - Prácticos Llaveros Originales para Hombre y Mujer - Funda Llaves Ideal para Chaves de Coche, Moto, Casa. (PU - PINDOT)","Label":"Title","Locale":"es_ES"}},"Offers":{"Summaries":[{"Condition":{"Value":"New"},"LowestPrice":{"Amount":12.7,"Currency":"EUR","DisplayAmount":"12,70 €"}}]}},{"ASIN":"B09BN6DW2Y","DetailPageURL":"https://www.amazon.es/dp/B09BN6DW2Y?tag=topinalambricos-21&linkCode=osi&th=1&psc=1","Images":{"Primary":{"Small":{"Height":75,"URL":"https://m.media-amazon.com/images/I/41T63cOCr2L._SL75_.jpg","Width":75}}},"ItemInfo":{"ByLineInfo":{"Brand":{"DisplayValue":"Kiiwah","Label":"Brand","Locale":"es_ES"}},"Title":{"DisplayValue":"2 Piezas Cuero Llavero de Coche, Llaveros de Piel de Coche para Hombres, Mujeres (Negro, Caqui)","Label":"Title","Locale":"es_ES"}},"Offers":{"Summaries":[{"Condition":{"Value":"New"},"LowestPrice":{"Amount":9.99,"Currency":"EUR","DisplayAmount":"9,99 €"}}]}},{"ASIN":"B09PYGPH6R","DetailPageURL":"https://www.amazon.es/dp/B09PYGPH6R?tag=topinalambricos-21&linkCode=osi&th=1&psc=1","Images":{"Primary":{"Small":{"Height":75,"URL":"https://m.media-amazon.com/images/I/51NnP1RzLZL._SL75_.jpg","Width":75}}},"ItemInfo":{"ByLineInfo":{"Brand":{"DisplayValue":"misscase","Label":"Brand","Locale":"es_ES"},"Manufacturer":{"DisplayValue":"Chengdu changrunzhenxuan e-commerce Co., Ltd","Label":"Manufacturer","Locale":"es_ES"}},"Title":{"DisplayValue":"misscase Llavero de cuero personalizado, personalizado impreso su nombre de texto llavero etiquetas para llaves de coche adecuadas para motocicletas automóviles (Silver Round Keyring)","Label":"Title","Locale":"es_ES"}},"Offers":{"Summaries":[{"Condition":{"Value":"New"},"LowestPrice":{"Amount":7.99,"Currency":"EUR","DisplayAmount":"7,99 €"}}]}},{"ASIN":"B09Y8KX37K","DetailPageURL":"https://www.amazon.es/dp/B09Y8KX37K?tag=topinalambricos-21&linkCode=osi&th=1&psc=1","Images":{"Primary":{"Small":{"Height":75,"URL":"https://m.media-amazon.com/images/I/41YZpOBfDrL._SL75_.jpg","Width":75}}},"ItemInfo":{"ByLineInfo":{"Brand":{"DisplayValue":"Guidre","Label":"Brand","Locale":"es_ES"},"Manufacturer":{"DisplayValue":"Guidre","Label":"Manufacturer","Locale":"es_ES"}},"Title":{"DisplayValue":"Llavero Mujer Coche Llavero de Pulsera Llavero Chica Niña,Keyring,Pulsera para Llavero,Pulsera con Borla de Cuero,Pulsera Llavero Regalos para Amigos,Pulsera Llavero Regalos para Amigos,Familia,Damas","Label":"Title","Locale":"es_ES"}},"Offers":{"Summaries":[{"Condition":{"Value":"New"},"LowestPrice":{"Amount":8.99,"Currency":"EUR","DisplayAmount":"8,99 €"}}]}},{"ASIN":"B092876N2L","DetailPageURL":"https://www.amazon.es/dp/B092876N2L?tag=topinalambricos-21&linkCode=osi&th=1&psc=1","Images":{"Primary":{"Small":{"Height":75,"URL":"https://m.media-amazon.com/images/I/41fOEWN0yLS._SL75_.jpg","Width":75}}},"ItemInfo":{"ByLineInfo":{"Brand":{"DisplayValue":"LxwSin","Label":"Brand","Locale":"es_ES"},"Manufacturer":{"DisplayValue":"LxwSin","Label":"Manufacturer","Locale":"es_ES"}},"Title":{"DisplayValue":"LxwSin Llavero de Cuero Trenzado, Llavero Cuero Coche, 2 Piezas Llavero de Cuero PU, Llavero de Coche Tejido, Colgante de Llavero de Aleación de Zinc para Hombre y Mujer, Automóviles, Hogar, Oficina","Label":"Title","Locale":"es_ES"}},"Offers":{"Summaries":[{"Condition":{"Value":"New"},"LowestPrice":{"Amount":6.99,"Currency":"EUR","DisplayAmount":"6,99 €"}}]}},{"ASIN":"B08H58BXYW","DetailPageURL":"https://www.amazon.es/dp/B08H58BXYW?tag=topinalambricos-21&linkCode=osi&th=1&psc=1","Images":{"Primary":{"Small":{"Height":75,"URL":"https://m.media-amazon.com/images/I/41VRb7FvxwL._SL75_.jpg","Width":75}}},"ItemInfo":{"ByLineInfo":{"Brand":{"DisplayValue":"ANKERPUNKT","Label":"Brand","Locale":"es_ES"},"Manufacturer":{"DisplayValue":"ANKERPUNKT","Label":"Manufacturer","Locale":"es_ES"}},"Title":{"DisplayValue":"ANKERPUNKT Llavero de cuero grabado Best Dad Ever marron oscuro - Ideas de regalos para papá - Pequeños regalos para hombres - Navidad - Regalo del día del padre para hombres - Made in Germany","Label":"Title","Locale":"es_ES"}},"Offers":{"Summaries":[{"Condition":{"Value":"New"},"LowestPrice":{"Amount":14.9,"Currency":"EUR","DisplayAmount":"14,90 €"}}]}},{"ASIN":"B07YXCPC79","DetailPageURL":"https://www.amazon.es/dp/B07YXCPC79?tag=topinalambricos-21&linkCode=osi&th=1&psc=1","Images":{"Primary":{"Small":{"Height":61,"URL":"https://m.media-amazon.com/images/I/41GNeqQCNmL._SL75_.jpg","Width":75}}},"ItemInfo":{"ByLineInfo":{"Brand":{"DisplayValue":"UBRIQUE","Label":"Brand","Locale":"es_ES"}},"Title":{"DisplayValue":"Llavero de Cuero 8 Llaves Piel Azul","Label":"Title","Locale":"es_ES"}},"Offers":{"Summaries":[{"Condition":{"Value":"New"},"LowestPrice":{"Amount":15.49,"Currency":"EUR","DisplayAmount":"15,49 €"}}]}},{"ASIN":"B083WN9B49","DetailPageURL":"https://www.amazon.es/dp/B083WN9B49?tag=topinalambricos-21&linkCode=osi&th=1&psc=1","Images":{"Primary":{"Small":{"Height":75,"URL":"https://m.media-amazon.com/images/I/31iDK-7S0cL._SL75_.jpg","Width":75}}},"ItemInfo":{"ByLineInfo":{"Brand":{"DisplayValue":"CM Conte Massimo","Label":"Brand","Locale":"es_ES"},"Manufacturer":{"DisplayValue":"CM Conte Massimo","Label":"Manufacturer","Locale":"es_ES"}},"Title":{"DisplayValue":"CONTE MASSIMO Llavero Hombre Mujer, Piel Verdadera (Negro Con bolsillo)","Label":"Title","Locale":"es_ES"}},"Offers":{"Summaries":[{"Condition":{"Value":"New"},"LowestPrice":{"Amount":21.9,"Currency":"EUR","DisplayAmount":"21,90 €"}}]}},{"ASIN":"B097BJ5MCS","DetailPageURL":"https://www.amazon.es/dp/B097BJ5MCS?tag=topinalambricos-21&linkCode=osi&th=1&psc=1","Images":{"Primary":{"Small":{"Height":75,"URL":"https://m.media-amazon.com/images/I/31pLdU1iyPL._SL75_.jpg","Width":75}}},"ItemInfo":{"ByLineInfo":{"Brand":{"DisplayValue":"KeyUnity","Label":"Brand","Locale":"es_ES"},"Manufacturer":{"DisplayValue":"KeyUnity","Label":"Manufacturer","Locale":"es_ES"}},"Title":{"DisplayValue":"KeyUnity KM02 Clip De Cinturón Llavero Titanio, Mosquetón Soporte De Llavero De Cuero, Con Llavero De Acero Inoxidable Extraíble","Label":"Title","Locale":"es_ES"}},"Offers":{"Summaries":[{"Condition":{"Value":"New"},"LowestPrice":{"Amount":23.99,"Currency":"EUR","DisplayAmount":"23,99 €"}}]}}],"SearchURL":"https://www.amazon.es/s?k=cuero&rh=n%3A3333729031%2Cp_n_availability%3A-1&tag=topinalambricos-21&linkCode=osi","TotalResultCount":581}},"195":{"SearchResult":{"Items":[{"ASIN":"B08NJJMNBV","DetailPageURL":"https://www.amazon.es/dp/B08NJJMNBV?tag=topinalambricos-21&linkCode=osi&th=1&psc=1","Images":{"Primary":{"Small":{"Height":75,"URL":"https://m.media-amazon.com/images/I/41N97K210rS._SL75_.jpg","Width":75}}},"ItemInfo":{"ByLineInfo":{"Brand":{"DisplayValue":"NAMIS","Label":"Brand","Locale":"es_ES"},"Manufacturer":{"DisplayValue":"NAMIS","Label":"Manufacturer","Locale":"es_ES"}},"Title":{"DisplayValue":"NAMIS Tiradores de Cuero Manija de Cuero Con Tornillos Perillas de Muebles de Cuero Tiradores para Cajones Tiradores de Piel Tiradores de Cuero para muebles armarios(6pcs)","Label":"Title","Locale":"es_ES"}},"Offers":{"Summaries":[{"Condition":{"Value":"New"},"LowestPrice":{"Amount":15.39,"Currency":"EUR","DisplayAmount":"15,39 €"}}]}},{"ASIN":"B09996QNYV","DetailPageURL":"https://www.amazon.es/dp/B09996QNYV?tag=topinalambricos-21&linkCode=osi&th=1&psc=1","Images":{"Primary":{"Small":{"Height":63,"URL":"https://m.media-amazon.com/images/I/31WaXw3+hjL._SL75_.jpg","Width":75}}},"ItemInfo":{"ByLineInfo":{"Brand":{"DisplayValue":"YANGWEN","Label":"Brand","Locale":"es_ES"},"Manufacturer":{"DisplayValue":"YANGWEN","Label":"Manufacturer","Locale":"es_ES"}},"Title":{"DisplayValue":"YANGWEN 4 Piezas Tirador Hecho a Mano de Los Muebles del Cuero de la PU, Tiradores de Puerta de cajón de Cuero, Tiradores para Accesorio de Mobilario, Armario, cajón, Puerta.","Label":"Title","Locale":"es_ES"}},"Offers":{"Summaries":[{"Condition":{"Value":"New"},"LowestPrice":{"Amount":10.0,"Currency":"EUR","DisplayAmount":"10,00 €"}}]}},{"ASIN":"B07V2M2T2Y","DetailPageURL":"https://www.amazon.es/dp/B07V2M2T2Y?tag=topinalambricos-21&linkCode=osi&th=1&psc=1","Images":{"Primary":{"Small":{"Height":75,"URL":"https://m.media-amazon.com/images/I/41QOpKNhxSL._SL75_.jpg","Width":75}}},"ItemInfo":{"ByLineInfo":{"Brand":{"DisplayValue":"Yardwe","Label":"Brand","Locale":"es_ES"},"Manufacturer":{"DisplayValue":"Yardwe","Label":"Manufacturer","Locale":"es_ES"}},"Title":{"DisplayValue":"Yardwe 2 piezas de muebles de cuero manija de la puerta perillas de la puerta del gabinete cajón lazo tiradores manijas de la puerta (marrón)","Label":"Title","Locale":"es_ES"}},"Offers":{"Summaries":[{"Condition":{"Value":"New"},"LowestPrice":{"Amount":10.95,"Currency":"EUR","DisplayAmount":"10,95 €"}}]}},{"ASIN":"B09C5BSDRQ","DetailPageURL":"https://www.amazon.es/dp/B09C5BSDRQ?tag=topinalambricos-21&linkCode=osi&th=1&psc=1","Images":{"Primary":{"Small":{"Height":75,"URL":"https://m.media-amazon.com/images/I/41aPCm0BVkL._SL75_.jpg","Width":75}}},"ItemInfo":{"ByLineInfo":{"Brand":{"DisplayValue":"MWJC","Label":"Brand","Locale":"es_ES"},"Manufacturer":{"DisplayValue":"MWJC","Label":"Manufacturer","Locale":"es_ES"}},"Title":{"DisplayValue":"MWJC 4 piezas manijas de cuero muebles tiradores de cajón de cuero Tirador de puerta de armario cuero Tiradores para Cajones Vintage con Tornillos Usado para Muebles de Cocina y Puertas","Label":"Title","Locale":"es_ES"}},"Offers":{"Summaries":[{"Condition":{"Value":"New"},"LowestPrice":{"Amount":10.89,"Currency":"EUR","DisplayAmount":"10,89 €"}}]}},{"ASIN":"B0B215JK2P","DetailPageURL":"https://www.amazon.es/dp/B0B215JK2P?tag=topinalambricos-21&linkCode=osi&th=1&psc=1","Images":{"Primary":{"Small":{"Height":75,"URL":"https://m.media-amazon.com/images/I/41RWDGAcNjL._SL75_.jpg","Width":59}}},"ItemInfo":{"ByLineInfo":{"Brand":{"DisplayValue":"QWORK","Label":"Brand","Locale":"es_ES"},"Manufacturer":{"DisplayValue":"QWORK","Label":"Manufacturer","Locale":"es_ES"}},"Title":{"DisplayValue":"QWORK 6 Piezas Tiradores Cuero para Muebles, Tirador de Gabinete Tiradores Tiradores Cajon con Tornillos - 96mm, Beige","Label":"Title","Locale":"es_ES"}},"Offers":{"Summaries":[{"Condition":{"Value":"New"},"LowestPrice":{"Amount":13.8,"Currency":"EUR","DisplayAmount":"13,80 €"}}]}},{"ASIN":"B081MS1QD2","DetailPageURL":"https://www.amazon.es/dp/B081MS1QD2?tag=topinalambricos-21&linkCode=osi&th=1&psc=1","Images":{"Primary":{"Small":{"Height":75,"URL":"https://m.media-amazon.com/images/I/41EamGFH7mL._SL75_.jpg","Width":75}}},"ItemInfo":{"ByLineInfo":{"Brand":{"DisplayValue":"VOANZO","Label":"Brand","Locale":"es_ES"},"Manufacturer":{"DisplayValue":"VOANZO","Label":"Manufacturer","Locale":"es_ES"}},"Title":{"DisplayValue":"VOANZO 5PCS Tirador de Puerta para Muebles Herrajes de Cuero de Primera Capa Tirador de Puerta Cuero de PU para herrajes para Muebles Clavo Individual 14 cm (marrón)","Label":"Title","Locale":"es_ES"}},"Offers":{"Summaries":[{"Condition":{"Value":"New"},"LowestPrice":{"Amount":13.99,"Currency":"EUR","DisplayAmount":"13,99 €"}}]}},{"ASIN":"B09N33S123","DetailPageURL":"https://www.amazon.es/dp/B09N33S123?tag=topinalambricos-21&linkCode=osi&th=1&psc=1","Images":{"Primary":{"Small":{"Height":75,"URL":"https://m.media-amazon.com/images/I/51iAES4ULXL._SL75_.jpg","Width":75}}},"ItemInfo":{"ByLineInfo":{"Brand":{"DisplayValue":"Ktnyl","Label":"Brand","Locale":"es_ES"},"Manufacturer":{"DisplayValue":"Wjyvrvr","Label":"Manufacturer","Locale":"es_ES"}},"Title":{"DisplayValue":"6 Piezas Muebles Cuero Manija, Tiradores Cuero, Tirador Cuero Para Armario, Tirador Cuero Para Cajón, Decora Tirador Cocina Cuero , Utilizado En Cocina, Dormitorio, Mesitas Noche y Otros Muebles","Label":"Title","Locale":"es_ES"}},"Offers":{"Summaries":[{"Condition":{"Value":"New"},"LowestPrice":{"Amount":15.99,"Currency":"EUR","DisplayAmount":"15,99 € (2,66 € / unidad)","PricePerUnit":2.66}}]}},{"ASIN":"B0914PLBZL","DetailPageURL":"https://www.amazon.es/dp/B0914PLBZL?tag=topinalambricos-21&linkCode=osi&th=1&psc=1","Images":{"Primary":{"Small":{"Height":75,"URL":"https://m.media-amazon.com/images/I/51o4X8Wp1fL._SL75_.jpg","Width":75}}},"ItemInfo":{"ByLineInfo":{"Brand":{"DisplayValue":"Qixuer","Label":"Brand","Locale":"es_ES"},"Manufacturer":{"DisplayValue":"Qixuer","Label":"Manufacturer","Locale":"es_ES"}},"Title":{"DisplayValue":"Qixuer 6 Piezas Tirador de Muebles de Cuero,Tirador de Mueble Vintage Tirador de Puerta Cocina Armario Muebles Tiradores Armario Cajón Tiradores de Herrajes para Muebles para Cajón de Armario","Label":"Title","Locale":"es_ES"}},"Offers":{"Summaries":[{"Condition":{"Value":"New"},"LowestPrice":{"Amount":16.99,"Currency":"EUR","DisplayAmount":"16,99 € (2,83 € / unidad)","PricePerUnit":2.83}}]}},{"ASIN":"B081N5F57W","DetailPageURL":"https://www.amazon.es/dp/B081N5F57W?tag=topinalambricos-21&linkCode=osi&th=1&psc=1","Images":{"Primary":{"Small":{"Height":75,"URL":"https://m.media-amazon.com/images/I/413plHLtYbL._SL75_.jpg","Width":75}}},"ItemInfo":{"ByLineInfo":{"Brand":{"DisplayValue":"VOANZO","Label":"Brand","Locale":"es_ES"},"Manufacturer":{"DisplayValue":"VOANZO","Label":"Manufacturer","Locale":"es_ES"}},"Title":{"DisplayValue":"VOANZO 5PCS Tirador de Puerta para Muebles Herrajes de Cuero de Primera Capa Tirador de Puerta Cuero de PU para herrajes para Muebles Doble Clavo 14cm (Marrón)","Label":"Title","Locale":"es_ES"}},"Offers":{"Summaries":[{"Condition":{"Value":"New"},"LowestPrice":{"Amount":16.39,"Currency":"EUR","DisplayAmount":"16,39 €"}}]}},{"ASIN":"B07VN4SGFH","DetailPageURL":"https://www.amazon.es/dp/B07VN4SGFH?tag=topinalambricos-21&linkCode=osi&th=1&psc=1","Images":{"Primary":{"Small":{"Height":75,"URL":"https://m.media-amazon.com/images/I/419Yvu8iKPL._SL75_.jpg","Width":75}}},"ItemInfo":{"ByLineInfo":{"Brand":{"DisplayValue":"DOITOOL","Label":"Brand","Locale":"es_ES"},"Manufacturer":{"DisplayValue":"DOITOOL","Label":"Manufacturer","Locale":"es_ES"}},"Title":{"DisplayValue":"DOITOOL 10 UNIDS Perillas de Gabinete de Cuero Tiradores de Cajón de Cuero Perillas de Puertas de Armario Tiradores de Bucle Tiradores Manijas","Label":"Title","Locale":"es_ES"}},"Offers":{"Summaries":[{"Condition":{"Value":"New"},"LowestPrice":{"Amount":22.99,"Currency":"EUR","DisplayAmount":"22,99 € (2,30 € / unidad)","PricePerUnit":2.3}}]}}],"SearchURL":"https://www.amazon.es/s?k=cuero&rh=n%3A3049502031%2Cp_n_availability%3A-1&tag=topinalambricos-21&linkCode=osi","TotalResultCount":952}},"196":{"SearchResult":{"Items":[{"ASIN":"B08TWYVFQR","DetailPageURL":"https://www.amazon.es/dp/B08TWYVFQR?tag=topinalambricos-21&linkCode=osi&th=1&psc=1","Images":{"Primary":{"Small":{"Height":75,"URL":"https://m.media-amazon.com/images/I/413DVMPgN9L._SL75_.jpg","Width":67}}},"ItemInfo":{"ByLineInfo":{"Brand":{"DisplayValue":"Jack & Russell","Label":"Brand","Locale":"es_ES"},"Manufacturer":{"DisplayValue":"Jack & Russell","Label":"Manufacturer","Locale":"es_ES"}},"Title":{"DisplayValue":"Jack & Russell Premium Grasa de Cuero para Perros Travis 2,0m - Correa de Cuero Ajustable múltiples - Travis (Marrón Oscuro)","Label":"Title","Locale":"es_ES"}},"Offers":{"Summaries":[{"Condition":{"Value":"New"},"LowestPrice":{"Amount":26.9,"Currency":"EUR","DisplayAmount":"26,90 €"}}]}},{"ASIN":"B079CCZ1ZW","DetailPageURL":"https://www.amazon.es/dp/B079CCZ1ZW?tag=topinalambricos-21&linkCode=osi&th=1&psc=1","Images":{"Primary":{"Small":{"Height":75,"URL":"https://m.media-amazon.com/images/I/51YB9GVa8wL._SL75_.jpg","Width":75}}},"ItemInfo":{"ByLineInfo":{"Brand":{"DisplayValue":"Fdit","Label":"Brand","Locale":"es_ES"},"Manufacturer":{"DisplayValue":"Fdit","Label":"Manufacturer","Locale":"es_ES"}},"Title":{"DisplayValue":"Fdit Correa de Cuero Marrón para Perros 7/6/5 Pie 3 Tipos Correa de Cuero para Caminar Entrenamiento en Marcha(1.2m)","Label":"Title","Locale":"es_ES"}},"Offers":{"Summaries":[{"Condition":{"Value":"New"},"LowestPrice":{"Amount":24.3,"Currency":"EUR","DisplayAmount":"24,30 €"}}]}},{"ASIN":"B08BW36GTD","DetailPageURL":"https://www.amazon.es/dp/B08BW36GTD?tag=topinalambricos-21&linkCode=osi&th=1&psc=1","Images":{"Primary":{"Small":{"Height":75,"URL":"https://m.media-amazon.com/images/I/414VDcgBZqL._SL75_.jpg","Width":67}}},"ItemInfo":{"ByLineInfo":{"Brand":{"DisplayValue":"Jack & Russell","Label":"Brand","Locale":"es_ES"},"Manufacturer":{"DisplayValue":"Jack & Russell","Label":"Manufacturer","Locale":"es_ES"}},"Title":{"DisplayValue":"Jack & Russell Correa de Cuero Charlotte Cuero Real Trenzado - Correa de Perro de Cuero con carabina Correa de Perro Charlotte (2,50 m)","Label":"Title","Locale":"es_ES"}},"Offers":{"Summaries":[{"Condition":{"Value":"New"},"LowestPrice":{"Amount":17.9,"Currency":"EUR","DisplayAmount":"17,90 €"}}]}},{"ASIN":"B0B6W6ZXNH","DetailPageURL":"https://www.amazon.es/dp/B0B6W6ZXNH?tag=topinalambricos-21&linkCode=osi&th=1&psc=1","Images":{"Primary":{"Small":{"Height":75,"URL":"https://m.media-amazon.com/images/I/41JkCciHsjL._SL75_.jpg","Width":75}}},"ItemInfo":{"ByLineInfo":{"Brand":{"DisplayValue":"SOMLAW","Label":"Brand","Locale":"es_ES"},"Manufacturer":{"DisplayValue":"SOMLAW","Label":"Manufacturer","Locale":"es_ES"}},"Title":{"DisplayValue":"Correa Perro,Correas para Perros Piel de Vaca,Correa Antitirones Perro Clásica para Perros de Todos Los Tamaños, Correa de Perro Trenzada Antideslizante para Adiestramiento,Correr (Negro)","Label":"Title","Locale":"es_ES"}},"Offers":{"Summaries":[{"Condition":{"Value":"New"},"LowestPrice":{"Amount":8.99,"Currency":"EUR","DisplayAmount":"8,99 €"}}]}},{"ASIN":"B0B58LY7WS","DetailPageURL":"https://www.amazon.es/dp/B0B58LY7WS?tag=topinalambricos-21&linkCode=osi&th=1&psc=1","Images":{"Primary":{"Small":{"Height":75,"URL":"https://m.media-amazon.com/images/I/5175-c3C6EL._SL75_.jpg","Width":75}}},"ItemInfo":{"ByLineInfo":{"Brand":{"DisplayValue":"Grand Line","Label":"Brand","Locale":"es_ES"},"Manufacturer":{"DisplayValue":"Grand Line","Label":"Manufacturer","Locale":"es_ES"}},"Title":{"DisplayValue":"Grand Line 1.2M Correa Perro Cuero, Soporta 300 Lbs de Tracción, Correa Adiestramiento de Piel para Perros Pequeño,Mediano y Grande (120 * 2.5 cm, Marrón)","Label":"Title","Locale":"es_ES"}},"Offers":{"Summaries":[{"Condition":{"Value":"New"},"LowestPrice":{"Amount":20.99,"Currency":"EUR","DisplayAmount":"20,99 €"}}]}},{"ASIN":"B08TWXBXF1","DetailPageURL":"https://www.amazon.es/dp/B08TWXBXF1?tag=topinalambricos-21&linkCode=osi&th=1&psc=1","Images":{"Primary":{"Small":{"Height":75,"URL":"https://m.media-amazon.com/images/I/31ekXVa5UWL._SL75_.jpg","Width":67}}},"ItemInfo":{"ByLineInfo":{"Brand":{"DisplayValue":"Jack & Russell","Label":"Brand","Locale":"es_ES"},"Manufacturer":{"DisplayValue":"Jack & Russell","Label":"Manufacturer","Locale":"es_ES"}},"Title":{"DisplayValue":"Jack & Russell Correa de Cuero de Primera Calidad Shorty 1m - Correa de Cuero para Perros - Correa de Plomo con mosquetón - Shorty (Marrón Oscuro)","Label":"Title","Locale":"es_ES"}},"Offers":{"Summaries":[{"Condition":{"Value":"New"},"LowestPrice":{"Amount":17.9,"Currency":"EUR","DisplayAmount":"17,90 €"}}]}},{"ASIN":"B07ZMTQXJG","DetailPageURL":"https://www.amazon.es/dp/B07ZMTQXJG?tag=topinalambricos-21&linkCode=osi&th=1&psc=1","Images":{"Primary":{"Small":{"Height":73,"URL":"https://m.media-amazon.com/images/I/417X9jevDpL._SL75_.jpg","Width":75}}},"ItemInfo":{"ByLineInfo":{"Brand":{"DisplayValue":"YUEMING","Label":"Brand","Locale":"es_ES"},"Manufacturer":{"DisplayValue":"YUEMING","Label":"Manufacturer","Locale":"es_ES"}},"Title":{"DisplayValue":"YUEMING Correa de Perro，Correa de Cuero para Mascotas， Cinturón de Cuero Grueso para Perro Cadena de Cuero Suave para Perro（ Negra）","Label":"Title","Locale":"es_ES"}},"Offers":{"Summaries":[{"Condition":{"Value":"New"},"LowestPrice":{"Amount":20.38,"Currency":"EUR","DisplayAmount":"20,38 €"}}]}},{"ASIN":"B0B6WS8VB8","DetailPageURL":"https://www.amazon.es/dp/B0B6WS8VB8?tag=topinalambricos-21&linkCode=osi&th=1&psc=1","Images":{"Primary":{"Small":{"Height":75,"URL":"https://m.media-amazon.com/images/I/41XufT0KtdL._SL75_.jpg","Width":49}}},"ItemInfo":{"ByLineInfo":{"Brand":{"DisplayValue":"FLUFFLE","Label":"Brand","Locale":"es_ES"},"Manufacturer":{"DisplayValue":"FLUFFLE","Label":"Manufacturer","Locale":"es_ES"}},"Title":{"DisplayValue":"Correa Perro, Correa de Perro, algodón Puro y Cuero Genuino, 100CM","Label":"Title","Locale":"es_ES"}},"Offers":{"Summaries":[{"Condition":{"Value":"New"},"LowestPrice":{"Amount":23.0,"Currency":"EUR","DisplayAmount":"23,00 €"}}]}},{"ASIN":"B00140Q7ZM","DetailPageURL":"https://www.amazon.es/dp/B00140Q7ZM?tag=topinalambricos-21&linkCode=osi&th=1&psc=1","Images":{"Primary":{"Small":{"Height":49,"URL":"https://m.media-amazon.com/images/I/41PKyb-WWJL._SL75_.jpg","Width":75}}},"ItemInfo":{"ByLineInfo":{"Brand":{"DisplayValue":"Karlie","Label":"Brand","Locale":"es_ES"},"Manufacturer":{"DisplayValue":"Karlie","Label":"Manufacturer","Locale":"es_ES"}},"Title":{"DisplayValue":"Karlie 06014 Rondo Correa de Piel Multiposición para Entrenamiento, Negro, 12 mm x 200 cm, S","Label":"Title","Locale":"es_ES"}},"Offers":{"Summaries":[{"Condition":{"Value":"New"},"LowestPrice":{"Amount":19.79,"Currency":"EUR","DisplayAmount":"19,79 €"}}]}},{"ASIN":"B097LVGC5W","DetailPageURL":"https://www.amazon.es/dp/B097LVGC5W?tag=topinalambricos-21&linkCode=osi&th=1&psc=1","Images":{"Primary":{"Small":{"Height":75,"URL":"https://m.media-amazon.com/images/I/31XiQdoeC-S._SL75_.jpg","Width":67}}},"ItemInfo":{"ByLineInfo":{"Brand":{"DisplayValue":"Jack & Russell","Label":"Brand","Locale":"es_ES"},"Manufacturer":{"DisplayValue":"Jack & Russell","Label":"Manufacturer","Locale":"es_ES"}},"Title":{"DisplayValue":"Correa de piel para perros, multiajustable, 2,40 m, correa de piel para perros, extremadamente estable, con mosquetón de acero inoxidable, correa de piel auténtica Sammy (negro)","Label":"Title","Locale":"es_ES"}},"Offers":{"Summaries":[{"Condition":{"Value":"New"},"LowestPrice":{"Amount":24.9,"Currency":"EUR","DisplayAmount":"24,90 €"}}]}}],"SearchURL":"https://www.amazon.es/s?k=cuero&rh=n%3A13442364031%2Cp_n_availability%3A-1&tag=topinalambricos-21&linkCode=osi","TotalResultCount":2658}},"199":{"SearchResult":{"Items":[{"ASIN":"B091GKCXST","DetailPageURL":"https://www.amazon.es/dp/B091GKCXST?tag=topinalambricos-21&linkCode=osi&th=1&psc=1","Images":{"Primary":{"Small":{"Height":75,"URL":"https://m.media-amazon.com/images/I/51nchk-i48L._SL75_.jpg","Width":75}}},"ItemInfo":{"ByLineInfo":{"Brand":{"DisplayValue":"GOINUS","Label":"Brand","Locale":"es_ES"},"Manufacturer":{"DisplayValue":"GOINUS","Label":"Manufacturer","Locale":"es_ES"}},"Title":{"DisplayValue":"Fundas Asientos Coche para Hyundai Tucson 2019 2020, Funda Transpirable de protección Completa de Cuero PU de Primera Calidad para Asientos Delanteros y Traseros","Label":"Title","Locale":"es_ES"}},"Offers":{"Summaries":[{"Condition":{"Value":"New"},"LowestPrice":{"Amount":269.99,"Currency":"EUR","DisplayAmount":"269,99 €"}}]}},{"ASIN":"B096D4CMSP","DetailPageURL":"https://www.amazon.es/dp/B096D4CMSP?tag=topinalambricos-21&linkCode=osi&th=1&psc=1","Images":{"Primary":{"Small":{"Height":75,"URL":"https://m.media-amazon.com/images/I/51FAUIko6OL._SL75_.jpg","Width":75}}},"ItemInfo":{"ByLineInfo":{"Brand":{"DisplayValue":"Coverado","Label":"Brand","Locale":"es_ES"},"Manufacturer":{"DisplayValue":"Coverado","Label":"Manufacturer","Locale":"es_ES"}},"Title":{"DisplayValue":"Coverado Fundas para Asientos Delanteros y Traseros 5 plazas, Juego Completo de Protectores de Asiento de automóvil de Cuero Nappa a Prueba de Agua, Accesorios universales, Color Beige","Label":"Title","Locale":"es_ES"}},"Offers":{"Summaries":[{"Condition":{"Value":"New"},"LowestPrice":{"Amount":199.98,"Currency":"EUR","DisplayAmount":"199,98 €"}}]}},{"ASIN":"B09W95YF79","DetailPageURL":"https://www.amazon.es/dp/B09W95YF79?tag=topinalambricos-21&linkCode=osi&th=1&psc=1","Images":{"Primary":{"Small":{"Height":75,"URL":"https://m.media-amazon.com/images/I/61sklGp7FxL._SL75_.jpg","Width":75}}},"ItemInfo":{"ByLineInfo":{"Brand":{"DisplayValue":"ZJMYHJ","Label":"Brand","Locale":"es_ES"},"Manufacturer":{"DisplayValue":"ZJMYHJ","Label":"Manufacturer","Locale":"es_ES"}},"Title":{"DisplayValue":"Set Cuero Fundas de Asiento de Coche para BMW 4 Series F36 2014-2019, para Delanteros y Traseros, Accesorios Interior","Label":"Title","Locale":"es_ES"}},"Offers":{"Summaries":[{"Condition":{"Value":"New"},"LowestPrice":{"Amount":296.99,"Currency":"EUR","DisplayAmount":"296,99 €"}}]}},{"ASIN":"B08SJ21S97","DetailPageURL":"https://www.amazon.es/dp/B08SJ21S97?tag=topinalambricos-21&linkCode=osi&th=1&psc=1","Images":{"Primary":{"Small":{"Height":75,"URL":"https://m.media-amazon.com/images/I/31bfK8QXP0L._SL75_.jpg","Width":75}}},"ItemInfo":{"ByLineInfo":{"Brand":{"DisplayValue":"BESPORTBLE","Label":"Brand","Locale":"es_ES"},"Manufacturer":{"DisplayValue":"BESPORTBLE","Label":"Manufacturer","Locale":"es_ES"}},"Title":{"DisplayValue":"BESPORTBLE Funda de Cojín de Asiento Suave de Cuero de Motocicleta Impermeable 2 Piezas ()","Label":"Title","Locale":"es_ES"}},"Offers":{"Summaries":[{"Condition":{"Value":"New"},"LowestPrice":{"Amount":23.57,"Currency":"EUR","DisplayAmount":"23,57 €"}}]}},{"ASIN":"B08S3Y8JLJ","DetailPageURL":"https://www.amazon.es/dp/B08S3Y8JLJ?tag=topinalambricos-21&linkCode=osi&th=1&psc=1","Images":{"Primary":{"Small":{"Height":75,"URL":"https://m.media-amazon.com/images/I/31Itxb-IAlL._SL75_.jpg","Width":75}}},"ItemInfo":{"ByLineInfo":{"Brand":{"DisplayValue":"CLISPEED","Label":"Brand","Locale":"es_ES"},"Manufacturer":{"DisplayValue":"CLISPEED","Label":"Manufacturer","Locale":"es_ES"}},"Title":{"DisplayValue":"CLISPEED 2 Piezas Funda de Asiento de Motocicleta Elástico Impermeable Cuero Funda de Asiento de Motocicleta Protector de Asiento de Motocicleta Cojín Antideslizante","Label":"Title","Locale":"es_ES"}},"Offers":{"Summaries":[{"Condition":{"Value":"New"},"LowestPrice":{"Amount":23.93,"Currency":"EUR","DisplayAmount":"23,93 €"}}]}},{"ASIN":"B08M69MSNP","DetailPageURL":"https://www.amazon.es/dp/B08M69MSNP?tag=topinalambricos-21&linkCode=osi&th=1&psc=1","Images":{"Primary":{"Small":{"Height":75,"URL":"https://m.media-amazon.com/images/I/41-oAodkQ-L._SL75_.jpg","Width":75}}},"ItemInfo":{"ByLineInfo":{"Brand":{"DisplayValue":"Wakauto","Label":"Brand","Locale":"es_ES"},"Manufacturer":{"DisplayValue":"Wakauto","Label":"Manufacturer","Locale":"es_ES"}},"Title":{"DisplayValue":"Wakauto 2 Piezas Funda de Asiento de Motocicleta Eléctrica Cojín de Cuero Impermeable Funda de Sillín de Asiento de Motocicleta Funda de Asiento de Motocicleta Universal para Viajes en","Label":"Title","Locale":"es_ES"}},"Offers":{"Summaries":[{"Condition":{"Value":"New"},"LowestPrice":{"Amount":18.77,"Currency":"EUR","DisplayAmount":"18,77 €"}}]}},{"ASIN":"B08N14Y946","DetailPageURL":"https://www.amazon.es/dp/B08N14Y946?tag=topinalambricos-21&linkCode=osi&th=1&psc=1","Images":{"Primary":{"Small":{"Height":75,"URL":"https://m.media-amazon.com/images/I/41K8h6pEvIL._SL75_.jpg","Width":75}}},"ItemInfo":{"ByLineInfo":{"Brand":{"DisplayValue":"Wakauto","Label":"Brand","Locale":"es_ES"},"Manufacturer":{"DisplayValue":"Wakauto","Label":"Manufacturer","Locale":"es_ES"}},"Title":{"DisplayValue":"Wakauto Funda de Asiento de Motocicleta Impermeable Fundas de Sillín de Asiento de Motocicleta Eléctrica 2 Piezas Funda de Cojín de Cuero Universal","Label":"Title","Locale":"es_ES"}},"Offers":{"Summaries":[{"Condition":{"Value":"New"},"LowestPrice":{"Amount":17.11,"Currency":"EUR","DisplayAmount":"17,11 €"}}]}},{"ASIN":"B08ZH845CJ","DetailPageURL":"https://www.amazon.es/dp/B08ZH845CJ?tag=topinalambricos-21&linkCode=osi&th=1&psc=1","Images":{"Primary":{"Small":{"Height":75,"URL":"https://m.media-amazon.com/images/I/31vaevuEOzL._SL75_.jpg","Width":75}}},"ItemInfo":{"ByLineInfo":{"Brand":{"DisplayValue":"FAVOMOTO","Label":"Brand","Locale":"es_ES"},"Manufacturer":{"DisplayValue":"FAVOMOTO","Label":"Manufacturer","Locale":"es_ES"}},"Title":{"DisplayValue":"FAVOMOTO Cubierta de Asiento de Motocicleta de Ciclismo Impermeable de Cuero Eléctrico Almohadilla de Asiento Cómodo Asiento de Asiento Funda de Asiento de Pasajero Cojín para Bicicleta","Label":"Title","Locale":"es_ES"}},"Offers":{"Summaries":[{"Condition":{"Value":"New"},"LowestPrice":{"Amount":23.39,"Currency":"EUR","DisplayAmount":"23,39 €"}}]}},{"ASIN":"B096Y18P52","DetailPageURL":"https://www.amazon.es/dp/B096Y18P52?tag=topinalambricos-21&linkCode=osi&th=1&psc=1","Images":{"Primary":{"Small":{"Height":75,"URL":"https://m.media-amazon.com/images/I/51bx+g-d0aL._SL75_.jpg","Width":75}}},"ItemInfo":{"ByLineInfo":{"Brand":{"DisplayValue":"MAGFYLY","Label":"Brand","Locale":"es_ES"},"Manufacturer":{"DisplayValue":"JHHJJFJGHJFGHDHF","Label":"Manufacturer","Locale":"es_ES"}},"Title":{"DisplayValue":"MAGFYLY Cuero para tapizar Cuero Tejido de Cuero Bordado Funda para Asientos de Automóvil Tapicería de Vehículos Fondo de Tela Materiales de Decoración de Pared - Negro Mate (Size : 1.38×1m)","Label":"Title","Locale":"es_ES"}},"Offers":{"Summaries":[{"Condition":{"Value":"New"},"LowestPrice":{"Amount":24.38,"Currency":"EUR","DisplayAmount":"24,38 €"}}]}},{"ASIN":"B09BF7K595","DetailPageURL":"https://www.amazon.es/dp/B09BF7K595?tag=topinalambricos-21&linkCode=osi&th=1&psc=1","Images":{"Primary":{"Small":{"Height":75,"URL":"https://m.media-amazon.com/images/I/51bx+g-d0aL._SL75_.jpg","Width":75}}},"ItemInfo":{"ByLineInfo":{"Brand":{"DisplayValue":"Yimihua","Label":"Brand","Locale":"es_ES"},"Manufacturer":{"DisplayValue":"vbnmg987","Label":"Manufacturer","Locale":"es_ES"}},"Title":{"DisplayValue":"Yimihua Cuero Artificial PU Cuero Tejido de Cuero Bordado Funda para Asientos de Automóvil Tapicería de Vehículos Fondo de Tela Materiales de Decoración de Pared - Negro Mate (Size : 1.38×1m)","Label":"Title","Locale":"es_ES"}},"Offers":{"Summaries":[{"Condition":{"Value":"New"},"LowestPrice":{"Amount":25.26,"Currency":"EUR","DisplayAmount":"25,26 €"}}]}}],"SearchURL":"https://www.amazon.es/s?k=funda+cuero+asiento&rh=p_n_availability%3A-1&tag=topinalambricos-21&linkCode=osi","TotalResultCount":306}},"200":{"SearchResult":{"Items":[{"ASIN":"B07JG75HCR","DetailPageURL":"https://www.amazon.es/dp/B07JG75HCR?tag=topinalambricos-21&linkCode=osi&th=1&psc=1","Images":{"Primary":{"Small":{"Height":75,"URL":"https://m.media-amazon.com/images/I/51T3B1O3J-L._SL75_.jpg","Width":75}}},"ItemInfo":{"ByLineInfo":{"Brand":{"DisplayValue":"Mayco Bell","Label":"Brand","Locale":"es_ES"},"Manufacturer":{"DisplayValue":"Mayco Bell","Label":"Manufacturer","Locale":"es_ES"}},"Title":{"DisplayValue":"Bricolaje Cubiertas del volante de cuero suave en el volante del automóvil con aguja e hilo Accesorios de interior Rojo","Label":"Title","Locale":"es_ES"}},"Offers":{"Summaries":[{"Condition":{"Value":"New"},"LowestPrice":{"Amount":13.98,"Currency":"EUR","DisplayAmount":"13,98 €"}}]}},{"ASIN":"B08Z7XJM2X","DetailPageURL":"https://www.amazon.es/dp/B08Z7XJM2X?tag=topinalambricos-21&linkCode=osi&th=1&psc=1","Images":{"Primary":{"Small":{"Height":75,"URL":"https://m.media-amazon.com/images/I/416EceExo6L._SL75_.jpg","Width":75}}},"ItemInfo":{"ByLineInfo":{"Brand":{"DisplayValue":"Vintree","Label":"Brand","Locale":"es_ES"},"Manufacturer":{"DisplayValue":"Vintree","Label":"Manufacturer","Locale":"es_ES"}},"Title":{"DisplayValue":"Vintree Cubierta de Volante de Cuero de Microfibra Negro Bricolaje Cubiertas del volante en el volante del automóvil con aguja e hilo Accesorios de interior Coche Fundas Para Volante Comodidad (negro)","Label":"Title","Locale":"es_ES"}},"Offers":{"Summaries":[{"Condition":{"Value":"New"},"LowestPrice":{"Amount":9.99,"Currency":"EUR","DisplayAmount":"9,99 €"}}]}},{"ASIN":"B08H7RTMF3","DetailPageURL":"https://www.amazon.es/dp/B08H7RTMF3?tag=topinalambricos-21&linkCode=osi&th=1&psc=1","Images":{"Primary":{"Small":{"Height":75,"URL":"https://m.media-amazon.com/images/I/51vufpNnEWL._SL75_.jpg","Width":75}}},"ItemInfo":{"ByLineInfo":{"Brand":{"DisplayValue":"Vintree","Label":"Brand","Locale":"es_ES"},"Manufacturer":{"DisplayValue":"Vintree","Label":"Manufacturer","Locale":"es_ES"}},"Title":{"DisplayValue":"Vintree Cubierta de Volante de Cuero de Microfibra Negro Bricolaje Cubiertas del Volante en el Volante del automóvil con Aguja e Hilo Accesorios de Interior Coche Fundas para Volante Comodidad","Label":"Title","Locale":"es_ES"}},"Offers":{"Summaries":[{"Condition":{"Value":"New"},"LowestPrice":{"Amount":9.99,"Currency":"EUR","DisplayAmount":"9,99 €"}}]}},{"ASIN":"B01EO8X3ZW","DetailPageURL":"https://www.amazon.es/dp/B01EO8X3ZW?tag=topinalambricos-21&linkCode=osi&th=1&psc=1","Images":{"Primary":{"Small":{"Height":75,"URL":"https://m.media-amazon.com/images/I/517GkrVvEaL._SL75_.jpg","Width":75}}},"ItemInfo":{"ByLineInfo":{"Brand":{"DisplayValue":"COFIT","Label":"Brand","Locale":"es_ES"},"Manufacturer":{"DisplayValue":"Fitam","Label":"Manufacturer","Locale":"es_ES"}},"Title":{"DisplayValue":"COFIT Cubierta de Volante de Cuero de Microfibra Negro M 37-38cm","Label":"Title","Locale":"es_ES"}},"Offers":{"Summaries":[{"Condition":{"Value":"New"},"LowestPrice":{"Amount":17.99,"Currency":"EUR","DisplayAmount":"17,99 €"}}]}},{"ASIN":"B09NQC11KV","DetailPageURL":"https://www.amazon.es/dp/B09NQC11KV?tag=topinalambricos-21&linkCode=osi&th=1&psc=1","Images":{"Primary":{"Small":{"Height":75,"URL":"https://m.media-amazon.com/images/I/51ZuuSfwLoL._SL75_.jpg","Width":75}}},"ItemInfo":{"ByLineInfo":{"Brand":{"DisplayValue":"SEGURCARS","Label":"Brand","Locale":"es_ES"},"Manufacturer":{"DisplayValue":"SEGURCARS","Label":"Manufacturer","Locale":"es_ES"}},"Title":{"DisplayValue":"SEGURCARS Funda para Volante de Piel Cosida, Simil Cuero para Restaurar Volantes (Negro Perforada)","Label":"Title","Locale":"es_ES"}},"Offers":{"Summaries":[{"Condition":{"Value":"New"},"LowestPrice":{"Amount":10.98,"Currency":"EUR","DisplayAmount":"10,98 €"}}]}},{"ASIN":"B09L5N6LDN","DetailPageURL":"https://www.amazon.es/dp/B09L5N6LDN?tag=topinalambricos-21&linkCode=osi&th=1&psc=1","Images":{"Primary":{"Small":{"Height":65,"URL":"https://m.media-amazon.com/images/I/41i3ARhmRAS._SL75_.jpg","Width":75}}},"ItemInfo":{"ByLineInfo":{"Brand":{"DisplayValue":"MYDH","Label":"Brand","Locale":"es_ES"},"Manufacturer":{"DisplayValue":"MYDH","Label":"Manufacturer","Locale":"es_ES"}},"Title":{"DisplayValue":"Funda Volante Coche Accesorios De Coche, Fundas De Cuero Cosidas A Mano Para Volante De Coche Para Citroen C4 PICASSO 2015 2016 Fundas para volante (Color : 2)","Label":"Title","Locale":"es_ES"}},"Offers":{"Summaries":[{"Condition":{"Value":"New"},"LowestPrice":{"Amount":121.23,"Currency":"EUR","DisplayAmount":"121,23 €"}}]}},{"ASIN":"B08W3WNRTJ","DetailPageURL":"https://www.amazon.es/dp/B08W3WNRTJ?tag=topinalambricos-21&linkCode=osi&th=1&psc=1","Images":{"Primary":{"Small":{"Height":75,"URL":"https://m.media-amazon.com/images/I/41hwCRaBSzL._SL75_.jpg","Width":75}}},"ItemInfo":{"ByLineInfo":{"Brand":{"DisplayValue":"SEG Direct","Label":"Brand","Locale":"es_ES"},"Manufacturer":{"DisplayValue":"SEG Direct","Label":"Manufacturer","Locale":"es_ES"}},"Title":{"DisplayValue":"SEG Direct Funda para Volante de Piel Auténtica, Cosida Sobre Envoltura, para Volantes Redondos y Tipo D de 37-39 cm, Negro","Label":"Title","Locale":"es_ES"}},"Offers":{"Summaries":[{"Condition":{"Value":"New"},"LowestPrice":{"Amount":22.99,"Currency":"EUR","DisplayAmount":"22,99 €"}}]}},{"ASIN":"B09TFG7BVN","DetailPageURL":"https://www.amazon.es/dp/B09TFG7BVN?tag=topinalambricos-21&linkCode=osi&th=1&psc=1","Images":{"Primary":{"Small":{"Height":75,"URL":"https://m.media-amazon.com/images/I/41CEk30S-lL._SL75_.jpg","Width":75}}},"ItemInfo":{"ByLineInfo":{"Brand":{"DisplayValue":"NenNicht","Label":"Brand","Locale":"es_ES"},"Manufacturer":{"DisplayValue":"NenNicht","Label":"Manufacturer","Locale":"es_ES"}},"Title":{"DisplayValue":"Funda Volante Coche Microfibra Cuero, Funda Volante Coche Universal Antideslizante, Tarea Pesada Funda Volante Transpirable Durable 37-38cm / 15\" (Negro Rojo)","Label":"Title","Locale":"es_ES"}},"Offers":{"Summaries":[{"Condition":{"Value":"New"},"LowestPrice":{"Amount":19.46,"Currency":"EUR","DisplayAmount":"19,46 €"}}]}},{"ASIN":"B07RGJ72G7","DetailPageURL":"https://www.amazon.es/dp/B07RGJ72G7?tag=topinalambricos-21&linkCode=osi&th=1&psc=1","Images":{"Primary":{"Small":{"Height":75,"URL":"https://m.media-amazon.com/images/I/41J4CIPo8jL._SL75_.jpg","Width":75}}},"ItemInfo":{"ByLineInfo":{"Brand":{"DisplayValue":"SFONIA","Label":"Brand","Locale":"es_ES"},"Manufacturer":{"DisplayValue":"SFONIA","Label":"Manufacturer","Locale":"es_ES"}},"Title":{"DisplayValue":"SFONIA Cubierta del Volante Fundas para Volante de Cuero del Microfibra Universal 37-38cm / 15\" Antideslizante Transpirable Durable (Marrón)","Label":"Title","Locale":"es_ES"}},"Offers":{"Summaries":[{"Condition":{"Value":"New"},"LowestPrice":{"Amount":16.99,"Currency":"EUR","DisplayAmount":"16,99 €"}}]}},{"ASIN":"B09NDHLY2P","DetailPageURL":"https://www.amazon.es/dp/B09NDHLY2P?tag=topinalambricos-21&linkCode=osi&th=1&psc=1","Images":{"Primary":{"Small":{"Height":75,"URL":"https://m.media-amazon.com/images/I/41wa+-VjNYL._SL75_.jpg","Width":75}}},"ItemInfo":{"ByLineInfo":{"Brand":{"DisplayValue":"FREESOO","Label":"Brand","Locale":"es_ES"},"Manufacturer":{"DisplayValue":"FREESOO","Label":"Manufacturer","Locale":"es_ES"}},"Title":{"DisplayValue":"FREESOO Funda Volante Coche Cubierta Antideslizante Suave Cubierta del Volante Cubierta del Volante de Cuero de Microfibra del automóvil Universal 37-38 cm Cubierta del Volante Cosida Negro Rojo B132","Label":"Title","Locale":"es_ES"}},"Offers":{"Summaries":[{"Condition":{"Value":"New"},"LowestPrice":{"Amount":16.99,"Currency":"EUR","DisplayAmount":"16,99 €"}}]}}],"SearchURL":"https://www.amazon.es/s?k=funda+cuero+volante&rh=p_n_availability%3A-1&tag=topinalambricos-21&linkCode=osi","TotalResultCount":306}},"201":{"SearchResult":{"Items":[{"ASIN":"B08QMS562L","DetailPageURL":"https://www.amazon.es/dp/B08QMS562L?tag=topinalambricos-21&linkCode=osi&th=1&psc=1","Images":{"Primary":{"Small":{"Height":75,"URL":"https://m.media-amazon.com/images/I/41IK+i-QejL._SL75_.jpg","Width":75}}},"ItemInfo":{"ByLineInfo":{"Brand":{"DisplayValue":"BECPLT","Label":"Brand","Locale":"es_ES"},"Manufacturer":{"DisplayValue":"BECPLT","Label":"Manufacturer","Locale":"es_ES"}},"Title":{"DisplayValue":"BECPLT Funda para teléfono Celular para iPhone 13 Pro MAX, XS MAX XR 8 Plus 7 Plus, 360° con Clip de cinturón Giratorio para Samsung Galaxy Note 8 9, Note 10 Plus, S8 Plus S9+ S20 Plus","Label":"Title","Locale":"es_ES"}},"Offers":{"Summaries":[{"Condition":{"Value":"New"},"LowestPrice":{"Amount":16.89,"Currency":"EUR","DisplayAmount":"16,89 €"}}]}},{"ASIN":"B09JG4MYTZ","DetailPageURL":"https://www.amazon.es/dp/B09JG4MYTZ?tag=topinalambricos-21&linkCode=osi&th=1&psc=1","Images":{"Primary":{"Small":{"Height":75,"URL":"https://m.media-amazon.com/images/I/41P8owMEJQL._SL75_.jpg","Width":75}}},"ItemInfo":{"ByLineInfo":{"Brand":{"DisplayValue":"SEAHAI","Label":"Brand","Locale":"es_ES"},"Manufacturer":{"DisplayValue":"SEAHAI","Label":"Manufacturer","Locale":"es_ES"}},"Title":{"DisplayValue":"SEAHAI Cuero Funda para Xiaomi Redmi 10A / Redmi 9C NFC Billetera Estuche, Carcasa con Tarjetero/Cierre Magnético/Suporte, Ultradelgado Cartera Flip Cover Case - Negro","Label":"Title","Locale":"es_ES"}},"Offers":{"Summaries":[{"Condition":{"Value":"New"},"LowestPrice":{"Amount":11.96,"Currency":"EUR","DisplayAmount":"11,96 €"}}]}},{"ASIN":"B08C9MZ994","DetailPageURL":"https://www.amazon.es/dp/B08C9MZ994?tag=topinalambricos-21&linkCode=osi&th=1&psc=1","Images":{"Primary":{"Small":{"Height":75,"URL":"https://m.media-amazon.com/images/I/51QsBMRKaFL._SL75_.jpg","Width":75}}},"ItemInfo":{"ByLineInfo":{"Brand":{"DisplayValue":"SHIELDON","Label":"Brand","Locale":"es_ES"},"Manufacturer":{"DisplayValue":"SHIELDON","Label":"Manufacturer","Locale":"es_ES"}},"Title":{"DisplayValue":"SHIELDON Funda iPhone 11, Funda de Cuero Genuino con Bloqueo RFID, Cáscara TPU, Ranuras para Tarjetas, Soporte Plegable,Cierre Magnético, Funda Protectora para iPhone 11 (6.1''), Verde Medianoche","Label":"Title","Locale":"es_ES"}},"Offers":{"Summaries":[{"Condition":{"Value":"New"},"LowestPrice":{"Amount":30.99,"Currency":"EUR","DisplayAmount":"30,99 €"}}]}},{"ASIN":"B0951LK1P1","DetailPageURL":"https://www.amazon.es/dp/B0951LK1P1?tag=topinalambricos-21&linkCode=osi&th=1&psc=1","Images":{"Primary":{"Small":{"Height":75,"URL":"https://m.media-amazon.com/images/I/31AHQMmnr+S._SL75_.jpg","Width":75}}},"ItemInfo":{"ByLineInfo":{"Brand":{"DisplayValue":"Hiram","Label":"Brand","Locale":"es_ES"},"Manufacturer":{"DisplayValue":"Hiram","Label":"Manufacturer","Locale":"es_ES"}},"Title":{"DisplayValue":"Hiram Funda de Cuero para teléfono Celular Funda Universal para Hombre Funda para Bolso de Cintura con trabilla para cinturón, Bolsas para teléfono para Hombres","Label":"Title","Locale":"es_ES"}},"Offers":{"Summaries":[{"Condition":{"Value":"New"},"LowestPrice":{"Amount":16.99,"Currency":"EUR","DisplayAmount":"16,99 €"}}]}},{"ASIN":"B07MJR9NZ5","DetailPageURL":"https://www.amazon.es/dp/B07MJR9NZ5?tag=topinalambricos-21&linkCode=osi&th=1&psc=1","Images":{"Primary":{"Small":{"Height":75,"URL":"https://m.media-amazon.com/images/I/51fRKSb6TqL._SL75_.jpg","Width":75}}},"ItemInfo":{"ByLineInfo":{"Brand":{"DisplayValue":"COPHONE","Label":"Brand","Locale":"es_ES"},"Manufacturer":{"DisplayValue":"cophone","Label":"Manufacturer","Locale":"es_ES"}},"Title":{"DisplayValue":"COPHONE® Funda de Cuero Negro Samsung Galaxy J6 2018. Funda Protectora Funda Monedero Negro Galaxy J6 2018. Carcasa Magnético Galaxy J6 2018","Label":"Title","Locale":"es_ES"}},"Offers":{"Summaries":[{"Condition":{"Value":"New"},"LowestPrice":{"Amount":8.95,"Currency":"EUR","DisplayAmount":"8,95 €"}}]}},{"ASIN":"B0B5XB44ML","DetailPageURL":"https://www.amazon.es/dp/B0B5XB44ML?tag=topinalambricos-21&linkCode=osi&th=1&psc=1","Images":{"Primary":{"Small":{"Height":75,"URL":"https://m.media-amazon.com/images/I/41ENGwHM3lL._SL75_.jpg","Width":75}}},"ItemInfo":{"ByLineInfo":{"Brand":{"DisplayValue":"Jeelar","Label":"Brand","Locale":"es_ES"},"Manufacturer":{"DisplayValue":"ESONG","Label":"Manufacturer","Locale":"es_ES"}},"Title":{"DisplayValue":"ESONG Funda movil para Samsung Galaxy M13 4G,Funda de Cuero PU con Cierre Magnético/Soporte Plegable/Tarjetas,Carcasa Libro Protección,Funda movil -Negro","Label":"Title","Locale":"es_ES"}},"Offers":{"Summaries":[{"Condition":{"Value":"New"},"LowestPrice":{"Amount":9.18,"Currency":"EUR","DisplayAmount":"9,18 €"}}]}},{"ASIN":"B07MGB4GZ2","DetailPageURL":"https://www.amazon.es/dp/B07MGB4GZ2?tag=topinalambricos-21&linkCode=osi&th=1&psc=1","Images":{"Primary":{"Small":{"Height":75,"URL":"https://m.media-amazon.com/images/I/51nx-sKiIIL._SL75_.jpg","Width":75}}},"ItemInfo":{"ByLineInfo":{"Brand":{"DisplayValue":"Ougger","Label":"Brand","Locale":"es_ES"},"Manufacturer":{"DisplayValue":"Ougger","Label":"Manufacturer","Locale":"es_ES"}},"Title":{"DisplayValue":"Ougger Funda para Huawei P30 Carcasa, PU Piel Tapa Billetera Cuero Magnética Cover Protector Suave TPU Silicona Carcasa para Huawei P30 con Tarjeteros, Gato y árbol (Púrpura)","Label":"Title","Locale":"es_ES"}},"Offers":{"Summaries":[{"Condition":{"Value":"New"},"LowestPrice":{"Amount":10.99,"Currency":"EUR","DisplayAmount":"10,99 €"}}]}},{"ASIN":"B07MGB45M3","DetailPageURL":"https://www.amazon.es/dp/B07MGB45M3?tag=topinalambricos-21&linkCode=osi&th=1&psc=1","Images":{"Primary":{"Small":{"Height":75,"URL":"https://m.media-amazon.com/images/I/51nx-sKiIIL._SL75_.jpg","Width":75}}},"ItemInfo":{"ByLineInfo":{"Brand":{"DisplayValue":"Ougger","Label":"Brand","Locale":"es_ES"}},"Title":{"DisplayValue":"Ougger Funda para Huawei P Smart 2019 Carcasa, PU Piel Tapa Billetera Cuero Magnética Cover Protector Suave TPU Silicona Carcasa para Huawei P Smart 2019 con Tarjeteros, Gato y árbol (Púrpura)","Label":"Title","Locale":"es_ES"}},"Offers":{"Summaries":[{"Condition":{"Value":"New"},"LowestPrice":{"Amount":10.99,"Currency":"EUR","DisplayAmount":"10,99 €"}}]}},{"ASIN":"B0919JCGJ4","DetailPageURL":"https://www.amazon.es/dp/B0919JCGJ4?tag=topinalambricos-21&linkCode=osi&th=1&psc=1","Images":{"Primary":{"Small":{"Height":75,"URL":"https://m.media-amazon.com/images/I/41daW5KX0kL._SL75_.jpg","Width":75}}},"ItemInfo":{"ByLineInfo":{"Brand":{"DisplayValue":"Burlife","Label":"Brand","Locale":"es_ES"},"Manufacturer":{"DisplayValue":"Burlife","Label":"Manufacturer","Locale":"es_ES"}},"Title":{"DisplayValue":"Bolsa de Cintura Clip para Teléfono Celular, Pequeña Bolsa de Cuero para Cinturón, 5.5\" Funda de Piel para Cinturón Clip Hombre Riñonera Deportiva para Movil Bolsa de Cinturón con Clip para Camping","Label":"Title","Locale":"es_ES"}},"Offers":{"Summaries":[{"Condition":{"Value":"New"},"LowestPrice":{"Amount":14.99,"Currency":"EUR","DisplayAmount":"14,99 €"}}]}},{"ASIN":"B09BVK9J4Y","DetailPageURL":"https://www.amazon.es/dp/B09BVK9J4Y?tag=topinalambricos-21&linkCode=osi&th=1&psc=1","Images":{"Primary":{"Small":{"Height":75,"URL":"https://m.media-amazon.com/images/I/410a65VxfeL._SL75_.jpg","Width":75}}},"ItemInfo":{"ByLineInfo":{"Brand":{"DisplayValue":"WEIOU","Label":"Brand","Locale":"es_ES"},"Manufacturer":{"DisplayValue":"WEIOU","Label":"Manufacturer","Locale":"es_ES"}},"Title":{"DisplayValue":"WEIOU Funda para ZTE Blade A51 Funda Libro, Flip Carcasa Magnética con Soporte y Cartera para Tarjetas, Premium PU/TPU Cuero Case Cover Billetera. Azul","Label":"Title","Locale":"es_ES"}},"Offers":{"Summaries":[{"Condition":{"Value":"New"},"LowestPrice":{"Amount":9.99,"Currency":"EUR","DisplayAmount":"9,99 €"}}]}}],"SearchURL":"https://www.amazon.es/s?k=funda+cuero+movil&rh=p_n_availability%3A-1&tag=topinalambricos-21&linkCode=osi","TotalResultCount":306}},"202":{"SearchResult":{"Items":[{"ASIN":"B0B569D26R","DetailPageURL":"https://www.amazon.es/dp/B0B569D26R?tag=topinalambricos-21&linkCode=osi&th=1&psc=1","Images":{"Primary":{"Small":{"Height":75,"URL":"https://m.media-amazon.com/images/I/51DyXmOInvL._SL75_.jpg","Width":75}}},"ItemInfo":{"ByLineInfo":{"Brand":{"DisplayValue":"CASAFUNY","Label":"Brand","Locale":"es_ES"},"Manufacturer":{"DisplayValue":"CASAFUNY","Label":"Manufacturer","Locale":"es_ES"}},"Title":{"DisplayValue":"CASAFUNY Funda Compatible con iPhone 7 / iPhone 8 / iPhone SE 2020 / iPhone SE 2022 5G, PU Cuero Movil Carcasa Tapa Libro Caso Protección Fundas Magnético Cuero Flip Carcasas, Verde","Label":"Title","Locale":"es_ES"}},"Offers":{"Summaries":[{"Condition":{"Value":"New"},"LowestPrice":{"Amount":9.98,"Currency":"EUR","DisplayAmount":"9,98 €"}}]}},{"ASIN":"B075ZY1LSK","DetailPageURL":"https://www.amazon.es/dp/B075ZY1LSK?tag=topinalambricos-21&linkCode=osi&th=1&psc=1","Images":{"Primary":{"Small":{"Height":75,"URL":"https://m.media-amazon.com/images/I/41BPtvE3fyL._SL75_.jpg","Width":75}}},"ItemInfo":{"ByLineInfo":{"Brand":{"DisplayValue":"Radoo","Label":"Brand","Locale":"es_ES"},"Manufacturer":{"DisplayValue":"Radoo","Label":"Manufacturer","Locale":"es_ES"}},"Title":{"DisplayValue":"Radoo Funda iPhone 8 Plus,Funda iPhone 7 Plus, Slim Case de Estilo Billetera Carcasa Libro de Cuero,PU Leather con TPU Silicona Interna Suave para iPhone iPhone 7 Plus/iPhone 8 Plus (Oro Rosa)","Label":"Title","Locale":"es_ES"}},"Offers":{"Summaries":[{"Condition":{"Value":"New"},"LowestPrice":{"Amount":10.99,"Currency":"EUR","DisplayAmount":"10,99 €"}}]}},{"ASIN":"B01N52EODF","DetailPageURL":"https://www.amazon.es/dp/B01N52EODF?tag=topinalambricos-21&linkCode=osi&th=1&psc=1","Images":{"Primary":{"Small":{"Height":75,"URL":"https://m.media-amazon.com/images/I/51ToThgeWvL._SL75_.jpg","Width":75}}},"ItemInfo":{"ByLineInfo":{"Brand":{"DisplayValue":"KANVASA","Label":"Brand","Locale":"es_ES"},"Manufacturer":{"DisplayValue":"KANVASA","Label":"Manufacturer","Locale":"es_ES"}},"Title":{"DisplayValue":"Funda iPhone 8 Plus/Funda iPhone 7 Plus Tipo Libro Piel Marrón - KANVASA Case Cover Carcasa Plegable Cartera Pro en Piel Auténtica Premium para Apple iPhone 8 Plus & 7 Plus - con Cierre Magnético","Label":"Title","Locale":"es_ES"}},"Offers":{"Summaries":[{"Condition":{"Value":"New"},"LowestPrice":{"Amount":6.95,"Currency":"EUR","DisplayAmount":"6,95 €"}}]}},{"ASIN":"B09NRGNWS3","DetailPageURL":"https://www.amazon.es/dp/B09NRGNWS3?tag=topinalambricos-21&linkCode=osi&th=1&psc=1","Images":{"Primary":{"Small":{"Height":75,"URL":"https://m.media-amazon.com/images/I/41uZqyWQruL._SL75_.jpg","Width":75}}},"ItemInfo":{"ByLineInfo":{"Brand":{"DisplayValue":"momoka","Label":"Brand","Locale":"es_ES"},"Manufacturer":{"DisplayValue":"momoka","Label":"Manufacturer","Locale":"es_ES"}},"Title":{"DisplayValue":"Momoka Funda compatibile con iPhone 6/7/8/SE 2020 ,Premium Flip Billetera Funda de Cuero,magnético, función de Soporte y Ranuras para Tarjetas-Azul","Label":"Title","Locale":"es_ES"}},"Offers":{"Summaries":[{"Condition":{"Value":"New"},"LowestPrice":{"Amount":14.99,"Currency":"EUR","DisplayAmount":"14,99 €"}}]}},{"ASIN":"B09MBXMVBN","DetailPageURL":"https://www.amazon.es/dp/B09MBXMVBN?tag=topinalambricos-21&linkCode=osi&th=1&psc=1","Images":{"Primary":{"Small":{"Height":75,"URL":"https://m.media-amazon.com/images/I/41WYUXWw6uL._SL75_.jpg","Width":75}}},"ItemInfo":{"ByLineInfo":{"Brand":{"DisplayValue":"Genlision","Label":"Brand","Locale":"es_ES"},"Manufacturer":{"DisplayValue":"Genlision","Label":"Manufacturer","Locale":"es_ES"}},"Title":{"DisplayValue":"Genlision Funda Compatible con iPhone 6/7/8 Plus,Flip Leather Edition,Funda de Cuero PU con Cáscara de TPU, magnético, función de Soporte y Ranuras para Tarjetas-Marron Oscuro","Label":"Title","Locale":"es_ES"}},"Offers":{"Summaries":[{"Condition":{"Value":"New"},"LowestPrice":{"Amount":14.99,"Currency":"EUR","DisplayAmount":"14,99 €"}}]}},{"ASIN":"B07G41QTHF","DetailPageURL":"https://www.amazon.es/dp/B07G41QTHF?tag=topinalambricos-21&linkCode=osi&th=1&psc=1","Images":{"Primary":{"Small":{"Height":75,"URL":"https://m.media-amazon.com/images/I/51iU3C59CXL._SL75_.jpg","Width":75}}},"ItemInfo":{"ByLineInfo":{"Brand":{"DisplayValue":"Vakoo","Label":"Brand","Locale":"es_ES"},"Manufacturer":{"DisplayValue":"Vakoo","Label":"Manufacturer","Locale":"es_ES"}},"Title":{"DisplayValue":"Vakoo Funda iPhone 8, Funda iPhone 7, Funda iPhone SE 2020, Carcasa de Cuero Premium con Protección RFID para iPhone 8/iPhone 7/iPhone SE 2020 - Negro","Label":"Title","Locale":"es_ES"}},"Offers":{"Summaries":[{"Condition":{"Value":"New"},"LowestPrice":{"Amount":15.98,"Currency":"EUR","DisplayAmount":"15,98 €"}}]}},{"ASIN":"B089N4LMKH","DetailPageURL":"https://www.amazon.es/dp/B089N4LMKH?tag=topinalambricos-21&linkCode=osi&th=1&psc=1","Images":{"Primary":{"Small":{"Height":75,"URL":"https://m.media-amazon.com/images/I/51uTxJckaFL._SL75_.jpg","Width":75}}},"ItemInfo":{"ByLineInfo":{"Brand":{"DisplayValue":"ELESNOW","Label":"Brand","Locale":"es_ES"},"Manufacturer":{"DisplayValue":"ELESNOW","Label":"Manufacturer","Locale":"es_ES"}},"Title":{"DisplayValue":"ELESNOW Funda iPhone 8 Plus, Funda iPhone 7 Plus, Cuero Premium Flip Folio Carcasa Case para Apple iPhone 8 Plus/iPhone 7 Plus (Rojo)","Label":"Title","Locale":"es_ES"}},"Offers":{"Summaries":[{"Condition":{"Value":"New"},"LowestPrice":{"Amount":11.99,"Currency":"EUR","DisplayAmount":"11,99 €"}}]}},{"ASIN":"B07K8S72S9","DetailPageURL":"https://www.amazon.es/dp/B07K8S72S9?tag=topinalambricos-21&linkCode=osi&th=1&psc=1","Images":{"Primary":{"Small":{"Height":75,"URL":"https://m.media-amazon.com/images/I/41CXikhr+ZL._SL75_.jpg","Width":75}}},"ItemInfo":{"ByLineInfo":{"Brand":{"DisplayValue":"Verco","Label":"Brand","Locale":"es_ES"},"Manufacturer":{"DisplayValue":"Verco","Label":"Manufacturer","Locale":"es_ES"}},"Title":{"DisplayValue":"Verco Funda para Apple iPhone 8 Plus PU Cuero Flip Folio Carcasa Soporte Plegable Ranuras para Tarjetas para teléfono móvil iPhone 7 Plus Cubierta, Azul Marino","Label":"Title","Locale":"es_ES"}},"Offers":{"Summaries":[{"Condition":{"Value":"New"},"LowestPrice":{"Amount":15.99,"Currency":"EUR","DisplayAmount":"15,99 €"}}]}},{"ASIN":"B09TKNBGRR","DetailPageURL":"https://www.amazon.es/dp/B09TKNBGRR?tag=topinalambricos-21&linkCode=osi&th=1&psc=1","Images":{"Primary":{"Small":{"Height":75,"URL":"https://m.media-amazon.com/images/I/41sO+L5DG5L._SL75_.jpg","Width":75}}},"ItemInfo":{"ByLineInfo":{"Brand":{"DisplayValue":"Jasonyu","Label":"Brand","Locale":"es_ES"},"Manufacturer":{"DisplayValue":"Jasonyu","Label":"Manufacturer","Locale":"es_ES"}},"Title":{"DisplayValue":"Jasonyu Funda para iPhone SE 2022/SE 2020/7/8, Cuero PU Carcasa, Tipo Libro Flip Case con Tarjetas y Cartera [Soporte Plegable] [Cierre magnético] Capa (Negro)","Label":"Title","Locale":"es_ES"}},"Offers":{"Summaries":[{"Condition":{"Value":"New"},"LowestPrice":{"Amount":13.99,"Currency":"EUR","DisplayAmount":"13,99 €"}}]}},{"ASIN":"B094Y1JPD4","DetailPageURL":"https://www.amazon.es/dp/B094Y1JPD4?tag=topinalambricos-21&linkCode=osi&th=1&psc=1","Images":{"Primary":{"Small":{"Height":75,"URL":"https://m.media-amazon.com/images/I/51xK3-kyRdS._SL75_.jpg","Width":75}}},"ItemInfo":{"ByLineInfo":{"Brand":{"DisplayValue":"MAMA MOUTH","Label":"Brand","Locale":"es_ES"},"Manufacturer":{"DisplayValue":"Bige","Label":"Manufacturer","Locale":"es_ES"}},"Title":{"DisplayValue":"Funda iPhone SE 2020/8, iPhone 7 / 6s / 6, Flip Magnético Cuero Carcasa, Slim TPU Bumper Libro Funda, Ranura Tarjeta Cover, Antigolpes Wallet Case para iPhone SE 2020/8 / 7 /6s/6 Negro","Label":"Title","Locale":"es_ES"}},"Offers":{"Summaries":[{"Condition":{"Value":"New"},"LowestPrice":{"Amount":14.99,"Currency":"EUR","DisplayAmount":"14,99 €"}}]}}],"SearchURL":"https://www.amazon.es/s?k=funda+cuero+movil+iphone+7&rh=n%3A934178031%2Cp_n_availability%3A-1&tag=topinalambricos-21&linkCode=osi","TotalResultCount":64187}},"203":{"SearchResult":{"Items":[{"ASIN":"B09NRGNWS3","DetailPageURL":"https://www.amazon.es/dp/B09NRGNWS3?tag=topinalambricos-21&linkCode=osi&th=1&psc=1","Images":{"Primary":{"Small":{"Height":75,"URL":"https://m.media-amazon.com/images/I/41uZqyWQruL._SL75_.jpg","Width":75}}},"ItemInfo":{"ByLineInfo":{"Brand":{"DisplayValue":"momoka","Label":"Brand","Locale":"es_ES"},"Manufacturer":{"DisplayValue":"momoka","Label":"Manufacturer","Locale":"es_ES"}},"Title":{"DisplayValue":"Momoka Funda compatibile con iPhone 6/7/8/SE 2020 ,Premium Flip Billetera Funda de Cuero,magnético, función de Soporte y Ranuras para Tarjetas-Azul","Label":"Title","Locale":"es_ES"}},"Offers":{"Summaries":[{"Condition":{"Value":"New"},"LowestPrice":{"Amount":14.99,"Currency":"EUR","DisplayAmount":"14,99 €"}}]}},{"ASIN":"B089FCLHJC","DetailPageURL":"https://www.amazon.es/dp/B089FCLHJC?tag=topinalambricos-21&linkCode=osi&th=1&psc=1","Images":{"Primary":{"Small":{"Height":75,"URL":"https://m.media-amazon.com/images/I/51jCFJvoPtL._SL75_.jpg","Width":75}}},"ItemInfo":{"ByLineInfo":{"Brand":{"DisplayValue":"UEEBAI","Label":"Brand","Locale":"es_ES"},"Manufacturer":{"DisplayValue":"UEEBAI","Label":"Manufacturer","Locale":"es_ES"}},"Title":{"DisplayValue":"UEEBAI Estuche para iPhone 6 Plus/iPhone 6S Plus, Cartera con Correa de Mano Cuero PU Funda Tapa Retro a Prueba de Golpes con 9 Ranuras para Tarjetas Función de Soporte Bolso Magnético - Marrón","Label":"Title","Locale":"es_ES"}},"Offers":{"Summaries":[{"Condition":{"Value":"New"},"LowestPrice":{"Amount":15.99,"Currency":"EUR","DisplayAmount":"15,99 €"}}]}},{"ASIN":"B09MBXMVBN","DetailPageURL":"https://www.amazon.es/dp/B09MBXMVBN?tag=topinalambricos-21&linkCode=osi&th=1&psc=1","Images":{"Primary":{"Small":{"Height":75,"URL":"https://m.media-amazon.com/images/I/41WYUXWw6uL._SL75_.jpg","Width":75}}},"ItemInfo":{"ByLineInfo":{"Brand":{"DisplayValue":"Genlision","Label":"Brand","Locale":"es_ES"},"Manufacturer":{"DisplayValue":"Genlision","Label":"Manufacturer","Locale":"es_ES"}},"Title":{"DisplayValue":"Genlision Funda Compatible con iPhone 6/7/8 Plus,Flip Leather Edition,Funda de Cuero PU con Cáscara de TPU, magnético, función de Soporte y Ranuras para Tarjetas-Marron Oscuro","Label":"Title","Locale":"es_ES"}},"Offers":{"Summaries":[{"Condition":{"Value":"New"},"LowestPrice":{"Amount":14.99,"Currency":"EUR","DisplayAmount":"14,99 €"}}]}},{"ASIN":"B08C2LJ86B","DetailPageURL":"https://www.amazon.es/dp/B08C2LJ86B?tag=topinalambricos-21&linkCode=osi&th=1&psc=1","Images":{"Primary":{"Small":{"Height":75,"URL":"https://m.media-amazon.com/images/I/41m5OsFwfEL._SL75_.jpg","Width":75}}},"ItemInfo":{"ByLineInfo":{"Brand":{"DisplayValue":"ELESNOW","Label":"Brand","Locale":"es_ES"},"Manufacturer":{"DisplayValue":"ELESNOW","Label":"Manufacturer","Locale":"es_ES"}},"Title":{"DisplayValue":"ELESNOW Funda iPhone 6 / 6S, Cuero Premium Flip Folio Carcasa Case para iPhone 6 / 6S (Rojo)","Label":"Title","Locale":"es_ES"}},"Offers":{"Summaries":[{"Condition":{"Value":"New"},"LowestPrice":{"Amount":11.99,"Currency":"EUR","DisplayAmount":"11,99 €"}}]}},{"ASIN":"B07GV8CF97","DetailPageURL":"https://www.amazon.es/dp/B07GV8CF97?tag=topinalambricos-21&linkCode=osi&th=1&psc=1","Images":{"Primary":{"Small":{"Height":75,"URL":"https://m.media-amazon.com/images/I/51ZbwbZiwaL._SL75_.jpg","Width":75}}},"ItemInfo":{"ByLineInfo":{"Brand":{"DisplayValue":"Peakally","Label":"Brand","Locale":"es_ES"},"Manufacturer":{"DisplayValue":"Peakally","Label":"Manufacturer","Locale":"es_ES"}},"Title":{"DisplayValue":"Peakally Funda iPhone 2022 SE/SE 2020/6/6s/7/8, Piel Libro Carcasa iPhone 6/6S/7/8/SE 2020/SE 2022 Tapa Funda [Sporte Móvil] [Ranuras para Tarjetas] PU Case Suave-Negro","Label":"Title","Locale":"es_ES"}},"Offers":{"Summaries":[{"Condition":{"Value":"New"},"LowestPrice":{"Amount":9.99,"Currency":"EUR","DisplayAmount":"9,99 €"}}]}},{"ASIN":"B07T11CJFS","DetailPageURL":"https://www.amazon.es/dp/B07T11CJFS?tag=topinalambricos-21&linkCode=osi&th=1&psc=1","Images":{"Primary":{"Small":{"Height":75,"URL":"https://m.media-amazon.com/images/I/612kQDQ622L._SL75_.jpg","Width":75}}},"ItemInfo":{"ByLineInfo":{"Brand":{"DisplayValue":"Peakally","Label":"Brand","Locale":"es_ES"},"Manufacturer":{"DisplayValue":"Peakally","Label":"Manufacturer","Locale":"es_ES"}},"Title":{"DisplayValue":"Peakally Funda iPhone 2022 SE/SE 2020/6/6s/7/8, Piel Libro Carcasa iPhone 6/6S/7/8/SE 2020/SE 2022 Tapa Funda [Sporte Móvil] [Ranuras para Tarjetas] PU Case Suave-Azul","Label":"Title","Locale":"es_ES"}},"Offers":{"Summaries":[{"Condition":{"Value":"New"},"LowestPrice":{"Amount":9.99,"Currency":"EUR","DisplayAmount":"9,99 €"}}]}},{"ASIN":"B094Y1JPD4","DetailPageURL":"https://www.amazon.es/dp/B094Y1JPD4?tag=topinalambricos-21&linkCode=osi&th=1&psc=1","Images":{"Primary":{"Small":{"Height":75,"URL":"https://m.media-amazon.com/images/I/51xK3-kyRdS._SL75_.jpg","Width":75}}},"ItemInfo":{"ByLineInfo":{"Brand":{"DisplayValue":"MAMA MOUTH","Label":"Brand","Locale":"es_ES"},"Manufacturer":{"DisplayValue":"Bige","Label":"Manufacturer","Locale":"es_ES"}},"Title":{"DisplayValue":"Funda iPhone SE 2020/8, iPhone 7 / 6s / 6, Flip Magnético Cuero Carcasa, Slim TPU Bumper Libro Funda, Ranura Tarjeta Cover, Antigolpes Wallet Case para iPhone SE 2020/8 / 7 /6s/6 Negro","Label":"Title","Locale":"es_ES"}},"Offers":{"Summaries":[{"Condition":{"Value":"New"},"LowestPrice":{"Amount":14.99,"Currency":"EUR","DisplayAmount":"14,99 €"}}]}},{"ASIN":"B07FKHZWVF","DetailPageURL":"https://www.amazon.es/dp/B07FKHZWVF?tag=topinalambricos-21&linkCode=osi&th=1&psc=1","Images":{"Primary":{"Small":{"Height":60,"URL":"https://m.media-amazon.com/images/I/41lhuJli7oL._SL75_.jpg","Width":75}}},"ItemInfo":{"ByLineInfo":{"Brand":{"DisplayValue":"MyGadget","Label":"Brand","Locale":"es_ES"},"Manufacturer":{"DisplayValue":"DBSW Trading GmbH","Label":"Manufacturer","Locale":"es_ES"}},"Title":{"DisplayValue":"MyGadget Funda para Apple iPhone 6 Plus / 6s Plus - Flip Case Libro con Tapa Magnética - Cover Cartera con Soporte - Carcasa Separable con Cierre - Café","Label":"Title","Locale":"es_ES"}},"Offers":{"Summaries":[{"Condition":{"Value":"New"},"LowestPrice":{"Amount":10.9,"Currency":"EUR","DisplayAmount":"10,90 €"}}]}},{"ASIN":"B07T11K13G","DetailPageURL":"https://www.amazon.es/dp/B07T11K13G?tag=topinalambricos-21&linkCode=osi&th=1&psc=1","Images":{"Primary":{"Small":{"Height":75,"URL":"https://m.media-amazon.com/images/I/617+WRQUvmL._SL75_.jpg","Width":75}}},"ItemInfo":{"ByLineInfo":{"Brand":{"DisplayValue":"Peakally","Label":"Brand","Locale":"es_ES"},"Manufacturer":{"DisplayValue":"Peakally","Label":"Manufacturer","Locale":"es_ES"}},"Title":{"DisplayValue":"Peakally Funda iPhone SE 2020/6 / 6s / 7/8, Carcasa Cuero Fundas para iPhone 6/6S/7/8/SE 2020 [Stand Function] [Ranuras para Tarjetas] Piel PU Carcasa Case con Concha Interna Suave-Marrón","Label":"Title","Locale":"es_ES"}},"Offers":{"Summaries":[{"Condition":{"Value":"New"},"LowestPrice":{"Amount":9.99,"Currency":"EUR","DisplayAmount":"9,99 €"}}]}},{"ASIN":"B08ML51G3N","DetailPageURL":"https://www.amazon.es/dp/B08ML51G3N?tag=topinalambricos-21&linkCode=osi&th=1&psc=1","Images":{"Primary":{"Small":{"Height":75,"URL":"https://m.media-amazon.com/images/I/41wucOMlgcL._SL75_.jpg","Width":75}}},"ItemInfo":{"ByLineInfo":{"Brand":{"DisplayValue":"LOLFZ","Label":"Brand","Locale":"es_ES"},"Manufacturer":{"DisplayValue":"LOLFZ","Label":"Manufacturer","Locale":"es_ES"}},"Title":{"DisplayValue":"LOLFZ Funda de cartera para iPhone 6 Plus, para iPhone 6S Plus, Funda de cuero vintage titular de la tarjeta Kickstand cierre magnético Flip Case Cover para iPhone 6 Plus 6S Plus - Negro","Label":"Title","Locale":"es_ES"}},"Offers":{"Summaries":[{"Condition":{"Value":"New"},"LowestPrice":{"Amount":19.88,"Currency":"EUR","DisplayAmount":"19,88 €"}}]}}],"SearchURL":"https://www.amazon.es/s?k=funda+cuero+movil+iphone+6&rh=n%3A934178031%2Cp_n_availability%3A-1&tag=topinalambricos-21&linkCode=osi","TotalResultCount":61929}},"204":{"SearchResult":{"Items":[{"ASIN":"B08HQQCDYG","DetailPageURL":"https://www.amazon.es/dp/B08HQQCDYG?tag=topinalambricos-21&linkCode=osi&th=1&psc=1","Images":{"Primary":{"Small":{"Height":75,"URL":"https://m.media-amazon.com/images/I/41+zeJlkoXL._SL75_.jpg","Width":75}}},"ItemInfo":{"ByLineInfo":{"Brand":{"DisplayValue":"TORRO","Label":"Brand","Locale":"es_ES"},"Manufacturer":{"DisplayValue":"B.A.M Worldwide ltd","Label":"Manufacturer","Locale":"es_ES"}},"Title":{"DisplayValue":"TORRO Funda de Cuero Genuino Compatible con iPad Air 5 / Air 4 [Múltiples Ángulos de Visión] [Función Wake/Sleep] 10.9 Pulgadas - Lanzamiento 2022/2020 (Marrón Oscuro)","Label":"Title","Locale":"es_ES"}},"Offers":{"Summaries":[{"Condition":{"Value":"New"},"LowestPrice":{"Amount":59.99,"Currency":"EUR","DisplayAmount":"59,99 €"}}]}},{"ASIN":"B076S54WVY","DetailPageURL":"https://www.amazon.es/dp/B076S54WVY?tag=topinalambricos-21&linkCode=osi&th=1&psc=1","Images":{"Primary":{"Small":{"Height":73,"URL":"https://m.media-amazon.com/images/I/41scVbIy2qL._SL75_.jpg","Width":75}}},"ItemInfo":{"ByLineInfo":{"Brand":{"DisplayValue":"ZtotopCase","Label":"Brand","Locale":"es_ES"},"Manufacturer":{"DisplayValue":"ZtotopCase","Label":"Manufacturer","Locale":"es_ES"}},"Title":{"DisplayValue":"ZtotopCase Funda para iPad Air 2/Air 1/iPad 9.7 2018/2017(6ª/5ª generación),Funda Protectora de Cuero PU Premium,Auto Sueño/Estela Función,Ranuras para Documentos,múltiples ángulos visión,Marrón","Label":"Title","Locale":"es_ES"}},"Offers":{"Summaries":[{"Condition":{"Value":"New"},"LowestPrice":{"Amount":15.99,"Currency":"EUR","DisplayAmount":"15,99 €"}}]}},{"ASIN":"B0732NTKT1","DetailPageURL":"https://www.amazon.es/dp/B0732NTKT1?tag=topinalambricos-21&linkCode=osi&th=1&psc=1","Images":{"Primary":{"Small":{"Height":75,"URL":"https://m.media-amazon.com/images/I/51J+zUxLREL._SL75_.jpg","Width":75}}},"ItemInfo":{"ByLineInfo":{"Brand":{"DisplayValue":"STILORD","Label":"Brand","Locale":"es_ES"},"Manufacturer":{"DisplayValue":"STILORD","Label":"Manufacturer","Locale":"es_ES"}},"Title":{"DisplayValue":"STILORD 'Collin' Funda Protectora de Piel Estilo Vintage para Tablet o portátil de 9.7-10' Portafolio o Bolsa portadocumentos de auténtico Cuero, Color:Kara - Cognac","Label":"Title","Locale":"es_ES"}},"Offers":{"Summaries":[{"Condition":{"Value":"New"},"LowestPrice":{"Amount":39.97,"Currency":"EUR","DisplayAmount":"39,97 €"}}]}},{"ASIN":"B09NKQK1PW","DetailPageURL":"https://www.amazon.es/dp/B09NKQK1PW?tag=topinalambricos-21&linkCode=osi&th=1&psc=1","Images":{"Primary":{"Small":{"Height":75,"URL":"https://m.media-amazon.com/images/I/514Ps5Up9yL._SL75_.jpg","Width":75}}},"ItemInfo":{"ByLineInfo":{"Brand":{"DisplayValue":"Kizaten","Label":"Brand","Locale":"es_ES"},"Manufacturer":{"DisplayValue":"Kizaten","Label":"Manufacturer","Locale":"es_ES"}},"Title":{"DisplayValue":"Funda Universal para Tablet de 10 10.1 Pulgadas, 9.5\"-10.5\" Funda Protectora de Cuero para iPad, Lenovo, Dragon Touch, Huawei, Vankyo, LNMBBS, YOTOPT, NeuTab, iRulu, Acer, RCA, Samsung Galaxy Tablet","Label":"Title","Locale":"es_ES"}},"Offers":{"Summaries":[{"Condition":{"Value":"New"},"LowestPrice":{"Amount":13.99,"Currency":"EUR","DisplayAmount":"13,99 €"}}]}},{"ASIN":"B076J74MBX","DetailPageURL":"https://www.amazon.es/dp/B076J74MBX?tag=topinalambricos-21&linkCode=osi&th=1&psc=1","Images":{"Primary":{"Small":{"Height":75,"URL":"https://m.media-amazon.com/images/I/41V+1lks5ML._SL75_.jpg","Width":74}}},"ItemInfo":{"ByLineInfo":{"Brand":{"DisplayValue":"ZtotopCase","Label":"Brand","Locale":"es_ES"},"Manufacturer":{"DisplayValue":"ZtotopCase","Label":"Manufacturer","Locale":"es_ES"}},"Title":{"DisplayValue":"ZtotopCase Funda para iPad Pro de 12,9 pulgadas 2017/2015 (1ª y 2ª generación), funda de piel prémium con función atril y bolsillo, color marrón","Label":"Title","Locale":"es_ES"}},"Offers":{"Summaries":[{"Condition":{"Value":"New"},"LowestPrice":{"Amount":26.99,"Currency":"EUR","DisplayAmount":"26,99 €"}}]}},{"ASIN":"B07XXVQJ6F","DetailPageURL":"https://www.amazon.es/dp/B07XXVQJ6F?tag=topinalambricos-21&linkCode=osi&th=1&psc=1","Images":{"Primary":{"Small":{"Height":73,"URL":"https://m.media-amazon.com/images/I/51DxiD5wsqL._SL75_.jpg","Width":75}}},"ItemInfo":{"ByLineInfo":{"Brand":{"DisplayValue":"Ztotops","Label":"Brand","Locale":"es_ES"},"Manufacturer":{"DisplayValue":"Ztotops","Label":"Manufacturer","Locale":"es_ES"}},"Title":{"DisplayValue":"Ztotops Funda para iPad 10.2 2021/2020/2019 (iPad 9ª/8ª/7ª Generación), Carcasa de Cuero con Bolsillo y Soporte, Función de Auto-Sueño/Estela, Múltiples ángulos, Cover para iPad 10.2 - Denim Negro","Label":"Title","Locale":"es_ES"}},"Offers":{"Summaries":[{"Condition":{"Value":"New"},"LowestPrice":{"Amount":17.99,"Currency":"EUR","DisplayAmount":"17,99 €"}}]}},{"ASIN":"B082HRPG1L","DetailPageURL":"https://www.amazon.es/dp/B082HRPG1L?tag=topinalambricos-21&linkCode=osi&th=1&psc=1","Images":{"Primary":{"Small":{"Height":75,"URL":"https://m.media-amazon.com/images/I/41MYCPlCZrL._SL75_.jpg","Width":75}}},"ItemInfo":{"ByLineInfo":{"Brand":{"DisplayValue":"MEYIFEN","Label":"Brand","Locale":"es_ES"},"Manufacturer":{"DisplayValue":"MEYIFEN","Label":"Manufacturer","Locale":"es_ES"}},"Title":{"DisplayValue":"MEYIFEN Funda para iPad Air 3 10,5 Pulgadas 2019 con Soporte para lápiz,Carcasa con Auto-Sueño/Estela Cuero PU Protectora para Apple Funda para iPad Pro 10,5 Pulgadas- Rojo","Label":"Title","Locale":"es_ES"}},"Offers":{"Summaries":[{"Condition":{"Value":"New"},"LowestPrice":{"Amount":21.99,"Currency":"EUR","DisplayAmount":"21,99 €"}}]}},{"ASIN":"B09XQ78XNK","DetailPageURL":"https://www.amazon.es/dp/B09XQ78XNK?tag=topinalambricos-21&linkCode=osi&th=1&psc=1","Images":{"Primary":{"Small":{"Height":75,"URL":"https://m.media-amazon.com/images/I/412YLpDRhyL._SL75_.jpg","Width":75}}},"ItemInfo":{"ByLineInfo":{"Brand":{"DisplayValue":"RLINGX","Label":"Brand","Locale":"es_ES"},"Manufacturer":{"DisplayValue":"RLINGX","Label":"Manufacturer","Locale":"es_ES"}},"Title":{"DisplayValue":"Funda para iPad Air 2/Air 1/iPad 9.7 5ª/6ª Generación (2017/2018) - Rotación de 360 Grados Carcasa con Función de Soporte y Auto-Reposo/Activación (Negro)","Label":"Title","Locale":"es_ES"}},"Offers":{"Summaries":[{"Condition":{"Value":"New"},"LowestPrice":{"Amount":11.99,"Currency":"EUR","DisplayAmount":"11,99 €"}}]}},{"ASIN":"B075H5F53F","DetailPageURL":"https://www.amazon.es/dp/B075H5F53F?tag=topinalambricos-21&linkCode=osi&th=1&psc=1","Images":{"Primary":{"Small":{"Height":75,"URL":"https://m.media-amazon.com/images/I/5180BUaRj3L._SL75_.jpg","Width":75}}},"ItemInfo":{"ByLineInfo":{"Brand":{"DisplayValue":"inShang","Label":"Brand","Locale":"es_ES"},"Manufacturer":{"DisplayValue":"inShang","Label":"Manufacturer","Locale":"es_ES"}},"Title":{"DisplayValue":"inShang Funda Compatible con iPad 2018 2017 iPad Air Air 2 Case Soporte y Carcasa Estuche, 360 Grados de rotacion, Smart Cover con Inteligente de sueno-Despertar Pluma","Label":"Title","Locale":"es_ES"}},"Offers":{"Summaries":[{"Condition":{"Value":"New"},"LowestPrice":{"Amount":12.89,"Currency":"EUR","DisplayAmount":"12,89 €"}}]}},{"ASIN":"B0BFGX22L8","DetailPageURL":"https://www.amazon.es/dp/B0BFGX22L8?tag=topinalambricos-21&linkCode=osi&th=1&psc=1","Images":{"Primary":{"Small":{"Height":75,"URL":"https://m.media-amazon.com/images/I/51qEh7ufxLL._SL75_.jpg","Width":75}}},"ItemInfo":{"ByLineInfo":{"Brand":{"DisplayValue":"Vkooer","Label":"Brand","Locale":"es_ES"},"Manufacturer":{"DisplayValue":"Vkooer","Label":"Manufacturer","Locale":"es_ES"}},"Title":{"DisplayValue":"Vkooer Funda Universal para 9.5-10.5 Pulgadas Tablet PU Cuero Carcasa (para iPad 9,7, iPad 10,2/10,5, Galaxy Tab A6 10,1 ) Ligero Case Cover con Ranura para Tarjetas y Función de Soporte Turquesa","Label":"Title","Locale":"es_ES"}},"Offers":{"Summaries":[{"Condition":{"Value":"New"},"LowestPrice":{"Amount":21.89,"Currency":"EUR","DisplayAmount":"21,89 €"}}]}}],"SearchURL":"https://www.amazon.es/s?k=funda+cuero+ipad&rh=n%3A937811031%2Cp_n_availability%3A-1&tag=topinalambricos-21&linkCode=osi","TotalResultCount":16655}},"205":{"SearchResult":{"Items":[{"ASIN":"B088HFSGWD","DetailPageURL":"https://www.amazon.es/dp/B088HFSGWD?tag=topinalambricos-21&linkCode=osi&th=1&psc=1","Images":{"Primary":{"Small":{"Height":75,"URL":"https://m.media-amazon.com/images/I/41UfZeoOo1L._SL75_.jpg","Width":75}}},"ItemInfo":{"ByLineInfo":{"Brand":{"DisplayValue":"TURTLEDOVE","Label":"Brand","Locale":"es_ES"}},"Title":{"DisplayValue":"Pulsera de cuero con guantelete de 2 piezas – Brazaletes medievales de armadura de cuero – Protector de muñeca vikingo Cosplay para recreaciones históricas, Brown, talla única","Label":"Title","Locale":"es_ES"}},"Offers":{"Summaries":[{"Condition":{"Value":"New"},"LowestPrice":{"Amount":15.09,"Currency":"EUR","DisplayAmount":"15,09 €"}}]}},{"ASIN":"B0B7WY3Y4S","DetailPageURL":"https://www.amazon.es/dp/B0B7WY3Y4S?tag=topinalambricos-21&linkCode=osi&th=1&psc=1","Images":{"Primary":{"Small":{"Height":75,"URL":"https://m.media-amazon.com/images/I/510lbSW27dL._SL75_.jpg","Width":75}}},"ItemInfo":{"ByLineInfo":{"Brand":{"DisplayValue":"COSFAN","Label":"Brand","Locale":"es_ES"},"Manufacturer":{"DisplayValue":"COSFAN","Label":"Manufacturer","Locale":"es_ES"}},"Title":{"DisplayValue":"COSFAN Brazales Vikingos Medievales Protectores De Brazo De Cuero Pu Viking Vegvisir En Relieve Brazalete Guantelete Pulsera Armadura De Caballero Para Mujeres Hombres Niños Cosplay LARP (Marrón)","Label":"Title","Locale":"es_ES"}},"Offers":{"Summaries":[{"Condition":{"Value":"New"},"LowestPrice":{"Amount":20.99,"Currency":"EUR","DisplayAmount":"20,99 €"}}]}},{"ASIN":"B09SZCBVGW","DetailPageURL":"https://www.amazon.es/dp/B09SZCBVGW?tag=topinalambricos-21&linkCode=osi&th=1&psc=1","Images":{"Primary":{"Small":{"Height":75,"URL":"https://m.media-amazon.com/images/I/413GbLMFW6L._SL75_.jpg","Width":75}}},"ItemInfo":{"ByLineInfo":{"Brand":{"DisplayValue":"GORGECRAFT","Label":"Brand","Locale":"es_ES"},"Manufacturer":{"DisplayValue":"GORGECRAFT","Label":"Manufacturer","Locale":"es_ES"}},"Title":{"DisplayValue":"GORGECRAFT 2 Pulsera de Cuero para Hombre Y Mujer, Brazaletes de Armadura Medieval, Muñequeras Vikingas, Protectores de Brazo, Hebilla de Tiro con Arco, Brazaletes de Cuero Unisex(Negro)","Label":"Title","Locale":"es_ES"}},"Offers":{"Summaries":[{"Condition":{"Value":"New"},"LowestPrice":{"Amount":16.99,"Currency":"EUR","DisplayAmount":"16,99 €"}}]}},{"ASIN":"B09TFL1K7Y","DetailPageURL":"https://www.amazon.es/dp/B09TFL1K7Y?tag=topinalambricos-21&linkCode=osi&th=1&psc=1","Images":{"Primary":{"Small":{"Height":75,"URL":"https://m.media-amazon.com/images/I/41rY3JF1O4L._SL75_.jpg","Width":75}}},"ItemInfo":{"ByLineInfo":{"Brand":{"DisplayValue":"Tiiyee","Label":"Brand","Locale":"es_ES"},"Manufacturer":{"DisplayValue":"Tiiyee","Label":"Manufacturer","Locale":"es_ES"}},"Title":{"DisplayValue":"Protector de Brazo de Tiro con Arco de Cuero de PU, Protección de Armadura de Cuero Ajustable Duradera para Hombres y Mujeres Guantes Tiro Accesorio Aparejo Guardamanos para Arco Tradicional Recurvo","Label":"Title","Locale":"es_ES"}},"Offers":{"Summaries":[{"Condition":{"Value":"New"},"LowestPrice":{"Amount":17.39,"Currency":"EUR","DisplayAmount":"17,39 €"}}]}},{"ASIN":"B0B7X5JVGD","DetailPageURL":"https://www.amazon.es/dp/B0B7X5JVGD?tag=topinalambricos-21&linkCode=osi&th=1&psc=1","Images":{"Primary":{"Small":{"Height":75,"URL":"https://m.media-amazon.com/images/I/41kOP1zWURL._SL75_.jpg","Width":75}}},"ItemInfo":{"ByLineInfo":{"Brand":{"DisplayValue":"COSFAN","Label":"Brand","Locale":"es_ES"},"Manufacturer":{"DisplayValue":"COSFAN","Label":"Manufacturer","Locale":"es_ES"}},"Title":{"DisplayValue":"COSFAN Viking Thor's Hammer Brazalete De Cuero Puños De Brazo Vikingo Armadura De Brazo De Cuero En Relieve Brazalete Medieval Brazo Brazalete Retro Guardia Caballero LARP Protectores De Brazo","Label":"Title","Locale":"es_ES"}},"Offers":{"Summaries":[{"Condition":{"Value":"New"},"LowestPrice":{"Amount":18.99,"Currency":"EUR","DisplayAmount":"18,99 €"}}]}},{"ASIN":"B0149TW1GS","DetailPageURL":"https://www.amazon.es/dp/B0149TW1GS?tag=topinalambricos-21&linkCode=osi&th=1&psc=1","Images":{"Primary":{"Small":{"Height":75,"URL":"https://m.media-amazon.com/images/I/51piT00r1SL._SL75_.jpg","Width":75}}},"ItemInfo":{"ByLineInfo":{"Brand":{"DisplayValue":"Desconocido","Label":"Brand","Locale":"es_ES"},"Manufacturer":{"DisplayValue":"Generic","Label":"Manufacturer","Locale":"es_ES"}},"Title":{"DisplayValue":"2 Pcs Brazalete de armadura vikinga,Pulseras de disfraz de vikingo para hombre con relieve - PU cuero armadura puños brazaletes en relieve protectores de brazo amuleto nórdico para hombres Generic","Label":"Title","Locale":"es_ES"}},"Offers":{"Summaries":[{"Condition":{"Value":"New"},"LowestPrice":{"Amount":16.39,"Currency":"EUR","DisplayAmount":"16,39 €"}}]}},{"ASIN":"B0B9XBJ1PW","DetailPageURL":"https://www.amazon.es/dp/B0B9XBJ1PW?tag=topinalambricos-21&linkCode=osi&th=1&psc=1","Images":{"Primary":{"Small":{"Height":75,"URL":"https://m.media-amazon.com/images/I/41me2rwRxRL._SL75_.jpg","Width":75}}},"ItemInfo":{"ByLineInfo":{"Brand":{"DisplayValue":"COSFAN","Label":"Brand","Locale":"es_ES"},"Manufacturer":{"DisplayValue":"COSFAN","Label":"Manufacturer","Locale":"es_ES"}},"Title":{"DisplayValue":"COSFAN Brazalete vikingo de 2 piezas, protectores de brazo en relieve de cuervo nórdico, armadura de brazo de cuero PU Medieval, brazalete ancho para hombre para LARP Cosplay (Negro)","Label":"Title","Locale":"es_ES"}},"Offers":{"Summaries":[{"Condition":{"Value":"New"},"LowestPrice":{"Amount":23.99,"Currency":"EUR","DisplayAmount":"23,99 €"}}]}},{"ASIN":"B09H4NLH5Y","DetailPageURL":"https://www.amazon.es/dp/B09H4NLH5Y?tag=topinalambricos-21&linkCode=osi&th=1&psc=1","Images":{"Primary":{"Small":{"Height":75,"URL":"https://m.media-amazon.com/images/I/41IhkmCA+3L._SL75_.jpg","Width":75}}},"ItemInfo":{"ByLineInfo":{"Brand":{"DisplayValue":"warrior gears","Label":"Brand","Locale":"es_ES"},"Manufacturer":{"DisplayValue":"Warrior Gears","Label":"Manufacturer","Locale":"es_ES"}},"Title":{"DisplayValue":"Warrior Gears Chaqueta de cuero de vaca de Nappa para hombre, Harley Stripe Chaquetas de cuero para hombre, chaquetas de cuero motorista de cuero para hombre con armadura protectora, blanco, Medium","Label":"Title","Locale":"es_ES"}},"Offers":{"Summaries":[{"Condition":{"Value":"New"},"LowestPrice":{"Amount":209.58,"Currency":"EUR","DisplayAmount":"209,58 €"}}]}},{"ASIN":"B0BBM9L137","DetailPageURL":"https://www.amazon.es/dp/B0BBM9L137?tag=topinalambricos-21&linkCode=osi&th=1&psc=1","Images":{"Primary":{"Small":{"Height":75,"URL":"https://m.media-amazon.com/images/I/4104qQ2uruL._SL75_.jpg","Width":75}}},"ItemInfo":{"ByLineInfo":{"Brand":{"DisplayValue":"SQYDS","Label":"Brand","Locale":"es_ES"},"Manufacturer":{"DisplayValue":"SQYDS","Label":"Manufacturer","Locale":"es_ES"}},"Title":{"DisplayValue":"SQYDS Armadura de Pecho de Cuerpo Retro para Hombre Armadura de Hombro de Cuero de PU Ajustable Armadura Protectora de Pecho Armadura de Pecho de Cuerpo gótico Medieval Accesorios de Halloween,Negro","Label":"Title","Locale":"es_ES"}},"Offers":{"Summaries":[{"Condition":{"Value":"New"},"LowestPrice":{"Amount":74.65,"Currency":"EUR","DisplayAmount":"74,65 €"}}]}},{"ASIN":"B0BNFP84XB","DetailPageURL":"https://www.amazon.es/dp/B0BNFP84XB?tag=topinalambricos-21&linkCode=osi&th=1&psc=1","Images":{"Primary":{"Small":{"Height":75,"URL":"https://m.media-amazon.com/images/I/41bdGQ4+9-L._SL75_.jpg","Width":75}}},"ItemInfo":{"ByLineInfo":{"Brand":{"DisplayValue":"Jomewory","Label":"Brand","Locale":"es_ES"},"Manufacturer":{"DisplayValue":"Jomewory","Label":"Manufacturer","Locale":"es_ES"}},"Title":{"DisplayValue":"Jomewory Brazalete de Brazo Vikingo - Disfraz Vikingo para Hombre con Piel sintética - PU Cuero Armadura puños brazaletes en Relieve Protectores de Brazo Amuleto nórdico para Hombres Mujeres Regalos","Label":"Title","Locale":"es_ES"}},"Offers":{"Summaries":[{"Condition":{"Value":"New"},"LowestPrice":{"Amount":9.72,"Currency":"EUR","DisplayAmount":"9,72 €"}}]}}],"SearchURL":"https://www.amazon.es/s?k=armadura+protector+cuero&rh=p_n_availability%3A-1&tag=topinalambricos-21&linkCode=osi","TotalResultCount":306}},"206":{"SearchResult":{"Items":[{"ASIN":"B08Z7H35LD","DetailPageURL":"https://www.amazon.es/dp/B08Z7H35LD?tag=topinalambricos-21&linkCode=osi&th=1&psc=1","Images":{"Primary":{"Small":{"Height":74,"URL":"https://m.media-amazon.com/images/I/41RMpnFcAmL._SL75_.jpg","Width":75}}},"ItemInfo":{"ByLineInfo":{"Brand":{"DisplayValue":"TM-mall","Label":"Brand","Locale":"es_ES"},"Manufacturer":{"DisplayValue":"TM-mall","Label":"Manufacturer","Locale":"es_ES"}},"Title":{"DisplayValue":"Borla de Cuero de imitación látigo Ecuestre látigo de Cultivo para Montar a Caballo Correa Deportiva","Label":"Title","Locale":"es_ES"}},"Offers":{"Summaries":[{"Condition":{"Value":"New"},"LowestPrice":{"Amount":15.99,"Currency":"EUR","DisplayAmount":"15,99 €"}}]}},{"ASIN":"B09B8YP2GX","DetailPageURL":"https://www.amazon.es/dp/B09B8YP2GX?tag=topinalambricos-21&linkCode=osi&th=1&psc=1","Images":{"Primary":{"Small":{"Height":75,"URL":"https://m.media-amazon.com/images/I/214o+oGkwrL._SL75_.jpg","Width":75}}},"ItemInfo":{"ByLineInfo":{"Brand":{"DisplayValue":"TGUS","Label":"Brand","Locale":"es_ES"},"Manufacturer":{"DisplayValue":"TGUS","Label":"Manufacturer","Locale":"es_ES"}},"Title":{"DisplayValue":"TGUS Látigos ecuestres para caballo, cuero sintético, ligero con mango antideslizante para entrenamiento de equitación cosplay (tamaño: 45 cm)","Label":"Title","Locale":"es_ES"}},"Offers":{"Summaries":[{"Condition":{"Value":"New"},"LowestPrice":{"Amount":14.59,"Currency":"EUR","DisplayAmount":"14,59 €"}}]}},{"ASIN":"B09MKHK8H2","DetailPageURL":"https://www.amazon.es/dp/B09MKHK8H2?tag=topinalambricos-21&linkCode=osi&th=1&psc=1","Images":{"Primary":{"Small":{"Height":75,"URL":"https://m.media-amazon.com/images/I/51PIPFf88FL._SL75_.jpg","Width":75}}},"ItemInfo":{"ByLineInfo":{"Brand":{"DisplayValue":"Wenky Once","Label":"Brand","Locale":"es_ES"},"Manufacturer":{"DisplayValue":"Wenky Once","Label":"Manufacturer","Locale":"es_ES"}},"Title":{"DisplayValue":"LáTigo De Cuero De ImitacióN, LáTigo De Borla De Cuero Rojo, Pareja, Juego De Roles, Accesorios","Label":"Title","Locale":"es_ES"}},"Offers":{"Summaries":[{"Condition":{"Value":"New"},"LowestPrice":{"Amount":24.39,"Currency":"EUR","DisplayAmount":"24,39 €"}}]}},{"ASIN":"B001E1UNU6","DetailPageURL":"https://www.amazon.es/dp/B001E1UNU6?tag=topinalambricos-21&linkCode=osi&th=1&psc=1","Images":{"Primary":{"Small":{"Height":75,"URL":"https://m.media-amazon.com/images/I/41NK14aAU6L._SL75_.jpg","Width":75}}},"ItemInfo":{"ByLineInfo":{"Brand":{"DisplayValue":"Loftus","Label":"Brand","Locale":"es_ES"},"Manufacturer":{"DisplayValue":"Loftus","Label":"Manufacturer","Locale":"es_ES"}},"Title":{"DisplayValue":"Cuero látigo de Medio Modelo (2 metros)","Label":"Title","Locale":"es_ES"}},"Offers":{"Summaries":[{"Condition":{"Value":"New"},"LowestPrice":{"Amount":14.97,"Currency":"EUR","DisplayAmount":"14,97 €"}}]}},{"ASIN":"B07ZGGJQL7","DetailPageURL":"https://www.amazon.es/dp/B07ZGGJQL7?tag=topinalambricos-21&linkCode=osi&th=1&psc=1","Images":{"Primary":{"Small":{"Height":75,"URL":"https://m.media-amazon.com/images/I/51AWkWyYVYL._SL75_.jpg","Width":75}}},"ItemInfo":{"ByLineInfo":{"Brand":{"DisplayValue":"GUOE-YKGM","Label":"Brand","Locale":"es_ES"},"Manufacturer":{"DisplayValue":"Jiang nan","Label":"Manufacturer","Locale":"es_ES"}},"Title":{"DisplayValue":"GUOE-YKGM Clásico Negro Largo Bull Whip Totalmente Hecha A Mano Y Crack Duradero Látigo De Cuero Genuino, De Lujo Trenzado Caballo Whip - Perfecto For Ganadería De Trabajo O Deporte Látigo","Label":"Title","Locale":"es_ES"}},"Offers":{"Summaries":[{"Condition":{"Value":"New"},"LowestPrice":{"Amount":52.29,"Currency":"EUR","DisplayAmount":"52,29 €"}}]}},{"ASIN":"B09MD8BH8N","DetailPageURL":"https://www.amazon.es/dp/B09MD8BH8N?tag=topinalambricos-21&linkCode=osi&th=1&psc=1","Images":{"Primary":{"Small":{"Height":75,"URL":"https://m.media-amazon.com/images/I/11wwmlSG3-L._SL75_.jpg","Width":75}}},"ItemInfo":{"ByLineInfo":{"Brand":{"DisplayValue":"SM SunniMix","Label":"Brand","Locale":"es_ES"},"Manufacturer":{"DisplayValue":"SM SunniMix","Label":"Manufacturer","Locale":"es_ES"}},"Title":{"DisplayValue":"SM SunniMix 1x Látigo de Coqueteo de Material Cuero de Moda para Adultos, Juguetes de Cosplay de San Valentín","Label":"Title","Locale":"es_ES"}},"Offers":{"Summaries":[{"Condition":{"Value":"New"},"LowestPrice":{"Amount":14.29,"Currency":"EUR","DisplayAmount":"14,29 €"}}]}},{"ASIN":"B0B1MGSX3G","DetailPageURL":"https://www.amazon.es/dp/B0B1MGSX3G?tag=topinalambricos-21&linkCode=osi&th=1&psc=1","Images":{"Primary":{"Small":{"Height":70,"URL":"https://m.media-amazon.com/images/I/31O-NUueDTL._SL75_.jpg","Width":75}}},"ItemInfo":{"ByLineInfo":{"Brand":{"DisplayValue":"Secret BDSM Society Bondage Dominatrix Gear","Label":"Brand","Locale":"es_ES"},"Manufacturer":{"DisplayValue":"Secret BDSM Society Bondage Dominatrix Gear","Label":"Manufacturer","Locale":"es_ES"}},"Title":{"DisplayValue":"BDSM S&M Dominatrix De Cuero Traje Dominación BDSM Látigo Camiseta","Label":"Title","Locale":"es_ES"}},"Offers":{"Summaries":[{"Condition":{"Value":"New"},"LowestPrice":{"Amount":16.49,"Currency":"EUR","DisplayAmount":"16,49 €"}}]}},{"ASIN":"B09VK1YXCW","DetailPageURL":"https://www.amazon.es/dp/B09VK1YXCW?tag=topinalambricos-21&linkCode=osi&th=1&psc=1","Images":{"Primary":{"Small":{"Height":70,"URL":"https://m.media-amazon.com/images/I/31zUm-P4tOL._SL75_.jpg","Width":75}}},"ItemInfo":{"ByLineInfo":{"Brand":{"DisplayValue":"The Naughty Cowboy","Label":"Brand","Locale":"es_ES"},"Manufacturer":{"DisplayValue":"The Naughty Cowboy","Label":"Manufacturer","Locale":"es_ES"}},"Title":{"DisplayValue":"Vaquero de cuero crudo | Látigo de cuero divertido Camiseta","Label":"Title","Locale":"es_ES"}},"Offers":{"Summaries":[{"Condition":{"Value":"New"},"LowestPrice":{"Amount":16.49,"Currency":"EUR","DisplayAmount":"16,49 €"}}]}},{"ASIN":"B09VFYM1SP","DetailPageURL":"https://www.amazon.es/dp/B09VFYM1SP?tag=topinalambricos-21&linkCode=osi&th=1&psc=1","Images":{"Primary":{"Small":{"Height":70,"URL":"https://m.media-amazon.com/images/I/31rgYMSbIbL._SL75_.jpg","Width":75}}},"ItemInfo":{"ByLineInfo":{"Brand":{"DisplayValue":"The Naughty Cowboy","Label":"Brand","Locale":"es_ES"},"Manufacturer":{"DisplayValue":"The Naughty Cowboy","Label":"Manufacturer","Locale":"es_ES"}},"Title":{"DisplayValue":"Vaquero de cuero crudo | Látigo de cuero divertido Manga Larga","Label":"Title","Locale":"es_ES"}},"Offers":{"Summaries":[{"Condition":{"Value":"New"},"LowestPrice":{"Amount":19.99,"Currency":"EUR","DisplayAmount":"19,99 €"}}]}},{"ASIN":"B09VFZC4P9","DetailPageURL":"https://www.amazon.es/dp/B09VFZC4P9?tag=topinalambricos-21&linkCode=osi&th=1&psc=1","Images":{"Primary":{"Small":{"Height":70,"URL":"https://m.media-amazon.com/images/I/318n+jrixbL._SL75_.jpg","Width":75}}},"ItemInfo":{"ByLineInfo":{"Brand":{"DisplayValue":"The Naughty Cowboy","Label":"Brand","Locale":"es_ES"},"Manufacturer":{"DisplayValue":"The Naughty Cowboy","Label":"Manufacturer","Locale":"es_ES"}},"Title":{"DisplayValue":"Mujer Vaquero de cuero crudo | Látigo de cuero divertido Camiseta Cuello V","Label":"Title","Locale":"es_ES"}},"Offers":{"Summaries":[{"Condition":{"Value":"New"},"LowestPrice":{"Amount":17.49,"Currency":"EUR","DisplayAmount":"17,49 €"}}]}}],"SearchURL":"https://www.amazon.es/s?k=latigos+cuero&rh=p_n_availability%3A-1&tag=topinalambricos-21&linkCode=osi","TotalResultCount":306}},"207":{"SearchResult":{"Items":[{"ASIN":"B08LLBN36V","DetailPageURL":"https://www.amazon.es/dp/B08LLBN36V?tag=topinalambricos-21&linkCode=osi&th=1&psc=1","Images":{"Primary":{"Small":{"Height":75,"URL":"https://m.media-amazon.com/images/I/413x51lvFTL._SL75_.jpg","Width":67}}},"ItemInfo":{"ByLineInfo":{"Brand":{"DisplayValue":"BeaverCraft","Label":"Brand","Locale":"es_ES"},"Manufacturer":{"DisplayValue":"BeaverCraft","Label":"Manufacturer","Locale":"es_ES"}},"Title":{"DisplayValue":"BeaverCraft, Set de Afilado Kit de Asentador de Cuero LS2P11 - Asentador de Cuero con Compuestos de Pulido Verde y Blanco - Compuesto para Pulir Cuero","Label":"Title","Locale":"es_ES"}},"Offers":{"Summaries":[{"Condition":{"Value":"New"},"LowestPrice":{"Amount":13.99,"Currency":"EUR","DisplayAmount":"13,99 €"}}]}},{"ASIN":"B00J0N3RNU","DetailPageURL":"https://www.amazon.es/dp/B00J0N3RNU?tag=topinalambricos-21&linkCode=osi&th=1&psc=1","Images":{"Primary":{"Small":{"Height":55,"URL":"https://m.media-amazon.com/images/I/41Es69Vi86L._SL75_.jpg","Width":75}}},"ItemInfo":{"ByLineInfo":{"Brand":{"DisplayValue":"Böker","Label":"Brand","Locale":"es_ES"},"Manufacturer":{"DisplayValue":"Böker","Label":"Manufacturer","Locale":"es_ES"}},"Title":{"DisplayValue":"Böker Schleifband Work Sharp Ken Onion Edition - Afilador de cuchillos, talla única","Label":"Title","Locale":"es_ES"}},"Offers":{"Summaries":[{"Condition":{"Value":"New"},"LowestPrice":{"Amount":24.74,"Currency":"EUR","DisplayAmount":"24,74 €"}}]}},{"ASIN":"B08GYHKNPP","DetailPageURL":"https://www.amazon.es/dp/B08GYHKNPP?tag=topinalambricos-21&linkCode=osi&th=1&psc=1","Images":{"Primary":{"Small":{"Height":75,"URL":"https://m.media-amazon.com/images/I/21hRAieUAVL._SL75_.jpg","Width":49}}},"ItemInfo":{"ByLineInfo":{"Brand":{"DisplayValue":"CERYLAC","Label":"Brand","Locale":"es_ES"},"Manufacturer":{"DisplayValue":"CERYLAC","Label":"Manufacturer","Locale":"es_ES"}},"Title":{"DisplayValue":"CERYLAC Aceite para afilado – 500 ml.","Label":"Title","Locale":"es_ES"}},"Offers":{"Summaries":[{"Condition":{"Value":"New"},"LowestPrice":{"Amount":17.95,"Currency":"EUR","DisplayAmount":"17,95 €"}}]}},{"ASIN":"B084PV4MK6","DetailPageURL":"https://www.amazon.es/dp/B084PV4MK6?tag=topinalambricos-21&linkCode=osi&th=1&psc=1","Images":{"Primary":{"Small":{"Height":75,"URL":"https://m.media-amazon.com/images/I/41xAi5QV6oS._SL75_.jpg","Width":73}}},"ItemInfo":{"ByLineInfo":{"Brand":{"DisplayValue":"Work Sharp","Label":"Brand","Locale":"es_ES"},"Manufacturer":{"DisplayValue":"Worksharp","Label":"Manufacturer","Locale":"es_ES"}},"Title":{"DisplayValue":"WORK SHARP Afilador de sobremesa de trabajo de cuchillos en ángulo fijo - WSBCHAGS-I Ken Onion Afilador manual para cuchillos – El mejor kit profesional del mundo","Label":"Title","Locale":"es_ES"}},"Offers":{"Summaries":[{"Condition":{"Value":"New"},"LowestPrice":{"Amount":49.95,"Currency":"EUR","DisplayAmount":"49,95 €"}}]}},{"ASIN":"B00FFJ9TLW","DetailPageURL":"https://www.amazon.es/dp/B00FFJ9TLW?tag=topinalambricos-21&linkCode=osi&th=1&psc=1","Images":{"Primary":{"Small":{"Height":75,"URL":"https://m.media-amazon.com/images/I/41LXI2V9VhL._SL75_.jpg","Width":75}}},"ItemInfo":{"ByLineInfo":{"Brand":{"DisplayValue":"FLEXCUT","Label":"Brand","Locale":"es_ES"},"Manufacturer":{"DisplayValue":"Flexcut","Label":"Manufacturer","Locale":"es_ES"}},"Title":{"DisplayValue":"Flexcut FLEXPW14 Cuchillo a Lama Fissa,Unisex - Adulto, Dorado, un tamaño","Label":"Title","Locale":"es_ES"}},"Offers":{"Summaries":[{"Condition":{"Value":"New"},"LowestPrice":{"Amount":20.5,"Currency":"EUR","DisplayAmount":"20,50 €"}}]}},{"ASIN":"B000B8L6MW","DetailPageURL":"https://www.amazon.es/dp/B000B8L6MW?tag=topinalambricos-21&linkCode=osi&th=1&psc=1","Images":{"Primary":{"Small":{"Height":75,"URL":"https://m.media-amazon.com/images/I/41e88lI+4PL._SL75_.jpg","Width":68}}},"ItemInfo":{"ByLineInfo":{"Brand":{"DisplayValue":"LANSKY SHARPENERS","Label":"Brand","Locale":"es_ES"},"Manufacturer":{"DisplayValue":"Lansky","Label":"Manufacturer","Locale":"es_ES"}},"Title":{"DisplayValue":"Lansky LS8 Affilacoltelli,Unisex - Adultos, Multicolor, un tamaño","Label":"Title","Locale":"es_ES"}},"Offers":{"Summaries":[{"Condition":{"Value":"New"},"LowestPrice":{"Amount":29.43,"Currency":"EUR","DisplayAmount":"29,43 €"}}]}},{"ASIN":"B07NQV9WJ9","DetailPageURL":"https://www.amazon.es/dp/B07NQV9WJ9?tag=topinalambricos-21&linkCode=osi&th=1&psc=1","Images":{"Primary":{"Small":{"Height":75,"URL":"https://m.media-amazon.com/images/I/31HzxIdGZOL._SL75_.jpg","Width":75}}},"ItemInfo":{"ByLineInfo":{"Brand":{"DisplayValue":"Lansky","Label":"Brand","Locale":"es_ES"},"Manufacturer":{"DisplayValue":"Lansky Sharpeners","Label":"Manufacturer","Locale":"es_ES"}},"Title":{"DisplayValue":"Lansky Sharpeners Piedra de afilar Extra Gruesa","Label":"Title","Locale":"es_ES"}},"Offers":{"Summaries":[{"Condition":{"Value":"New"},"LowestPrice":{"Amount":22.54,"Currency":"EUR","DisplayAmount":"22,54 €"}}]}}],"SearchURL":"https://www.amazon.es/s?k=asentador+cuero&rh=n%3A2928540031%2Cp_n_availability%3A-1&tag=topinalambricos-21&linkCode=osi","TotalResultCount":7}},"208":{"SearchResult":{"Items":[{"ASIN":"B073GTLPC2","DetailPageURL":"https://www.amazon.es/dp/B073GTLPC2?tag=topinalambricos-21&linkCode=osi&th=1&psc=1","Images":{"Primary":{"Small":{"Height":73,"URL":"https://m.media-amazon.com/images/I/51RRDIoH1uL._SL75_.jpg","Width":75}}},"ItemInfo":{"ByLineInfo":{"Brand":{"DisplayValue":"RDX","Label":"Brand","Locale":"es_ES"},"Manufacturer":{"DisplayValue":"RDX","Label":"Manufacturer","Locale":"es_ES"}},"Title":{"DisplayValue":"RDX Protector de Pecho TKD Protección De Cuerpo MMA Boxeo Vientre para Pecho Peto Taekwondo (Reversible)","Label":"Title","Locale":"es_ES"}},"Offers":{"Summaries":[{"Condition":{"Value":"New"},"LowestPrice":{"Amount":59.99,"Currency":"EUR","DisplayAmount":"59,99 €"}}]}},{"ASIN":"B07878QCPT","DetailPageURL":"https://www.amazon.es/dp/B07878QCPT?tag=topinalambricos-21&linkCode=osi&th=1&psc=1","Images":{"Primary":{"Small":{"Height":75,"URL":"https://m.media-amazon.com/images/I/51QGzE2CYPL._SL75_.jpg","Width":75}}},"ItemInfo":{"ByLineInfo":{"Brand":{"DisplayValue":"Fairtex","Label":"Brand","Locale":"es_ES"},"Manufacturer":{"DisplayValue":"fairtex","Label":"Manufacturer","Locale":"es_ES"}},"Title":{"DisplayValue":"Fairtex Pro Muay Thai BPV1 - Protector de piel para el vientre","Label":"Title","Locale":"es_ES"}},"Offers":{"Summaries":[{"Condition":{"Value":"New"},"LowestPrice":{"Amount":165.0,"Currency":"EUR","DisplayAmount":"165,00 €"}}]}},{"ASIN":"B01E09O016","DetailPageURL":"https://www.amazon.es/dp/B01E09O016?tag=topinalambricos-21&linkCode=osi&th=1&psc=1","Images":{"Primary":{"Small":{"Height":75,"URL":"https://m.media-amazon.com/images/I/41hYGBYpxML._SL75_.jpg","Width":75}}},"ItemInfo":{"ByLineInfo":{"Brand":{"DisplayValue":"SPHINX","Label":"Brand","Locale":"es_ES"},"Manufacturer":{"DisplayValue":"SPHINX","Label":"Manufacturer","Locale":"es_ES"}},"Title":{"DisplayValue":"SPHINX, La Concha Masculina de Piel Armour Ofrece una protección Profesional y óptima para los Deportes de Lucha y Artes Marciales Niño, Blanco, L","Label":"Title","Locale":"es_ES"}},"Offers":{"Summaries":[{"Condition":{"Value":"New"},"LowestPrice":{"Amount":26.79,"Currency":"EUR","DisplayAmount":"26,79 €"}}]}},{"ASIN":"B08NDDYQKD","DetailPageURL":"https://www.amazon.es/dp/B08NDDYQKD?tag=topinalambricos-21&linkCode=osi&th=1&psc=1","Images":{"Primary":{"Small":{"Height":75,"URL":"https://m.media-amazon.com/images/I/410R7I7d0aL._SL75_.jpg","Width":75}}},"ItemInfo":{"ByLineInfo":{"Brand":{"DisplayValue":"GINGPAI","Label":"Brand","Locale":"es_ES"},"Manufacturer":{"DisplayValue":"GINGPAI","Label":"Manufacturer","Locale":"es_ES"}},"Title":{"DisplayValue":"GINGPAI Protector de pecho para hombres y mujeres, de piel sintética, protector de cuerpo de boxeo, kickboxing artes marciales Muay Thai MMA armadura, protector de pecho y columna vertebral","Label":"Title","Locale":"es_ES"}},"Offers":{"Summaries":[{"Condition":{"Value":"New"},"LowestPrice":{"Amount":38.87,"Currency":"EUR","DisplayAmount":"38,87 €"}}]}},{"ASIN":"B07X4HVZ3S","DetailPageURL":"https://www.amazon.es/dp/B07X4HVZ3S?tag=topinalambricos-21&linkCode=osi&th=1&psc=1","Images":{"Primary":{"Small":{"Height":75,"URL":"https://m.media-amazon.com/images/I/41ZBWlnUTUL._SL75_.jpg","Width":75}}},"ItemInfo":{"ByLineInfo":{"Brand":{"DisplayValue":"Starpro","Label":"Brand","Locale":"es_ES"},"Manufacturer":{"DisplayValue":"Starpro","Label":"Manufacturer","Locale":"es_ES"}},"Title":{"DisplayValue":"Starpro Essentials Protector de Cabeza | Piel de Vacuno | Rojo y Azul | Protección para la Cabeza y Las mejillas para Sparring en Boxeo, Muay Thai, Kickboxing y Lucha | Hombres y Mujeres","Label":"Title","Locale":"es_ES"}},"Offers":{"Summaries":[{"Condition":{"Value":"New"},"LowestPrice":{"Amount":26.99,"Currency":"EUR","DisplayAmount":"26,99 €"}}]}},{"ASIN":"B01DDQVEZC","DetailPageURL":"https://www.amazon.es/dp/B01DDQVEZC?tag=topinalambricos-21&linkCode=osi&th=1&psc=1","Images":{"Primary":{"Small":{"Height":50,"URL":"https://m.media-amazon.com/images/I/41J+sQErw4L._SL75_.jpg","Width":75}}},"ItemInfo":{"ByLineInfo":{"Brand":{"DisplayValue":"Lisaro","Label":"Brand","Locale":"es_ES"},"Manufacturer":{"DisplayValue":"Lisaro","Label":"Manufacturer","Locale":"es_ES"}},"Title":{"DisplayValue":"Lisaro Belly - Protector de barriga, de piel sintética, para artes marciales, Muay Thai","Label":"Title","Locale":"es_ES"}},"Offers":{"Summaries":[{"Condition":{"Value":"New"},"LowestPrice":{"Amount":94.9,"Currency":"EUR","DisplayAmount":"94,90 €"}}]}},{"ASIN":"B07FNB1826","DetailPageURL":"https://www.amazon.es/dp/B07FNB1826?tag=topinalambricos-21&linkCode=osi&th=1&psc=1","Images":{"Primary":{"Small":{"Height":75,"URL":"https://m.media-amazon.com/images/I/41scJq2j2+L._SL75_.jpg","Width":56}}},"ItemInfo":{"ByLineInfo":{"Brand":{"DisplayValue":"Montana","Label":"Brand","Locale":"es_ES"},"Manufacturer":{"DisplayValue":"DAU1N|#Montana","Label":"Manufacturer","Locale":"es_ES"}},"Title":{"DisplayValue":"Montana Twin Piel L/XL Guantes de Bolsa Unisex, Negro","Label":"Title","Locale":"es_ES"}},"Offers":{"Summaries":[{"Condition":{"Value":"New"},"LowestPrice":{"Amount":36.71,"Currency":"EUR","DisplayAmount":"36,71 €"}}]}},{"ASIN":"B09XV18GV6","DetailPageURL":"https://www.amazon.es/dp/B09XV18GV6?tag=topinalambricos-21&linkCode=osi&th=1&psc=1","Images":{"Primary":{"Small":{"Height":58,"URL":"https://m.media-amazon.com/images/I/41Lnah1UXfL._SL75_.jpg","Width":75}}},"ItemInfo":{"ByLineInfo":{"Brand":{"DisplayValue":"baidicheng","Label":"Brand","Locale":"es_ES"},"Manufacturer":{"DisplayValue":"baidicheng","Label":"Manufacturer","Locale":"es_ES"}},"Title":{"DisplayValue":"Warrior Chest Armor medieval - Chaleco de piel sintética de piel sintética LARP, armadura medieval para fiestas, cosplay, Halloween (color: armadura de barco de dragón vikingo)","Label":"Title","Locale":"es_ES"}},"Offers":{"Summaries":[{"Condition":{"Value":"New"},"LowestPrice":{"Amount":171.56,"Currency":"EUR","DisplayAmount":"171,56 €"}}]}},{"ASIN":"B07FPWMW6Q","DetailPageURL":"https://www.amazon.es/dp/B07FPWMW6Q?tag=topinalambricos-21&linkCode=osi&th=1&psc=1","Images":{"Primary":{"Small":{"Height":75,"URL":"https://m.media-amazon.com/images/I/41qh4juyyML._SL75_.jpg","Width":56}}},"ItemInfo":{"ByLineInfo":{"Brand":{"DisplayValue":"Montana","Label":"Brand","Locale":"es_ES"},"Manufacturer":{"DisplayValue":"DAU1N|#Montana","Label":"Manufacturer","Locale":"es_ES"}},"Title":{"DisplayValue":"Montana Hellcat Piel – Guantes MMA Mixta Adulto, Negro","Label":"Title","Locale":"es_ES"}},"Offers":{"Summaries":[{"Condition":{"Value":"New"},"LowestPrice":{"Amount":31.22,"Currency":"EUR","DisplayAmount":"31,22 €"}}]}},{"ASIN":"B07FPQW38V","DetailPageURL":"https://www.amazon.es/dp/B07FPQW38V?tag=topinalambricos-21&linkCode=osi&th=1&psc=1","Images":{"Primary":{"Small":{"Height":75,"URL":"https://m.media-amazon.com/images/I/41qh4juyyML._SL75_.jpg","Width":56}}},"ItemInfo":{"ByLineInfo":{"Brand":{"DisplayValue":"Montana","Label":"Brand","Locale":"es_ES"},"Manufacturer":{"DisplayValue":"DAU1N|#Montana","Label":"Manufacturer","Locale":"es_ES"}},"Title":{"DisplayValue":"Montana Hellcat Piel – Guantes MMA Mixta Adulto, Negro","Label":"Title","Locale":"es_ES"}},"Offers":{"Summaries":[{"Condition":{"Value":"New"},"LowestPrice":{"Amount":31.33,"Currency":"EUR","DisplayAmount":"31,33 €"}}]}}],"SearchURL":"https://www.amazon.es/s?k=peto+piel&rh=n%3A2928583031%2Cp_n_availability%3A-1&tag=topinalambricos-21&linkCode=osi","TotalResultCount":26}},"210":{"SearchResult":{"Items":[{"ASIN":"B002SZ66YO","DetailPageURL":"https://www.amazon.es/dp/B002SZ66YO?tag=topinalambricos-21&linkCode=osi&th=1&psc=1","Images":{"Primary":{"Small":{"Height":75,"URL":"https://m.media-amazon.com/images/I/41YZFjHHyZL._SL75_.jpg","Width":62}}},"ItemInfo":{"ByLineInfo":{"Brand":{"DisplayValue":"HUNTER","Label":"Brand","Locale":"es_ES"},"Manufacturer":{"DisplayValue":"HUNTER","Label":"Manufacturer","Locale":"es_ES"}},"Title":{"DisplayValue":"HUNTER RACING - Arnés noruego para perros, nailon, reflectante, apto para abrigos, marrón,M-L,62 - 75 cm","Label":"Title","Locale":"es_ES"}},"Offers":{"Summaries":[{"Condition":{"Value":"New"},"LowestPrice":{"Amount":29.49,"Currency":"EUR","DisplayAmount":"29,49 €"}}]}},{"ASIN":"B0B5ZHDLVS","DetailPageURL":"https://www.amazon.es/dp/B0B5ZHDLVS?tag=topinalambricos-21&linkCode=osi&th=1&psc=1","Images":{"Primary":{"Small":{"Height":75,"URL":"https://m.media-amazon.com/images/I/51Y7L2kzk9L._SL75_.jpg","Width":75}}},"ItemInfo":{"ByLineInfo":{"Brand":{"DisplayValue":"Wirezar","Label":"Brand","Locale":"es_ES"},"Manufacturer":{"DisplayValue":"Wirezar","Label":"Manufacturer","Locale":"es_ES"}},"Title":{"DisplayValue":"Arnés táctico para Perros Grandes, Collar de Nailon para Perros Grandes arnés de Entrenamiento Militar Ajustable para Perros Chaleco para Perros de Trabajo para Entrenamiento Caminar Correr(M Caqui)","Label":"Title","Locale":"es_ES"}},"Offers":{"Summaries":[{"Condition":{"Value":"New"},"LowestPrice":{"Amount":51.99,"Currency":"EUR","DisplayAmount":"51,99 €"}}]}},{"ASIN":"B088RFD96S","DetailPageURL":"https://www.amazon.es/dp/B088RFD96S?tag=topinalambricos-21&linkCode=osi&th=1&psc=1","Images":{"Primary":{"Small":{"Height":75,"URL":"https://m.media-amazon.com/images/I/41OZ-XyE2yL._SL75_.jpg","Width":61}}},"ItemInfo":{"ByLineInfo":{"Brand":{"DisplayValue":"MICHUR OUR WORLD OF PETS FINEST","Label":"Brand","Locale":"es_ES"},"Manufacturer":{"DisplayValue":"MICHUR OUR WORLD OF PETS FINEST","Label":"Manufacturer","Locale":"es_ES"}},"Title":{"DisplayValue":"MICHUR Cucciolo Arnés para Perro de Cuero, arnés de Cuero para Perros pequeños o minis, Cachorros, Marrón, Cuero, Disponibles en Diferentes tamaños","Label":"Title","Locale":"es_ES"}},"Offers":{"Summaries":[{"Condition":{"Value":"New"},"LowestPrice":{"Amount":23.95,"Currency":"EUR","DisplayAmount":"23,95 €"}}]}},{"ASIN":"B08WLXXGDM","DetailPageURL":"https://www.amazon.es/dp/B08WLXXGDM?tag=topinalambricos-21&linkCode=osi&th=1&psc=1","Images":{"Primary":{"Small":{"Height":75,"URL":"https://m.media-amazon.com/images/I/41r2zRDl1AL._SL75_.jpg","Width":68}}},"ItemInfo":{"ByLineInfo":{"Brand":{"DisplayValue":"SK9","Label":"Brand","Locale":"es_ES"},"Manufacturer":{"DisplayValue":"SK9","Label":"Manufacturer","Locale":"es_ES"}},"Title":{"DisplayValue":"SK9 Arnés Perro de Trabajo Cuero Natural para Perros policía, Calidad Alemana (XL 85-105 cm, Negro)","Label":"Title","Locale":"es_ES"}},"Offers":{"Summaries":[{"Condition":{"Value":"New"},"LowestPrice":{"Amount":79.95,"Currency":"EUR","DisplayAmount":"79,95 €"}}]}},{"ASIN":"B0B3THWKYK","DetailPageURL":"https://www.amazon.es/dp/B0B3THWKYK?tag=topinalambricos-21&linkCode=osi&th=1&psc=1","Images":{"Primary":{"Small":{"Height":75,"URL":"https://m.media-amazon.com/images/I/41-CkHdI46L._SL75_.jpg","Width":75}}},"ItemInfo":{"ByLineInfo":{"Brand":{"DisplayValue":"AVANZONA","Label":"Brand","Locale":"es_ES"},"Manufacturer":{"DisplayValue":"AVANZONA","Label":"Manufacturer","Locale":"es_ES"}},"Title":{"DisplayValue":"Arnes Perros Grandes Pequeños y Medianos. Arnes Perro Antitirones. Nylon y Cuero, Suave Transpirable Resistente. Hecho en España. Negro.","Label":"Title","Locale":"es_ES"}},"Offers":{"Summaries":[{"Condition":{"Value":"New"},"LowestPrice":{"Amount":25.99,"Currency":"EUR","DisplayAmount":"25,99 €"}}]}},{"ASIN":"B07YX265QP","DetailPageURL":"https://www.amazon.es/dp/B07YX265QP?tag=topinalambricos-21&linkCode=osi&th=1&psc=1","Images":{"Primary":{"Small":{"Height":75,"URL":"https://m.media-amazon.com/images/I/41hJOU9tv7L._SL75_.jpg","Width":75}}},"ItemInfo":{"ByLineInfo":{"Brand":{"DisplayValue":"AILOVA","Label":"Brand","Locale":"es_ES"},"Manufacturer":{"DisplayValue":"AILOVA","Label":"Manufacturer","Locale":"es_ES"}},"Title":{"DisplayValue":"AILOVA Arnés para perro, collar de cinturón de piel de gamuza suave con pecho ajustable para cachorros Chihuahua Yorkie (M, rojo)","Label":"Title","Locale":"es_ES"}},"Offers":{"Summaries":[{"Condition":{"Value":"New"},"LowestPrice":{"Amount":20.99,"Currency":"EUR","DisplayAmount":"20,99 €"}}]}},{"ASIN":"B08MWVX5Q7","DetailPageURL":"https://www.amazon.es/dp/B08MWVX5Q7?tag=topinalambricos-21&linkCode=osi&th=1&psc=1","Images":{"Primary":{"Small":{"Height":75,"URL":"https://m.media-amazon.com/images/I/41JVEHhZ+DL._SL75_.jpg","Width":63}}},"ItemInfo":{"ByLineInfo":{"Brand":{"DisplayValue":"M&D","Label":"Brand","Locale":"es_ES"},"Manufacturer":{"DisplayValue":"M&D","Label":"Manufacturer","Locale":"es_ES"}},"Title":{"DisplayValue":"M & D - Arnés de piel para perro con diseño de cabeza de Bulldog Inglés (accesorios plateados)","Label":"Title","Locale":"es_ES"}},"Offers":{"Summaries":[{"Condition":{"Value":"New"},"LowestPrice":{"Amount":35.45,"Currency":"EUR","DisplayAmount":"35,45 €"}}]}},{"ASIN":"B0968PMJLQ","DetailPageURL":"https://www.amazon.es/dp/B0968PMJLQ?tag=topinalambricos-21&linkCode=osi&th=1&psc=1","Images":{"Primary":{"Small":{"Height":64,"URL":"https://m.media-amazon.com/images/I/41mRuc8Ve0S._SL75_.jpg","Width":75}}},"ItemInfo":{"ByLineInfo":{"Brand":{"DisplayValue":"Pupakiotti","Label":"Brand","Locale":"es_ES"},"Manufacturer":{"DisplayValue":"Pupakiotti","Label":"Manufacturer","Locale":"es_ES"}},"Title":{"DisplayValue":"Pupakiotti Basic Arnés ergonómico y ajustable de piel auténtica para perros Arnés en varias tallas y colores hecho a mano en Italia (XS - S, marrón)","Label":"Title","Locale":"es_ES"}},"Offers":{"Summaries":[{"Condition":{"Value":"New"},"LowestPrice":{"Amount":52.0,"Currency":"EUR","DisplayAmount":"52,00 €"}}]}},{"ASIN":"B085C95SJF","DetailPageURL":"https://www.amazon.es/dp/B085C95SJF?tag=topinalambricos-21&linkCode=osi&th=1&psc=1","Images":{"Primary":{"Small":{"Height":75,"URL":"https://m.media-amazon.com/images/I/51V0fqA15IS._SL75_.jpg","Width":75}}},"ItemInfo":{"ByLineInfo":{"Brand":{"DisplayValue":"HUNTER","Label":"Brand","Locale":"es_ES"},"Manufacturer":{"DisplayValue":"HUNTER","Label":"Manufacturer","Locale":"es_ES"}},"Title":{"DisplayValue":"HUNTER Aalborg Mixed - Arnés para Perro, XS-S, coñac/Gris","Label":"Title","Locale":"es_ES"}},"Offers":{"Summaries":[{"Condition":{"Value":"New"},"LowestPrice":{"Amount":47.9,"Currency":"EUR","DisplayAmount":"47,90 €"}}]}},{"ASIN":"B0867FS13N","DetailPageURL":"https://www.amazon.es/dp/B0867FS13N?tag=topinalambricos-21&linkCode=osi&th=1&psc=1","Images":{"Primary":{"Small":{"Height":75,"URL":"https://m.media-amazon.com/images/I/51ZxAQSp3iL._SL75_.jpg","Width":75}}},"ItemInfo":{"ByLineInfo":{"Brand":{"DisplayValue":"haoyueer","Label":"Brand","Locale":"es_ES"},"Manufacturer":{"DisplayValue":"haoyueer","Label":"Manufacturer","Locale":"es_ES"}},"Title":{"DisplayValue":"haoyueer Arnés de piel de raza mediana y grande con tachuelas para perros medianos y grandes, Pit Bull, Mastín, Boxer, Bull Terrier (negro)","Label":"Title","Locale":"es_ES"}},"Offers":{"Summaries":[{"Condition":{"Value":"New"},"LowestPrice":{"Amount":34.26,"Currency":"EUR","DisplayAmount":"34,26 €"}}]}}],"SearchURL":"https://www.amazon.es/s?k=arnes+cuero&rh=n%3A13442190031%2Cp_n_availability%3A-1&tag=topinalambricos-21&linkCode=osi","TotalResultCount":2895}},"211":{"SearchResult":{"Items":[{"ASIN":"B0B38TXQRS","DetailPageURL":"https://www.amazon.es/dp/B0B38TXQRS?tag=topinalambricos-21&linkCode=osi&th=1&psc=1","Images":{"Primary":{"Small":{"Height":75,"URL":"https://m.media-amazon.com/images/I/41sVelS6qGL._SL75_.jpg","Width":56}}},"ItemInfo":{"ByLineInfo":{"Brand":{"DisplayValue":"Desconocido","Label":"Brand","Locale":"es_ES"},"Manufacturer":{"DisplayValue":"Angela0123","Label":"Manufacturer","Locale":"es_ES"}},"Title":{"DisplayValue":"Disfraz de arnés de pecho ajustable de piel sintética para hombre con hebillas para fiesta, Negro, talla única","Label":"Title","Locale":"es_ES"}},"Offers":{"Summaries":[{"Condition":{"Value":"New"},"LowestPrice":{"Amount":17.73,"Currency":"EUR","DisplayAmount":"17,73 €"}}]}},{"ASIN":"B075STHWPN","DetailPageURL":"https://www.amazon.es/dp/B075STHWPN?tag=topinalambricos-21&linkCode=osi&th=1&psc=1","Images":{"Primary":{"Small":{"Height":75,"URL":"https://m.media-amazon.com/images/I/31lLsNB7KBL._SL75_.jpg","Width":75}}},"ItemInfo":{"ByLineInfo":{"Brand":{"DisplayValue":"iiniim","Label":"Brand","Locale":"es_ES"}},"Title":{"DisplayValue":"iiniim Arnés Hombre Atractivo Cuerpo Arnés de Pecho Traje de los Hombres de Cuero Negro Ajustable Negro Negro Talla Única","Label":"Title","Locale":"es_ES"}},"Offers":{"Summaries":[{"Condition":{"Value":"New"},"LowestPrice":{"Amount":6.99,"Currency":"EUR","DisplayAmount":"6,99 €"}}]}},{"ASIN":"B07MFLY1NG","DetailPageURL":"https://www.amazon.es/dp/B07MFLY1NG?tag=topinalambricos-21&linkCode=osi&th=1&psc=1","Images":{"Primary":{"Small":{"Height":75,"URL":"https://m.media-amazon.com/images/I/410O7fub9-L._SL75_.jpg","Width":75}}},"ItemInfo":{"ByLineInfo":{"Brand":{"DisplayValue":"Pinwe","Label":"Brand","Locale":"es_ES"},"Manufacturer":{"DisplayValue":"Pinwe","Label":"Manufacturer","Locale":"es_ES"}},"Title":{"DisplayValue":"Cinturón de cuero para hombre, cinturón de arnés ajustable con hebilla ajustable, correas de desgaste de club, disfraz, Lm002, Taille unique","Label":"Title","Locale":"es_ES"}},"Offers":{"Summaries":[{"Condition":{"Value":"New"},"LowestPrice":{"Amount":99.64,"Currency":"EUR","DisplayAmount":"99,64 €"}}]}},{"ASIN":"B06VS951K5","DetailPageURL":"https://www.amazon.es/dp/B06VS951K5?tag=topinalambricos-21&linkCode=osi&th=1&psc=1","Images":{"Primary":{"Small":{"Height":75,"URL":"https://m.media-amazon.com/images/I/41F1L+vDc-L._SL75_.jpg","Width":75}}},"ItemInfo":{"ByLineInfo":{"Brand":{"DisplayValue":"iiniim","Label":"Brand","Locale":"es_ES"}},"Title":{"DisplayValue":"iiniim Traje de los Hombres de Cuero Negro Ajustable Cuerpo Arnés de Pecho para los Hombres","Label":"Title","Locale":"es_ES"}},"Offers":{"Summaries":[{"Condition":{"Value":"New"},"LowestPrice":{"Amount":22.09,"Currency":"EUR","DisplayAmount":"22,09 €"}}]}},{"ASIN":"B096K6GQ9K","DetailPageURL":"https://www.amazon.es/dp/B096K6GQ9K?tag=topinalambricos-21&linkCode=osi&th=1&psc=1","Images":{"Primary":{"Small":{"Height":75,"URL":"https://m.media-amazon.com/images/I/31uAxj8ADTS._SL75_.jpg","Width":75}}},"ItemInfo":{"ByLineInfo":{"Brand":{"DisplayValue":"Agoky","Label":"Brand","Locale":"es_ES"}},"Title":{"DisplayValue":"Agoky Arnés de Pecho Hombre Cuero PU Correas de Pecho Cuerpo con Hebillas Cinturón con Anillas Metálicas Clubwear Gótico Punk Steampunk Disfraz de Hombre para Clubwear Fiesta Negro B One Size","Label":"Title","Locale":"es_ES"}},"Offers":{"Summaries":[{"Condition":{"Value":"New"},"LowestPrice":{"Amount":12.49,"Currency":"EUR","DisplayAmount":"12,49 €"}}]}},{"ASIN":"B074PLPWTS","DetailPageURL":"https://www.amazon.es/dp/B074PLPWTS?tag=topinalambricos-21&linkCode=osi&th=1&psc=1","Images":{"Primary":{"Small":{"Height":75,"URL":"https://m.media-amazon.com/images/I/417nGanc5pL._SL75_.jpg","Width":75}}},"ItemInfo":{"ByLineInfo":{"Brand":{"DisplayValue":"YiZYiF","Label":"Brand","Locale":"es_ES"}},"Title":{"DisplayValue":"YiZYiF Arnés de Pecho Hombre Cinturones de Cuero Ajustable Traje de Esclavitud con Hebillas para Hombres","Label":"Title","Locale":"es_ES"}},"Offers":{"Summaries":[{"Condition":{"Value":"New"},"LowestPrice":{"Amount":16.39,"Currency":"EUR","DisplayAmount":"16,39 €"}}]}},{"ASIN":"B0BCTT735W","DetailPageURL":"https://www.amazon.es/dp/B0BCTT735W?tag=topinalambricos-21&linkCode=osi&th=1&psc=1","Images":{"Primary":{"Small":{"Height":75,"URL":"https://m.media-amazon.com/images/I/314DMfUqw5L._SL75_.jpg","Width":75}}},"ItemInfo":{"ByLineInfo":{"Brand":{"DisplayValue":"HoveeLuty","Label":"Brand","Locale":"es_ES"},"Manufacturer":{"DisplayValue":"HoveeLuty","Label":"Manufacturer","Locale":"es_ES"}},"Title":{"DisplayValue":"HoveeLuty Arnés De Pecho De Cuero Ajustable Ajustable De Steampunk para Hombres Hebillas para La Fiesta De Cosplay Halloween, Suministros De Decoración De Halloween","Label":"Title","Locale":"es_ES"}},"Offers":{"Summaries":[{"Condition":{"Value":"New"},"LowestPrice":{"Amount":16.81,"Currency":"EUR","DisplayAmount":"16,81 €"}}]}},{"ASIN":"B09CPDNPX2","DetailPageURL":"https://www.amazon.es/dp/B09CPDNPX2?tag=topinalambricos-21&linkCode=osi&th=1&psc=1","Images":{"Primary":{"Small":{"Height":75,"URL":"https://m.media-amazon.com/images/I/41EHzvdsFGS._SL75_.jpg","Width":75}}},"ItemInfo":{"ByLineInfo":{"Brand":{"DisplayValue":"shenz","Label":"Brand","Locale":"es_ES"},"Manufacturer":{"DisplayValue":"shenz","Label":"Manufacturer","Locale":"es_ES"}},"Title":{"DisplayValue":"shenz Arnés de pecho de cuerpo ajustable para hombre de imitación de cuero chaleco correas tirantes tirantes sexy hombres mujeres cuerpo tirantes, marrón","Label":"Title","Locale":"es_ES"}},"Offers":{"Summaries":[{"Condition":{"Value":"New"},"LowestPrice":{"Amount":10.08,"Currency":"EUR","DisplayAmount":"10,08 €"}}]}},{"ASIN":"B08CDSKFL9","DetailPageURL":"https://www.amazon.es/dp/B08CDSKFL9?tag=topinalambricos-21&linkCode=osi&th=1&psc=1","Images":{"Primary":{"Small":{"Height":75,"URL":"https://m.media-amazon.com/images/I/41krsrSY8HL._SL75_.jpg","Width":75}}},"ItemInfo":{"ByLineInfo":{"Brand":{"DisplayValue":"IEFIEL","Label":"Brand","Locale":"es_ES"}},"Title":{"DisplayValue":"IEFIEL Arnés de Pecho para Hombre Arnés de Cuero con Hebillas Disfraz Punk Gótico Atractivo Chest Muscle Harness Clubwear Negro One Size","Label":"Title","Locale":"es_ES"}},"Offers":{"Summaries":[{"Condition":{"Value":"New"},"LowestPrice":{"Amount":29.99,"Currency":"EUR","DisplayAmount":"29,99 €"}}]}},{"ASIN":"B0BBG5BCTQ","DetailPageURL":"https://www.amazon.es/dp/B0BBG5BCTQ?tag=topinalambricos-21&linkCode=osi&th=1&psc=1","Images":{"Primary":{"Small":{"Height":74,"URL":"https://m.media-amazon.com/images/I/41fw6AJEm6L._SL75_.jpg","Width":75}}},"ItemInfo":{"ByLineInfo":{"Brand":{"DisplayValue":"Naisidier","Label":"Brand","Locale":"es_ES"},"Manufacturer":{"DisplayValue":"Newin Star","Label":"Manufacturer","Locale":"es_ES"}},"Title":{"DisplayValue":"Naisidier Arnés de Pecho del Cuerpo de Cuero Ajustable de Steampunk Ajustable para Hombres con armaduras de Hombro para Fiesta de Cosplay Estilo Halloween 1","Label":"Title","Locale":"es_ES"}},"Offers":{"Summaries":[{"Condition":{"Value":"New"},"LowestPrice":{"Amount":18.74,"Currency":"EUR","DisplayAmount":"18,74 €"}}]}}],"SearchURL":"https://www.amazon.es/s?k=arnes+cuero&rh=n%3A3074492031%2Cp_n_availability%3A-1&tag=topinalambricos-21&linkCode=osi","TotalResultCount":157}},"212":{"SearchResult":{"Items":[{"ASIN":"B08S2W85SN","DetailPageURL":"https://www.amazon.es/dp/B08S2W85SN?tag=topinalambricos-21&linkCode=osi&th=1&psc=1","Images":{"Primary":{"Small":{"Height":75,"URL":"https://m.media-amazon.com/images/I/41oJxcqjihL._SL75_.jpg","Width":75}}},"ItemInfo":{"ByLineInfo":{"Brand":{"DisplayValue":"EXCEART","Label":"Brand","Locale":"es_ES"},"Manufacturer":{"DisplayValue":"EXCEART","Label":"Manufacturer","Locale":"es_ES"}},"Title":{"DisplayValue":"EXCEART Arnés de Cuero Punk para El Muslo Cinturones de Cintura Ajustables Rave Enjaulados Ligueros de Pierna Liguero para Mujeres Niñas Cosplay Show Punk Rock","Label":"Title","Locale":"es_ES"}},"Offers":{"Summaries":[{"Condition":{"Value":"New"},"LowestPrice":{"Amount":10.99,"Currency":"EUR","DisplayAmount":"10,99 €"}}]}},{"ASIN":"B07J2F2RY6","DetailPageURL":"https://www.amazon.es/dp/B07J2F2RY6?tag=topinalambricos-21&linkCode=osi&th=1&psc=1","Images":{"Primary":{"Small":{"Height":75,"URL":"https://m.media-amazon.com/images/I/51ryFeYAfxL._SL75_.jpg","Width":64}}},"ItemInfo":{"ByLineInfo":{"Brand":{"DisplayValue":"keland","Label":"Brand","Locale":"es_ES"}},"Title":{"DisplayValue":"keland Arnés de cuero negro punk sexy jaula Cinturón de ligadura de muslo para mujeres o hombres (Negro-B)","Label":"Title","Locale":"es_ES"}},"Offers":{"Summaries":[{"Condition":{"Value":"New"},"LowestPrice":{"Amount":19.99,"Currency":"EUR","DisplayAmount":"19,99 €"}}]}},{"ASIN":"B086QXPLYT","DetailPageURL":"https://www.amazon.es/dp/B086QXPLYT?tag=topinalambricos-21&linkCode=osi&th=1&psc=1","Images":{"Primary":{"Small":{"Height":75,"URL":"https://m.media-amazon.com/images/I/415VeRoACmL._SL75_.jpg","Width":75}}},"ItemInfo":{"ByLineInfo":{"Brand":{"DisplayValue":"Comius Sharp","Label":"Brand","Locale":"es_ES"},"Manufacturer":{"DisplayValue":"Comius Sharp","Label":"Manufacturer","Locale":"es_ES"}},"Title":{"DisplayValue":"Comius Sharp Leather Garter de arnés para el Muslo, 2 Piezas Goma gótica, Tirantes con tachas, Correas Ajustables con Clip de Metal, Liga, Goma gótica, Decora medias de mujer, [Negro]","Label":"Title","Locale":"es_ES"}},"Offers":{"Summaries":[{"Condition":{"Value":"New"},"LowestPrice":{"Amount":10.99,"Currency":"EUR","DisplayAmount":"10,99 €"}}]}},{"ASIN":"B0B1PVXZXV","DetailPageURL":"https://www.amazon.es/dp/B0B1PVXZXV?tag=topinalambricos-21&linkCode=osi&th=1&psc=1","Images":{"Primary":{"Small":{"Height":75,"URL":"https://m.media-amazon.com/images/I/31BhX9REvJL._SL75_.jpg","Width":75}}},"ItemInfo":{"ByLineInfo":{"Brand":{"DisplayValue":"HXHWKEN","Label":"Brand","Locale":"es_ES"},"Manufacturer":{"DisplayValue":"HXHWKEN","Label":"Manufacturer","Locale":"es_ES"}},"Title":{"DisplayValue":"HXHWKEN 2Pcs Gótico Anillo de la Pierna Liguero de Cuero Punk Arnés de Pierna con Anillo en el Muslo Ajustable para Mujeres Niñas Negro","Label":"Title","Locale":"es_ES"}},"Offers":{"Summaries":[{"Condition":{"Value":"New"},"LowestPrice":{"Amount":11.99,"Currency":"EUR","DisplayAmount":"11,99 € (6,00 € / unidad)","PricePerUnit":6.0}}]}},{"ASIN":"B09D7RNBM8","DetailPageURL":"https://www.amazon.es/dp/B09D7RNBM8?tag=topinalambricos-21&linkCode=osi&th=1&psc=1","Images":{"Primary":{"Small":{"Height":75,"URL":"https://m.media-amazon.com/images/I/31leNb8LsXL._SL75_.jpg","Width":75}}},"ItemInfo":{"ByLineInfo":{"Brand":{"DisplayValue":"Lover Mall","Label":"Brand","Locale":"es_ES"},"Manufacturer":{"DisplayValue":"Lover Mall","Label":"Manufacturer","Locale":"es_ES"}},"Title":{"DisplayValue":"Correa de Pecho Ajustada de Cuero para Mujer con Hebilla de Uso de Club","Label":"Title","Locale":"es_ES"}},"Offers":{"Summaries":[{"Condition":{"Value":"New"},"LowestPrice":{"Amount":31.99,"Currency":"EUR","DisplayAmount":"31,99 €"}}]}},{"ASIN":"B08ML1Z6DQ","DetailPageURL":"https://www.amazon.es/dp/B08ML1Z6DQ?tag=topinalambricos-21&linkCode=osi&th=1&psc=1","Images":{"Primary":{"Small":{"Height":75,"URL":"https://m.media-amazon.com/images/I/41obW-KBCoL._SL75_.jpg","Width":75}}},"ItemInfo":{"ByLineInfo":{"Brand":{"DisplayValue":"dPois","Label":"Brand","Locale":"es_ES"}},"Title":{"DisplayValue":"dPois Arnes de Cuero Pecho Cuerpo Disfraz Armadura para Hombre Cinturón Músculo Sexy Ropa de Fiesta Noche Club Cosplay Harness Negro Talla única","Label":"Title","Locale":"es_ES"}},"Offers":{"Summaries":[{"Condition":{"Value":"New"},"LowestPrice":{"Amount":23.39,"Currency":"EUR","DisplayAmount":"23,39 €"}}]}},{"ASIN":"B0BJ1RN4YS","DetailPageURL":"https://www.amazon.es/dp/B0BJ1RN4YS?tag=topinalambricos-21&linkCode=osi&th=1&psc=1","Images":{"Primary":{"Small":{"Height":75,"URL":"https://m.media-amazon.com/images/I/312kzDCjJtL._SL75_.jpg","Width":75}}},"ItemInfo":{"ByLineInfo":{"Brand":{"DisplayValue":"ELizoop","Label":"Brand","Locale":"es_ES"},"Manufacturer":{"DisplayValue":"ELizoop","Label":"Manufacturer","Locale":"es_ES"}},"Title":{"DisplayValue":"ELizoop Bragas de arnés sin tirantes unisex Brief Boxer, arnés con tirantes para mujeres principiantes (#1)","Label":"Title","Locale":"es_ES"}},"Offers":{"Summaries":[{"Condition":{"Value":"New"},"LowestPrice":{"Amount":20.99,"Currency":"EUR","DisplayAmount":"20,99 €"}}]}},{"ASIN":"B0BC7R4D2R","DetailPageURL":"https://www.amazon.es/dp/B0BC7R4D2R?tag=topinalambricos-21&linkCode=osi&th=1&psc=1","Images":{"Primary":{"Small":{"Height":75,"URL":"https://m.media-amazon.com/images/I/519AmPxUGFL._SL75_.jpg","Width":75}}},"ItemInfo":{"ByLineInfo":{"Brand":{"DisplayValue":"Desconocido","Label":"Brand","Locale":"es_ES"},"Manufacturer":{"DisplayValue":"Angela0123","Label":"Manufacturer","Locale":"es_ES"}},"Title":{"DisplayValue":"Angela0123 - Correa de cuero ajustable para cinturón de piel, gancho giratorio plateado, tirantes, arnés para cuerpo, fiesta de máscaras, para hombres, talla única, Negro -, talla única","Label":"Title","Locale":"es_ES"}},"Offers":{"Summaries":[{"Condition":{"Value":"New"},"LowestPrice":{"Amount":18.63,"Currency":"EUR","DisplayAmount":"18,63 €"}}]}},{"ASIN":"B09NCR6LNY","DetailPageURL":"https://www.amazon.es/dp/B09NCR6LNY?tag=topinalambricos-21&linkCode=osi&th=1&psc=1","Images":{"Primary":{"Small":{"Height":75,"URL":"https://m.media-amazon.com/images/I/41sv7NeLdGL._SL75_.jpg","Width":75}}},"ItemInfo":{"ByLineInfo":{"Brand":{"DisplayValue":"HLYEJFF","Label":"Brand","Locale":"es_ES"},"Manufacturer":{"DisplayValue":"HLYEJFF0000294","Label":"Manufacturer","Locale":"es_ES"}},"Title":{"DisplayValue":"HLYEJFF Cinturón De Arnés De Cuerpo para Hombres Doble-Hombro Cruzada Cuerpo del Pecho del Arnés De La Correa Arnés Los Músculos Cosplay Black","Label":"Title","Locale":"es_ES"}},"Offers":{"Summaries":[{"Condition":{"Value":"New"},"LowestPrice":{"Amount":23.99,"Currency":"EUR","DisplayAmount":"23,99 €"}}]}},{"ASIN":"B09Z2LRLJF","DetailPageURL":"https://www.amazon.es/dp/B09Z2LRLJF?tag=topinalambricos-21&linkCode=osi&th=1&psc=1","Images":{"Primary":{"Small":{"Height":75,"URL":"https://m.media-amazon.com/images/I/31WZoIO0UUL._SL75_.jpg","Width":75}}},"ItemInfo":{"ByLineInfo":{"Brand":{"DisplayValue":"JMMHSS","Label":"Brand","Locale":"es_ES"}},"Title":{"DisplayValue":"JMMHSS Arnés de Cuerpo de PU Punk Harajuku arnés de Cuero Conjunto de Liguero gótico para Mujeres Traje de Baile (Negro)","Label":"Title","Locale":"es_ES"}},"Offers":{"Summaries":[{"Condition":{"Value":"New"},"LowestPrice":{"Amount":25.66,"Currency":"EUR","DisplayAmount":"25,66 €"}}]}}],"SearchURL":"https://www.amazon.es/s?k=arnes+cuero&rh=n%3A3074493031%2Cp_n_availability%3A-1&tag=topinalambricos-21&linkCode=osi","TotalResultCount":1181}},"213":{"SearchResult":{"Items":[{"ASIN":"B0BBRKKLNF","DetailPageURL":"https://www.amazon.es/dp/B0BBRKKLNF?tag=topinalambricos-21&linkCode=osi&th=1&psc=1","Images":{"Primary":{"Small":{"Height":75,"URL":"https://m.media-amazon.com/images/I/41ZeAllc5vL._SL75_.jpg","Width":75}}},"ItemInfo":{"ByLineInfo":{"Brand":{"DisplayValue":"Kokonote","Label":"Brand","Locale":"es_ES"},"Manufacturer":{"DisplayValue":"Grupo Erik","Label":"Manufacturer","Locale":"es_ES"}},"Title":{"DisplayValue":"Agenda 2023 día por página Grunge - Agenda cuero reciclado y tinta ecológica - Agenda anual 2023 - Agenda universidad - Planner 2023 - Agenda Kokonote 2023","Label":"Title","Locale":"es_ES"}},"Offers":{"Summaries":[{"Condition":{"Value":"Used"},"LowestPrice":{"Amount":18.81,"Currency":"EUR","DisplayAmount":"18,81 €"}},{"Condition":{"Value":"New"},"LowestPrice":{"Amount":24.8,"Currency":"EUR","DisplayAmount":"24,80 €"}}]}},{"ASIN":"B0B5YVVKVX","DetailPageURL":"https://www.amazon.es/dp/B0B5YVVKVX?tag=topinalambricos-21&linkCode=osi&th=1&psc=1","Images":{"Primary":{"Small":{"Height":75,"URL":"https://m.media-amazon.com/images/I/41J6fNIghCL._SL75_.jpg","Width":75}}},"ItemInfo":{"ByLineInfo":{"Brand":{"DisplayValue":"POPRUN","Label":"Brand","Locale":"es_ES"}},"Title":{"DisplayValue":"POPRUN Agenda 2023 Semana Vista Vertical Espiral 16,5 x 21,5 cm - Planificador 2023 Semanal A5 con Pestañas Mensuales, Tapa Blanda en Cuero Vegano y 100 gsm Papel Certificado FSC® - Marrón","Label":"Title","Locale":"es_ES"}},"Offers":{"Summaries":[{"Condition":{"Value":"New"},"LowestPrice":{"Amount":17.99,"Currency":"EUR","DisplayAmount":"17,99 €"}}]}},{"ASIN":"B0B5YVYX63","DetailPageURL":"https://www.amazon.es/dp/B0B5YVYX63?tag=topinalambricos-21&linkCode=osi&th=1&psc=1","Images":{"Primary":{"Small":{"Height":75,"URL":"https://m.media-amazon.com/images/I/317xJHRUJ5L._SL75_.jpg","Width":75}}},"ItemInfo":{"ByLineInfo":{"Brand":{"DisplayValue":"POPRUN","Label":"Brand","Locale":"es_ES"}},"Title":{"DisplayValue":"POPRUN Agenda 2023 Semana Vista Vertical 16,5 x 21,5 cm - Planificador 2023 Semanal A5 con Pestañas Mensuales, Tapa Blanda en Cuero Vegano y 100 gsm Papel Certificado FSC® - Marrón","Label":"Title","Locale":"es_ES"}},"Offers":{"Summaries":[{"Condition":{"Value":"New"},"LowestPrice":{"Amount":15.29,"Currency":"EUR","DisplayAmount":"15,29 €"}}]}},{"ASIN":"B0BPYM9TNF","DetailPageURL":"https://www.amazon.es/dp/B0BPYM9TNF?tag=topinalambricos-21&linkCode=osi&th=1&psc=1","Images":{"Primary":{"Small":{"Height":75,"URL":"https://m.media-amazon.com/images/I/41ymtRNpikL._SL75_.jpg","Width":75}}},"ItemInfo":{"ByLineInfo":{"Brand":{"DisplayValue":"QE'MONO","Label":"Brand","Locale":"es_ES"}},"Title":{"DisplayValue":"Dietario 2023 dia por pagina EXECUTIVE de cuero vegano y tapa dura. Incluye bolígrafo de tinta liquida y posits. Agenda 2023 de folio amarillo para apuntes largos. Planificador diario 365 dias","Label":"Title","Locale":"es_ES"}},"Offers":{"Summaries":[{"Condition":{"Value":"New"},"LowestPrice":{"Amount":13.99,"Currency":"EUR","DisplayAmount":"13,99 €"}}]}},{"ASIN":"B0B7SLWVJC","DetailPageURL":"https://www.amazon.es/dp/B0B7SLWVJC?tag=topinalambricos-21&linkCode=osi&th=1&psc=1","Images":{"Primary":{"Small":{"Height":75,"URL":"https://m.media-amazon.com/images/I/21ie5Sghb7L._SL75_.jpg","Width":65}}},"ItemInfo":{"ByLineInfo":{"Brand":{"DisplayValue":"KUNNUI","Label":"Brand","Locale":"es_ES"},"Manufacturer":{"DisplayValue":"KUNNUI","Label":"Manufacturer","Locale":"es_ES"}},"Title":{"DisplayValue":"Kunnui - Agenda Enero 2023 Diciembre 2023 - Cuero regenerado - Semana Vista - Tamaño 15x21 (A5) - Bilingüe: Español - Inglés - Clay","Label":"Title","Locale":"es_ES"}},"Offers":{"Summaries":[{"Condition":{"Value":"New"},"LowestPrice":{"Amount":10.95,"Currency":"EUR","DisplayAmount":"10,95 €"}}]}},{"ASIN":"B0B97W5F6L","DetailPageURL":"https://www.amazon.es/dp/B0B97W5F6L?tag=topinalambricos-21&linkCode=osi&th=1&psc=1","Images":{"Primary":{"Small":{"Height":75,"URL":"https://m.media-amazon.com/images/I/21PS0Mq-dXL._SL75_.jpg","Width":65}}},"ItemInfo":{"ByLineInfo":{"Brand":{"DisplayValue":"PaperTrac","Label":"Brand","Locale":"es_ES"},"Manufacturer":{"DisplayValue":"PaperTrac","Label":"Manufacturer","Locale":"es_ES"}},"Title":{"DisplayValue":"Papertrac - Agenda Enero 2023 Diciembre 2023 - Flex-o Cuero - Semana Vista Vertical - Tamaño: 15x21 cm (A5) - Idioma: Español - Inglés – Havana","Label":"Title","Locale":"es_ES"}},"Offers":{"Summaries":[{"Condition":{"Value":"New"},"LowestPrice":{"Amount":7.95,"Currency":"EUR","DisplayAmount":"7,95 €"}}]}},{"ASIN":"B0B7SKMWGB","DetailPageURL":"https://www.amazon.es/dp/B0B7SKMWGB?tag=topinalambricos-21&linkCode=osi&th=1&psc=1","Images":{"Primary":{"Small":{"Height":75,"URL":"https://m.media-amazon.com/images/I/31P0nGQEYpL._SL75_.jpg","Width":65}}},"ItemInfo":{"ByLineInfo":{"Brand":{"DisplayValue":"KUNNUI","Label":"Brand","Locale":"es_ES"},"Manufacturer":{"DisplayValue":"Tractiman","Label":"Manufacturer","Locale":"es_ES"}},"Title":{"DisplayValue":"Kunnui - Agenda Enero 2023 Diciembre 2023 - Cuero regenerado - Día Página - Tamaño 15x21 (A5) - Bilingüe: Español - Inglés - Dark Twist","Label":"Title","Locale":"es_ES"}},"Offers":{"Summaries":[{"Condition":{"Value":"New"},"LowestPrice":{"Amount":13.95,"Currency":"EUR","DisplayAmount":"13,95 €"}}]}},{"ASIN":"B09XBF4BLJ","DetailPageURL":"https://www.amazon.es/dp/B09XBF4BLJ?tag=topinalambricos-21&linkCode=osi&th=1&psc=1","Images":{"Primary":{"Small":{"Height":75,"URL":"https://m.media-amazon.com/images/I/21WkBbcnhJL._SL75_.jpg","Width":65}}},"ItemInfo":{"ByLineInfo":{"Brand":{"DisplayValue":"KUNNUI","Label":"Brand","Locale":"es_ES"},"Manufacturer":{"DisplayValue":"Tractiman","Label":"Manufacturer","Locale":"es_ES"}},"Title":{"DisplayValue":"Agenda 2022 2023 - Cuero Regenerado - Ocean - Día Página - Tamaño A5 - 15 x 21 cm - Idioma: Español - Inglés - Incluye dos cintas de registro y pegatinas – Kunnui","Label":"Title","Locale":"es_ES"}},"Offers":{"Summaries":[{"Condition":{"Value":"New"},"LowestPrice":{"Amount":9.86,"Currency":"EUR","DisplayAmount":"9,86 €"}}]}},{"ASIN":"B0BF5HSZ14","DetailPageURL":"https://www.amazon.es/dp/B0BF5HSZ14?tag=topinalambricos-21&linkCode=osi&th=1&psc=1","Images":{"Primary":{"Small":{"Height":75,"URL":"https://m.media-amazon.com/images/I/41-PyBn9h2L._SL75_.jpg","Width":75}}},"ItemInfo":{"ByLineInfo":{"Brand":{"DisplayValue":"BEZEND","Label":"Brand","Locale":"es_ES"},"Manufacturer":{"DisplayValue":"dongguanchuangmeizhizhipinyouxiangongsi","Label":"Manufacturer","Locale":"es_ES"}},"Title":{"DisplayValue":"BEZEND Agenda 2023 Semana Vista Pequeña 9 x 15,5 cm [Rosa] Agenda de Bolsillo Anual 2023 A6 con Papel Certificado FSC® de 80 g/m² & Tapa Dura de Cuero PU","Label":"Title","Locale":"es_ES"}},"Offers":{"Summaries":[{"Condition":{"Value":"New"},"LowestPrice":{"Amount":10.99,"Currency":"EUR","DisplayAmount":"10,99 €"}}]}},{"ASIN":"B09LDGGYWQ","DetailPageURL":"https://www.amazon.es/dp/B09LDGGYWQ?tag=topinalambricos-21&linkCode=osi&th=1&psc=1","Images":{"Primary":{"Small":{"Height":75,"URL":"https://m.media-amazon.com/images/I/316eiDxJ+RL._SL75_.jpg","Width":75}}},"ItemInfo":{"ByLineInfo":{"Brand":{"DisplayValue":"PROMO SHOP","Label":"Brand","Locale":"es_ES"},"Manufacturer":{"DisplayValue":"promo shop","Label":"Manufacturer","Locale":"es_ES"}},"Title":{"DisplayValue":"Elegante Agenda Blanca 2023 PERSONALIZADA con tu nombre. Tapa Dura Acolchada de Polipiel, 12 Meses, Página por día de Lunes a Viernes, Mapa de España, Tamaño A5, Marca páginas incluido","Label":"Title","Locale":"es_ES"}},"Offers":{"Summaries":[{"Condition":{"Value":"New"},"LowestPrice":{"Amount":15.9,"Currency":"EUR","DisplayAmount":"15,90 €"}}]}}],"SearchURL":"https://www.amazon.es/s?k=agenda+cuero&rh=n%3A4352809031%2Cp_n_availability%3A-1&tag=topinalambricos-21&linkCode=osi","TotalResultCount":3132}},"214":{"SearchResult":{"Items":[{"ASIN":"B09T6QJT5K","DetailPageURL":"https://www.amazon.es/dp/B09T6QJT5K?tag=topinalambricos-21&linkCode=osi&th=1&psc=1","Images":{"Primary":{"Small":{"Height":75,"URL":"https://m.media-amazon.com/images/I/31HbOCmf+xL._SL75_.jpg","Width":75}}},"ItemInfo":{"ByLineInfo":{"Brand":{"DisplayValue":"smatime","Label":"Brand","Locale":"es_ES"},"Manufacturer":{"DisplayValue":"smatime","Label":"Manufacturer","Locale":"es_ES"}},"Title":{"DisplayValue":"Bolsas de Documentos Carpetas para Archivo Documentos A4 Bolsa de Archivo en Cuero PU Bolsa de Almacenamiento Organizador de Documentos Carpeta Sobre Portafolios para Viaje Oficina Estudiantes, Marrón","Label":"Title","Locale":"es_ES"}},"Offers":{"Summaries":[{"Condition":{"Value":"New"},"LowestPrice":{"Amount":10.59,"Currency":"EUR","DisplayAmount":"10,59 €"}}]}},{"ASIN":"B0879HW92J","DetailPageURL":"https://www.amazon.es/dp/B0879HW92J?tag=topinalambricos-21&linkCode=osi&th=1&psc=1","Images":{"Primary":{"Small":{"Height":75,"URL":"https://m.media-amazon.com/images/I/31KAB3ZOfmL._SL75_.jpg","Width":75}}},"ItemInfo":{"ByLineInfo":{"Brand":{"DisplayValue":"Wonderpool","Label":"Brand","Locale":"es_ES"},"Manufacturer":{"DisplayValue":"Wonderpool","Label":"Manufacturer","Locale":"es_ES"}},"Title":{"DisplayValue":"Wonderpool A4 PU cuero sobre documentos multifunción carpetas papelería bolsa - Archivo de cartera para organizador de cartas de papel y funda para tablet PC (Marrón)","Label":"Title","Locale":"es_ES"}},"Offers":{"Summaries":[{"Condition":{"Value":"New"},"LowestPrice":{"Amount":16.31,"Currency":"EUR","DisplayAmount":"16,31 €"}}]}},{"ASIN":"B08MCWBYNL","DetailPageURL":"https://www.amazon.es/dp/B08MCWBYNL?tag=topinalambricos-21&linkCode=osi&th=1&psc=1","Images":{"Primary":{"Small":{"Height":75,"URL":"https://m.media-amazon.com/images/I/519nM3lKs6S._SL75_.jpg","Width":75}}},"ItemInfo":{"ByLineInfo":{"Brand":{"DisplayValue":"Kakix","Label":"Brand","Locale":"es_ES"},"Manufacturer":{"DisplayValue":"Kakix","Label":"Manufacturer","Locale":"es_ES"}},"Title":{"DisplayValue":"Carpeta de piel sintética A4, tamaño A5, carteras, bolsas de notas, bolsas de cuero de negocios, carpetas de oficina, organizador de papelería, estuche de lápices","Label":"Title","Locale":"es_ES"}},"Offers":{"Summaries":[{"Condition":{"Value":"New"},"LowestPrice":{"Amount":18.99,"Currency":"EUR","DisplayAmount":"18,99 €"}}]}},{"ASIN":"B09WDKNL2G","DetailPageURL":"https://www.amazon.es/dp/B09WDKNL2G?tag=topinalambricos-21&linkCode=osi&th=1&psc=1","Images":{"Primary":{"Small":{"Height":75,"URL":"https://m.media-amazon.com/images/I/31zwzUnhuDL._SL75_.jpg","Width":75}}},"ItemInfo":{"ByLineInfo":{"Brand":{"DisplayValue":"emperoch","Label":"Brand","Locale":"es_ES"},"Manufacturer":{"DisplayValue":"emperoch","Label":"Manufacturer","Locale":"es_ES"}},"Title":{"DisplayValue":"Carpeta de Piel Sintética A4 Bolsas de Documentos de Cuero PU Carpeta Sobre Portafolios A4 Bolsillos Documentos Organizador Porta Archivo de Cartera para Escuela,Trabajo,Oficina y Hogar (MARRÓN)","Label":"Title","Locale":"es_ES"}},"Offers":{"Summaries":[{"Condition":{"Value":"New"},"LowestPrice":{"Amount":8.99,"Currency":"EUR","DisplayAmount":"8,99 €"}}]}},{"ASIN":"B01IVH6M9G","DetailPageURL":"https://www.amazon.es/dp/B01IVH6M9G?tag=topinalambricos-21&linkCode=osi&th=1&psc=1","Images":{"Primary":{"Small":{"Height":64,"URL":"https://m.media-amazon.com/images/I/51WzI-tRvLL._SL75_.jpg","Width":75}}},"ItemInfo":{"ByLineInfo":{"Brand":{"DisplayValue":"DOHE","Label":"Brand","Locale":"es_ES"},"Manufacturer":{"DisplayValue":"Dohe","Label":"Manufacturer","Locale":"es_ES"}},"Title":{"DisplayValue":"Dohe 9566 - Carpeta cuero forrado, 2 anillas de 25 mm, cuarto apaisado","Label":"Title","Locale":"es_ES"}},"Offers":{"Summaries":[{"Condition":{"Value":"New"},"LowestPrice":{"Amount":3.32,"Currency":"EUR","DisplayAmount":"3,32 €"}}]}},{"ASIN":"B08QMBQD2L","DetailPageURL":"https://www.amazon.es/dp/B08QMBQD2L?tag=topinalambricos-21&linkCode=osi&th=1&psc=1","Images":{"Primary":{"Small":{"Height":75,"URL":"https://m.media-amazon.com/images/I/41uOh75U-hL._SL75_.jpg","Width":75}}},"ItemInfo":{"ByLineInfo":{"Brand":{"DisplayValue":"Mymazn","Label":"Brand","Locale":"es_ES"},"Manufacturer":{"DisplayValue":"Mymazn","Label":"Manufacturer","Locale":"es_ES"}},"Title":{"DisplayValue":"Mymazn Carpeta con Pinza A4, Carpeta Portadocumentos A4,Carpeta Portafolios A4,Carpeta de Piel, Protège-document Pour Bloc-notes Standard de Format A4 Avec Poche Intérieure（Rojo）","Label":"Title","Locale":"es_ES"}},"Offers":{"Summaries":[{"Condition":{"Value":"New"},"LowestPrice":{"Amount":20.99,"Currency":"EUR","DisplayAmount":"20,99 €"}}]}},{"ASIN":"B0B4PQVXD3","DetailPageURL":"https://www.amazon.es/dp/B0B4PQVXD3?tag=topinalambricos-21&linkCode=osi&th=1&psc=1","Images":{"Primary":{"Small":{"Height":75,"URL":"https://m.media-amazon.com/images/I/31DlQIPgjbL._SL75_.jpg","Width":75}}},"ItemInfo":{"ByLineInfo":{"Brand":{"DisplayValue":"HEAIQUYC","Label":"Brand","Locale":"es_ES"},"Manufacturer":{"DisplayValue":"HEAIQUYC","Label":"Manufacturer","Locale":"es_ES"}},"Title":{"DisplayValue":"Carpeta Para Documentos A4 De Piel Bolsas Organizadoras De Documentos De Sobre Carpeta De Piel Sintética A4 Carpeta De Documentos De Piel Sintética Para Oficina Escolar Documentos Carpeta De Archivos","Label":"Title","Locale":"es_ES"}},"Offers":{"Summaries":[{"Condition":{"Value":"New"},"LowestPrice":{"Amount":15.99,"Currency":"EUR","DisplayAmount":"15,99 €"}}]}},{"ASIN":"B01IVH896K","DetailPageURL":"https://www.amazon.es/dp/B01IVH896K?tag=topinalambricos-21&linkCode=osi&th=1&psc=1","Images":{"Primary":{"Small":{"Height":75,"URL":"https://m.media-amazon.com/images/I/31s94H4g8lL._SL75_.jpg","Width":75}}},"ItemInfo":{"ByLineInfo":{"Brand":{"DisplayValue":"DOHE","Label":"Brand","Locale":"es_ES"},"Manufacturer":{"DisplayValue":"Dohe","Label":"Manufacturer","Locale":"es_ES"}},"Title":{"DisplayValue":"Dohe 10263 - Carpeta acordeón, cuarto, color burdeos","Label":"Title","Locale":"es_ES"}},"Offers":{"Summaries":[{"Condition":{"Value":"New"},"LowestPrice":{"Amount":13.52,"Currency":"EUR","DisplayAmount":"13,52 €"}}]}},{"ASIN":"B0B1MHMYH3","DetailPageURL":"https://www.amazon.es/dp/B0B1MHMYH3?tag=topinalambricos-21&linkCode=osi&th=1&psc=1","Images":{"Primary":{"Small":{"Height":75,"URL":"https://m.media-amazon.com/images/I/41unjqiRYuL._SL75_.jpg","Width":75}}},"ItemInfo":{"ByLineInfo":{"Brand":{"DisplayValue":"kwmobile","Label":"Brand","Locale":"es_ES"},"Manufacturer":{"DisplayValue":"KW-Commerce","Label":"Manufacturer","Locale":"es_ES"}},"Title":{"DisplayValue":"kwmobile Carpeta para documentos de fieltro - Portadocumentos A4 y organizador de tela y cuero sintético para papeles facturas sobres archivos","Label":"Title","Locale":"es_ES"}},"Offers":{"Summaries":[{"Condition":{"Value":"New"},"LowestPrice":{"Amount":20.99,"Currency":"EUR","DisplayAmount":"20,99 €"}}]}},{"ASIN":"B07QZ444JY","DetailPageURL":"https://www.amazon.es/dp/B07QZ444JY?tag=topinalambricos-21&linkCode=osi&th=1&psc=1","Images":{"Primary":{"Small":{"Height":56,"URL":"https://m.media-amazon.com/images/I/418zWhQlP7L._SL75_.jpg","Width":75}}},"ItemInfo":{"ByLineInfo":{"Brand":{"DisplayValue":"Time Resistance","Label":"Brand","Locale":"es_ES"},"Manufacturer":{"DisplayValue":"Time Resistance","Label":"Manufacturer","Locale":"es_ES"}},"Title":{"DisplayValue":"Time Resistance Portadocumentos de Piel para Mujer y Hombre - Portafolios de Cuero Aunténtico de Vachetta, Hecho a Mano - Ideal para Llevar Todo lo Que Necesitas, Color Verde","Label":"Title","Locale":"es_ES"}},"Offers":{"Summaries":[{"Condition":{"Value":"New"},"LowestPrice":{"Amount":148.0,"Currency":"EUR","DisplayAmount":"148,00 €"}}]}}],"SearchURL":"https://www.amazon.es/s?k=carpeta+cuero&rh=n%3A4353002031%2Cp_n_availability%3A-1&tag=topinalambricos-21&linkCode=osi","TotalResultCount":5695}},"217":{"SearchResult":{"Items":[{"ASIN":"B07CYZDSTH","DetailPageURL":"https://www.amazon.es/dp/B07CYZDSTH?tag=topinalambricos-21&linkCode=osi&th=1&psc=1","Images":{"Primary":{"Small":{"Height":61,"URL":"https://m.media-amazon.com/images/I/41il6-QTbML._SL75_.jpg","Width":75}}},"ItemInfo":{"ByLineInfo":{"Brand":{"DisplayValue":"Zerimar","Label":"Brand","Locale":"es_ES"},"Manufacturer":{"DisplayValue":"Zerimar","Label":"Manufacturer","Locale":"es_ES"}},"Title":{"DisplayValue":"Zerimar Sandalias Trekking Piel | Sandalias Cuero Deportivas | Sandalias Senderismo para Hombre | Sandalias de Verano para Hombre | Color Azul marino Talla 43","Label":"Title","Locale":"es_ES"}},"Offers":{"Summaries":[{"Condition":{"Value":"New"},"LowestPrice":{"Amount":69.99,"Currency":"EUR","DisplayAmount":"69,99 €"}}]}},{"ASIN":"B07RZQG3ZJ","DetailPageURL":"https://www.amazon.es/dp/B07RZQG3ZJ?tag=topinalambricos-21&linkCode=osi&th=1&psc=1","Images":{"Primary":{"Small":{"Height":69,"URL":"https://m.media-amazon.com/images/I/41RvkHKj82L._SL75_.jpg","Width":75}}},"ItemInfo":{"ByLineInfo":{"Brand":{"DisplayValue":"Zerimar","Label":"Brand","Locale":"es_ES"},"Manufacturer":{"DisplayValue":"Zerimar","Label":"Manufacturer","Locale":"es_ES"}},"Title":{"DisplayValue":"Zerimar Sandalias Deportivas Cuero | Calzado Trekking Verano | Sandalias Hombre Deportivas | Sandalias Verano | Sandalias Senderismo Piel | Color: Oliva Talla 43","Label":"Title","Locale":"es_ES"}},"Offers":{"Summaries":[{"Condition":{"Value":"New"},"LowestPrice":{"Amount":49.99,"Currency":"EUR","DisplayAmount":"49,99 €"}}]}},{"ASIN":"B08ZYR1LKT","DetailPageURL":"https://www.amazon.es/dp/B08ZYR1LKT?tag=topinalambricos-21&linkCode=osi&th=1&psc=1","Images":{"Primary":{"Small":{"Height":62,"URL":"https://m.media-amazon.com/images/I/41KoRJFZaVL._SL75_.jpg","Width":75}}},"ItemInfo":{"ByLineInfo":{"Brand":{"DisplayValue":"Zerimar","Label":"Brand","Locale":"es_ES"},"Manufacturer":{"DisplayValue":"Zerimar","Label":"Manufacturer","Locale":"es_ES"}},"Title":{"DisplayValue":"Zerimar Sandalias Senderismo | Sandalias Hombre Verano | Sandalias Trekking Piel | Sandalias de Cuero para Senderismo | Sandalias Deportivas Cuero | Color Marron Talla 46","Label":"Title","Locale":"es_ES"}},"Offers":{"Summaries":[{"Condition":{"Value":"New"},"LowestPrice":{"Amount":49.99,"Currency":"EUR","DisplayAmount":"49,99 €"}}]}},{"ASIN":"B095Y1ZJ65","DetailPageURL":"https://www.amazon.es/dp/B095Y1ZJ65?tag=topinalambricos-21&linkCode=osi&th=1&psc=1","Images":{"Primary":{"Small":{"Height":75,"URL":"https://m.media-amazon.com/images/I/514IxIwkU3L._SL75_.jpg","Width":75}}},"ItemInfo":{"ByLineInfo":{"Brand":{"DisplayValue":"GILKUO","Label":"Brand","Locale":"es_ES"}},"Title":{"DisplayValue":"GILKUO Sandalias Hombre Verano Cuero Piel Deportivas Sandalias de Trekking Senderismo Punta Abierta Marrón Claro 51","Label":"Title","Locale":"es_ES"}},"Offers":{"Summaries":[{"Condition":{"Value":"New"},"LowestPrice":{"Amount":49.98,"Currency":"EUR","DisplayAmount":"49,98 €"}}]}},{"ASIN":"B094RDFCB2","DetailPageURL":"https://www.amazon.es/dp/B094RDFCB2?tag=topinalambricos-21&linkCode=osi&th=1&psc=1","Images":{"Primary":{"Small":{"Height":75,"URL":"https://m.media-amazon.com/images/I/51JlbWHrtlL._SL75_.jpg","Width":75}}},"ItemInfo":{"ByLineInfo":{"Brand":{"DisplayValue":"GILKUO","Label":"Brand","Locale":"es_ES"}},"Title":{"DisplayValue":"GILKUO Sandalias Hombre Piel Cuero Verano Deportivas Trekking Senderismo Playa Piscina Sandalias con Punta Abierta Marrón Talla 43","Label":"Title","Locale":"es_ES"}},"Offers":{"Summaries":[{"Condition":{"Value":"New"},"LowestPrice":{"Amount":49.98,"Currency":"EUR","DisplayAmount":"49,98 €"}}]}},{"ASIN":"B00OASW66E","DetailPageURL":"https://www.amazon.es/dp/B00OASW66E?tag=topinalambricos-21&linkCode=osi&th=1&psc=1","Images":{"Primary":{"Small":{"Height":42,"URL":"https://m.media-amazon.com/images/I/41KjxPW8ncL._SL75_.jpg","Width":75}}},"ItemInfo":{"ByLineInfo":{"Brand":{"DisplayValue":"ECCO","Label":"Brand","Locale":"es_ES"},"Contributors":[{"Locale":"es_ES","Name":"Ecco","Role":"Diseñador","RoleType":"designer"}],"Manufacturer":{"DisplayValue":"Ecco","Label":"Manufacturer","Locale":"es_ES"}},"Title":{"DisplayValue":"ECCO Yucatan M, Sandalias Hombre, Cocoa Brown, 41 EU","Label":"Title","Locale":"es_ES"}},"Offers":{"Summaries":[{"Condition":{"Value":"New"},"LowestPrice":{"Amount":71.72,"Currency":"EUR","DisplayAmount":"71,72 €"}}]}},{"ASIN":"B00M0M5NVC","DetailPageURL":"https://www.amazon.es/dp/B00M0M5NVC?tag=topinalambricos-21&linkCode=osi&th=1&psc=1","Images":{"Primary":{"Small":{"Height":75,"URL":"https://m.media-amazon.com/images/I/414iF3BQMDL._SL75_.jpg","Width":75}}},"ItemInfo":{"ByLineInfo":{"Brand":{"DisplayValue":"Keen","Label":"Brand","Locale":"es_ES"},"Manufacturer":{"DisplayValue":"Keen","Label":"Manufacturer","Locale":"es_ES"}},"Title":{"DisplayValue":"KEEN Clearwater Cnx Leather, Sandalias de Senderismo, Hombre, Marrón (Black Dark Earth), 46 EU","Label":"Title","Locale":"es_ES"}},"Offers":{"Summaries":[{"Condition":{"Value":"New"},"LowestPrice":{"Amount":85.35,"Currency":"EUR","DisplayAmount":"85,35 €"}}]}},{"ASIN":"B0827Z5S4Y","DetailPageURL":"https://www.amazon.es/dp/B0827Z5S4Y?tag=topinalambricos-21&linkCode=osi&th=1&psc=1","Images":{"Primary":{"Small":{"Height":68,"URL":"https://m.media-amazon.com/images/I/41Ec3UtrpqL._SL75_.jpg","Width":75}}},"ItemInfo":{"ByLineInfo":{"Brand":{"DisplayValue":"Zerimar","Label":"Brand","Locale":"es_ES"}},"Title":{"DisplayValue":"Zerimar Sandalias Piel | Sandalias Hombre | Sandalias Trekking Hombre | Sandalias Hombre Senderismo | Sandalias Hombre Cuero | Sandalias Hombre Verano | Color Marron Talla 42","Label":"Title","Locale":"es_ES"}},"Offers":{"Summaries":[{"Condition":{"Value":"New"},"LowestPrice":{"Amount":69.99,"Currency":"EUR","DisplayAmount":"69,99 €"}}]}},{"ASIN":"B006O38BF8","DetailPageURL":"https://www.amazon.es/dp/B006O38BF8?tag=topinalambricos-21&linkCode=osi&th=1&psc=1","Images":{"Primary":{"Small":{"Height":22,"URL":"https://m.media-amazon.com/images/I/31+tHSGzaXL._SL75_.jpg","Width":75}}},"ItemInfo":{"ByLineInfo":{"Brand":{"DisplayValue":"Reef","Label":"Brand","Locale":"es_ES"},"Manufacturer":{"DisplayValue":"Reef","Label":"Manufacturer","Locale":"es_ES"}},"Title":{"DisplayValue":"Reef R2611BZB Chanclas de Cuero para Hombre, Color Marrón, Talla 36","Label":"Title","Locale":"es_ES"}},"Offers":{"Summaries":[{"Condition":{"Value":"New"},"LowestPrice":{"Amount":29.9,"Currency":"EUR","DisplayAmount":"29,90 €"}}]}},{"ASIN":"B098QTH5TT","DetailPageURL":"https://www.amazon.es/dp/B098QTH5TT?tag=topinalambricos-21&linkCode=osi&th=1&psc=1","Images":{"Primary":{"Small":{"Height":38,"URL":"https://m.media-amazon.com/images/I/31n4e9clK-L._SL75_.jpg","Width":75}}},"ItemInfo":{"ByLineInfo":{"Brand":{"DisplayValue":"Clarks","Label":"Brand","Locale":"es_ES"},"Manufacturer":{"DisplayValue":"Clarks","Label":"Manufacturer","Locale":"es_ES"}},"Title":{"DisplayValue":"Clarks Wesley Bay, Sandalia, para Hombre, Negro (Black), 39.5 EU","Label":"Title","Locale":"es_ES"}},"Offers":{"Summaries":[{"Condition":{"Value":"New"},"LowestPrice":{"Amount":17.3,"Currency":"EUR","DisplayAmount":"17,30 €"}}]}}],"SearchURL":"https://www.amazon.es/s?k=cuero+piel&rh=n%3A2008149031%2Cp_n_availability%3A-1&tag=topinalambricos-21&linkCode=osi","TotalResultCount":285}},"218":{"SearchResult":{"Items":[{"ASIN":"B099JZSYQ1","DetailPageURL":"https://www.amazon.es/dp/B099JZSYQ1?tag=topinalambricos-21&linkCode=osi&th=1&psc=1","Images":{"Primary":{"Small":{"Height":65,"URL":"https://m.media-amazon.com/images/I/413sfvhYAsL._SL75_.jpg","Width":75}}},"ItemInfo":{"ByLineInfo":{"Brand":{"DisplayValue":"MTNG","Label":"Brand","Locale":"es_ES"},"Manufacturer":{"DisplayValue":"MTNG EUROPE EXPERIENCE SLU","Label":"Manufacturer","Locale":"es_ES"}},"Title":{"DisplayValue":"MTNG Sandalia 50437 C51293 Burnish Leather Cuero 38, Mujer, Negro, EU","Label":"Title","Locale":"es_ES"}},"Offers":{"Summaries":[{"Condition":{"Value":"New"},"LowestPrice":{"Amount":20.7,"Currency":"EUR","DisplayAmount":"20,70 €"}}]}},{"ASIN":"B09995F4Q7","DetailPageURL":"https://www.amazon.es/dp/B09995F4Q7?tag=topinalambricos-21&linkCode=osi&th=1&psc=1","Images":{"Primary":{"Small":{"Height":75,"URL":"https://m.media-amazon.com/images/I/31z+zEnGtPL._SL75_.jpg","Width":75}}},"ItemInfo":{"ByLineInfo":{"Brand":{"DisplayValue":"GIOSEPPO","Label":"Brand","Locale":"es_ES"},"Manufacturer":{"DisplayValue":"Gioseppo SLU","Label":"Manufacturer","Locale":"es_ES"}},"Title":{"DisplayValue":"GIOSEPPO BACURI, Sandalia Mujer, Cuero, 37 EU","Label":"Title","Locale":"es_ES"}},"Offers":{"Summaries":[{"Condition":{"Value":"New"},"LowestPrice":{"Amount":37.74,"Currency":"EUR","DisplayAmount":"37,74 €"}}]}},{"ASIN":"B096NTBYV4","DetailPageURL":"https://www.amazon.es/dp/B096NTBYV4?tag=topinalambricos-21&linkCode=osi&th=1&psc=1","Images":{"Primary":{"Small":{"Height":46,"URL":"https://m.media-amazon.com/images/I/31oO5R19-0L._SL75_.jpg","Width":75}}},"ItemInfo":{"ByLineInfo":{"Brand":{"DisplayValue":"Geox","Label":"Brand","Locale":"es_ES"},"Manufacturer":{"DisplayValue":"Geox","Label":"Manufacturer","Locale":"es_ES"}},"Title":{"DisplayValue":"Geox D Diantha C, Sandalias para Mujer, Marrón (Cognac) , 38 EU","Label":"Title","Locale":"es_ES"}},"Offers":{"Summaries":[{"Condition":{"Value":"New"},"LowestPrice":{"Amount":78.5,"Currency":"EUR","DisplayAmount":"78,50 €"}}]}},{"ASIN":"B09994S872","DetailPageURL":"https://www.amazon.es/dp/B09994S872?tag=topinalambricos-21&linkCode=osi&th=1&psc=1","Images":{"Primary":{"Small":{"Height":75,"URL":"https://m.media-amazon.com/images/I/41ZmuEQWeQL._SL75_.jpg","Width":75}}},"ItemInfo":{"ByLineInfo":{"Brand":{"DisplayValue":"GIOSEPPO","Label":"Brand","Locale":"es_ES"},"Manufacturer":{"DisplayValue":"Gioseppo SLU","Label":"Manufacturer","Locale":"es_ES"}},"Title":{"DisplayValue":"Gioseppo IOTA, Sandalias Planas Mujer, Cuero, 36 EU","Label":"Title","Locale":"es_ES"}},"Offers":{"Summaries":[{"Condition":{"Value":"New"},"LowestPrice":{"Amount":35.0,"Currency":"EUR","DisplayAmount":"35,00 €"}}]}},{"ASIN":"B09995H3P4","DetailPageURL":"https://www.amazon.es/dp/B09995H3P4?tag=topinalambricos-21&linkCode=osi&th=1&psc=1","Images":{"Primary":{"Small":{"Height":75,"URL":"https://m.media-amazon.com/images/I/31d9RFibIOL._SL75_.jpg","Width":75}}},"ItemInfo":{"ByLineInfo":{"Brand":{"DisplayValue":"GIOSEPPO","Label":"Brand","Locale":"es_ES"},"Manufacturer":{"DisplayValue":"Gioseppo SLU","Label":"Manufacturer","Locale":"es_ES"}},"Title":{"DisplayValue":"Gioseppo WELDA, Sandalias Planas Mujer, Cuero, 36 EU","Label":"Title","Locale":"es_ES"}},"Offers":{"Summaries":[{"Condition":{"Value":"New"},"LowestPrice":{"Amount":36.92,"Currency":"EUR","DisplayAmount":"36,92 €"}}]}},{"ASIN":"B09BR8QT6H","DetailPageURL":"https://www.amazon.es/dp/B09BR8QT6H?tag=topinalambricos-21&linkCode=osi&th=1&psc=1","Images":{"Primary":{"Small":{"Height":44,"URL":"https://m.media-amazon.com/images/I/31jx3CZ7SHL._SL75_.jpg","Width":75}}},"ItemInfo":{"ByLineInfo":{"Brand":{"DisplayValue":"MARCO TOZZI","Label":"Brand","Locale":"es_ES"},"Manufacturer":{"DisplayValue":"MARCO TOZZI Shoes GmbH & Co. KG","Label":"Manufacturer","Locale":"es_ES"}},"Title":{"DisplayValue":"MARCO TOZZI Señoras 2-2-27206-28 Sandalias Planas, talón Mujer, Blanco, 37 EU","Label":"Title","Locale":"es_ES"}},"Offers":{"Summaries":[{"Condition":{"Value":"New"},"LowestPrice":{"Amount":16.83,"Currency":"EUR","DisplayAmount":"16,83 €"}}]}},{"ASIN":"B09997W6J8","DetailPageURL":"https://www.amazon.es/dp/B09997W6J8?tag=topinalambricos-21&linkCode=osi&th=1&psc=1","Images":{"Primary":{"Small":{"Height":75,"URL":"https://m.media-amazon.com/images/I/41Yeo9O5MnL._SL75_.jpg","Width":75}}},"ItemInfo":{"ByLineInfo":{"Brand":{"DisplayValue":"GIOSEPPO","Label":"Brand","Locale":"es_ES"},"Manufacturer":{"DisplayValue":"Gioseppo SLU","Label":"Manufacturer","Locale":"es_ES"}},"Title":{"DisplayValue":"Gioseppo ARREY, Sandalia Mujer, Cuero, 38 EU","Label":"Title","Locale":"es_ES"}},"Offers":{"Summaries":[{"Condition":{"Value":"New"},"LowestPrice":{"Amount":49.94,"Currency":"EUR","DisplayAmount":"49,94 €"}}]}},{"ASIN":"B07PWMM85F","DetailPageURL":"https://www.amazon.es/dp/B07PWMM85F?tag=topinalambricos-21&linkCode=osi&th=1&psc=1","Images":{"Primary":{"Small":{"Height":75,"URL":"https://m.media-amazon.com/images/I/31nuAMDIHlL._SL75_.jpg","Width":75}}},"ItemInfo":{"ByLineInfo":{"Brand":{"DisplayValue":"TONI PONS","Label":"Brand","Locale":"es_ES"}},"Title":{"DisplayValue":"Abarca para Mujer en Nobuck - Mao-N Cuero, 38 EU","Label":"Title","Locale":"es_ES"}},"Offers":{"Summaries":[{"Condition":{"Value":"New"},"LowestPrice":{"Amount":45.0,"Currency":"EUR","DisplayAmount":"45,00 €"}}]}},{"ASIN":"B09BR8RCFZ","DetailPageURL":"https://www.amazon.es/dp/B09BR8RCFZ?tag=topinalambricos-21&linkCode=osi&th=1&psc=1","Images":{"Primary":{"Small":{"Height":75,"URL":"https://m.media-amazon.com/images/I/31Y46cSNyfL._SL75_.jpg","Width":75}}},"ItemInfo":{"ByLineInfo":{"Brand":{"DisplayValue":"MARCO TOZZI","Label":"Brand","Locale":"es_ES"},"Manufacturer":{"DisplayValue":"MARCO TOZZI Shoes GmbH & Co. KG","Label":"Manufacturer","Locale":"es_ES"}},"Title":{"DisplayValue":"MARCO TOZZI señoras 2-2-28331-28 Sandalia de tacón, taln Mujer, Azul Lt, 36 EU","Label":"Title","Locale":"es_ES"}},"Offers":{"Summaries":[{"Condition":{"Value":"New"},"LowestPrice":{"Amount":28.65,"Currency":"EUR","DisplayAmount":"28,65 €"}}]}},{"ASIN":"B09995RWJD","DetailPageURL":"https://www.amazon.es/dp/B09995RWJD?tag=topinalambricos-21&linkCode=osi&th=1&psc=1","Images":{"Primary":{"Small":{"Height":75,"URL":"https://m.media-amazon.com/images/I/31rGYWyxs7L._SL75_.jpg","Width":75}}},"ItemInfo":{"ByLineInfo":{"Brand":{"DisplayValue":"GIOSEPPO","Label":"Brand","Locale":"es_ES"},"Manufacturer":{"DisplayValue":"Gioseppo SLU","Label":"Manufacturer","Locale":"es_ES"}},"Title":{"DisplayValue":"GIOSEPPO APACE, Sandalia Mujer, Cuero, 38 EU","Label":"Title","Locale":"es_ES"}},"Offers":{"Summaries":[{"Condition":{"Value":"New"},"LowestPrice":{"Amount":19.8,"Currency":"EUR","DisplayAmount":"19,80 €"}}]}}],"SearchURL":"https://www.amazon.es/s?k=cuero&rh=n%3A2008260031%2Cp_n_availability%3A-1&tag=topinalambricos-21&linkCode=osi","TotalResultCount":655}},"219":{"SearchResult":{"Items":[{"ASIN":"B0B1DJ218B","DetailPageURL":"https://www.amazon.es/dp/B0B1DJ218B?tag=topinalambricos-21&linkCode=osi&th=1&psc=1","Images":{"Primary":{"Small":{"Height":75,"URL":"https://m.media-amazon.com/images/I/31A-qcQUY0L._SL75_.jpg","Width":75}}},"ItemInfo":{"ByLineInfo":{"Brand":{"DisplayValue":"Porronet","Label":"Brand","Locale":"es_ES"},"Manufacturer":{"DisplayValue":"Porronet","Label":"Manufacturer","Locale":"es_ES"}},"Title":{"DisplayValue":"PORRONET - Sandalia plana de piel cuero Astrid talla 37","Label":"Title","Locale":"es_ES"}},"Offers":{"Summaries":[{"Condition":{"Value":"New"},"LowestPrice":{"Amount":47.54,"Currency":"EUR","DisplayAmount":"47,54 €"}}]}},{"ASIN":"B09X9JX9GR","DetailPageURL":"https://www.amazon.es/dp/B09X9JX9GR?tag=topinalambricos-21&linkCode=osi&th=1&psc=1","Images":{"Primary":{"Small":{"Height":75,"URL":"https://m.media-amazon.com/images/I/316bHWc4SnL._SL75_.jpg","Width":75}}},"ItemInfo":{"ByLineInfo":{"Brand":{"DisplayValue":"Yokono","Label":"Brand","Locale":"es_ES"},"Manufacturer":{"DisplayValue":"YOKONO EUROPE S.L.U.","Label":"Manufacturer","Locale":"es_ES"}},"Title":{"DisplayValue":"YOKONO - Sandalia Plana de Tiras con Cierre de Velcro 014512 Cuero Mujer Color: Multi Teja Talla: 39","Label":"Title","Locale":"es_ES"}},"Offers":{"Summaries":[{"Condition":{"Value":"New"},"LowestPrice":{"Amount":39.0,"Currency":"EUR","DisplayAmount":"39,00 €"}}]}},{"ASIN":"B09YXBSNVW","DetailPageURL":"https://www.amazon.es/dp/B09YXBSNVW?tag=topinalambricos-21&linkCode=osi&th=1&psc=1","Images":{"Primary":{"Small":{"Height":75,"URL":"https://m.media-amazon.com/images/I/41KCnkmxL4L._SL75_.jpg","Width":75}}},"ItemInfo":{"ByLineInfo":{"Brand":{"DisplayValue":"PORRONET","Label":"Brand","Locale":"es_ES"},"Manufacturer":{"DisplayValue":"PORRONET","Label":"Manufacturer","Locale":"es_ES"}},"Title":{"DisplayValue":"PORRONET - Sandalia bio esclava de serraje en color cuero Dalia - Mod. 2864 talla 38","Label":"Title","Locale":"es_ES"}},"Offers":{"Summaries":[{"Condition":{"Value":"New"},"LowestPrice":{"Amount":25.0,"Currency":"EUR","DisplayAmount":"25,00 €"}}]}},{"ASIN":"B09V5M227B","DetailPageURL":"https://www.amazon.es/dp/B09V5M227B?tag=topinalambricos-21&linkCode=osi&th=1&psc=1","Images":{"Primary":{"Small":{"Height":60,"URL":"https://m.media-amazon.com/images/I/31jHWAfDDPL._SL75_.jpg","Width":75}}},"ItemInfo":{"ByLineInfo":{"Brand":{"DisplayValue":"Sanita","Label":"Brand","Locale":"es_ES"}},"Title":{"DisplayValue":"Sanita Capri Bio Sandalia | Producto artesanal original Para Mujer | Comodidad extrema para uso durante todo el día | Cuero Nobuck | Marrón | 38 EU","Label":"Title","Locale":"es_ES"}},"Offers":{"Summaries":[{"Condition":{"Value":"New"},"LowestPrice":{"Amount":67.9,"Currency":"EUR","DisplayAmount":"67,90 €"}}]}},{"ASIN":"B09V5NC9B7","DetailPageURL":"https://www.amazon.es/dp/B09V5NC9B7?tag=topinalambricos-21&linkCode=osi&th=1&psc=1","Images":{"Primary":{"Small":{"Height":60,"URL":"https://m.media-amazon.com/images/I/31TGiwEKpfL._SL75_.jpg","Width":75}}},"ItemInfo":{"ByLineInfo":{"Brand":{"DisplayValue":"Sanita","Label":"Brand","Locale":"es_ES"}},"Title":{"DisplayValue":"Sanita Bora Bora Bio Sandalia | Producto Artesanal Original para Mujer | Comodidad Extrema para Uso Durante Todo el día | Cuero Nobuck | Correa Ajustable | Rosa | 38 EU","Label":"Title","Locale":"es_ES"}},"Offers":{"Summaries":[{"Condition":{"Value":"New"},"LowestPrice":{"Amount":66.49,"Currency":"EUR","DisplayAmount":"66,49 €"}}]}},{"ASIN":"B09V5L3BMD","DetailPageURL":"https://www.amazon.es/dp/B09V5L3BMD?tag=topinalambricos-21&linkCode=osi&th=1&psc=1","Images":{"Primary":{"Small":{"Height":60,"URL":"https://m.media-amazon.com/images/I/31nsZLsgdSL._SL75_.jpg","Width":75}}},"ItemInfo":{"ByLineInfo":{"Brand":{"DisplayValue":"Sanita","Label":"Brand","Locale":"es_ES"}},"Title":{"DisplayValue":"Sanita Ibiza Bio Sandalia | Unisex | Producto Artesanal Original | Comodidad Extrema para Uso Durante Todo el día | Cuero Nobuck | Correa Ajustable | Beige | 36 EU","Label":"Title","Locale":"es_ES"}},"Offers":{"Summaries":[{"Condition":{"Value":"New"},"LowestPrice":{"Amount":66.49,"Currency":"EUR","DisplayAmount":"66,49 €"}}]}},{"ASIN":"B0B294DX3L","DetailPageURL":"https://www.amazon.es/dp/B0B294DX3L?tag=topinalambricos-21&linkCode=osi&th=1&psc=1","Images":{"Primary":{"Small":{"Height":75,"URL":"https://m.media-amazon.com/images/I/31vHqXnbArL._SL75_.jpg","Width":75}}},"ItemInfo":{"ByLineInfo":{"Brand":{"DisplayValue":"Porronet","Label":"Brand","Locale":"es_ES"},"Manufacturer":{"DisplayValue":"Porronet","Label":"Manufacturer","Locale":"es_ES"}},"Title":{"DisplayValue":"PORRONET - Sandalia plana de piel color cuero Aiza talla 38 Marrón","Label":"Title","Locale":"es_ES"}},"Offers":{"Summaries":[{"Condition":{"Value":"New"},"LowestPrice":{"Amount":34.95,"Currency":"EUR","DisplayAmount":"34,95 €"}}]}},{"ASIN":"B0B293P73Z","DetailPageURL":"https://www.amazon.es/dp/B0B293P73Z?tag=topinalambricos-21&linkCode=osi&th=1&psc=1","Images":{"Primary":{"Small":{"Height":75,"URL":"https://m.media-amazon.com/images/I/4158vdFeSXL._SL75_.jpg","Width":75}}},"ItemInfo":{"ByLineInfo":{"Brand":{"DisplayValue":"Porronet","Label":"Brand","Locale":"es_ES"},"Manufacturer":{"DisplayValue":"Porronet","Label":"Manufacturer","Locale":"es_ES"}},"Title":{"DisplayValue":"PORRONET - Sandalia cuña de piel color cuero Tulia talla 38 Marrón","Label":"Title","Locale":"es_ES"}},"Offers":{"Summaries":[{"Condition":{"Value":"New"},"LowestPrice":{"Amount":37.95,"Currency":"EUR","DisplayAmount":"37,95 €"}}]}},{"ASIN":"B0B292DQN3","DetailPageURL":"https://www.amazon.es/dp/B0B292DQN3?tag=topinalambricos-21&linkCode=osi&th=1&psc=1","Images":{"Primary":{"Small":{"Height":75,"URL":"https://m.media-amazon.com/images/I/4158vdFeSXL._SL75_.jpg","Width":75}}},"ItemInfo":{"ByLineInfo":{"Brand":{"DisplayValue":"Porronet","Label":"Brand","Locale":"es_ES"},"Manufacturer":{"DisplayValue":"Porronet","Label":"Manufacturer","Locale":"es_ES"}},"Title":{"DisplayValue":"PORRONET - Sandalia cuña de piel color cuero Tulia talla 39","Label":"Title","Locale":"es_ES"}},"Offers":{"Summaries":[{"Condition":{"Value":"New"},"LowestPrice":{"Amount":39.99,"Currency":"EUR","DisplayAmount":"39,99 €"}}]}},{"ASIN":"B0B29164PK","DetailPageURL":"https://www.amazon.es/dp/B0B29164PK?tag=topinalambricos-21&linkCode=osi&th=1&psc=1","Images":{"Primary":{"Small":{"Height":75,"URL":"https://m.media-amazon.com/images/I/41nseVVI5JL._SL75_.jpg","Width":75}}},"ItemInfo":{"ByLineInfo":{"Brand":{"DisplayValue":"Porronet","Label":"Brand","Locale":"es_ES"},"Manufacturer":{"DisplayValue":"Porronet","Label":"Manufacturer","Locale":"es_ES"}},"Title":{"DisplayValue":"PORRONET - Sandalia cuña de piel color cuero Tina talla 37 Marrón","Label":"Title","Locale":"es_ES"}},"Offers":{"Summaries":[{"Condition":{"Value":"New"},"LowestPrice":{"Amount":50.0,"Currency":"EUR","DisplayAmount":"50,00 €"}}]}}],"SearchURL":"https://www.amazon.es/s?k=sandalia+cuero+artesanal&rh=n%3A17303044031%2Cp_n_availability%3A-1&tag=topinalambricos-21&linkCode=osi","TotalResultCount":174}},"220":{"SearchResult":{"Items":[{"ASIN":"B0B3XWHJCD","DetailPageURL":"https://www.amazon.es/dp/B0B3XWHJCD?tag=topinalambricos-21&linkCode=osi&th=1&psc=1","Images":{"Primary":{"Small":{"Height":75,"URL":"https://m.media-amazon.com/images/I/41W6k56krhS._SL75_.jpg","Width":75}}},"ItemInfo":{"ByLineInfo":{"Brand":{"DisplayValue":"Genérico","Label":"Brand","Locale":"es_ES"},"Manufacturer":{"DisplayValue":"Genérico","Label":"Manufacturer","Locale":"es_ES"}},"Title":{"DisplayValue":"Genérico Cuñas Sandalias de mujer Zapatos gruesos Peep Bohemian Toe Parte inferior plana sólida Cuñas de mujer Salvaje Oeste (Black, 37EU)","Label":"Title","Locale":"es_ES"}},"Offers":{"Summaries":[{"Condition":{"Value":"New"},"LowestPrice":{"Amount":37.6,"Currency":"EUR","DisplayAmount":"37,60 €"}}]}},{"ASIN":"B091FNN8GC","DetailPageURL":"https://www.amazon.es/dp/B091FNN8GC?tag=topinalambricos-21&linkCode=osi&th=1&psc=1","Images":{"Primary":{"Small":{"Height":75,"URL":"https://m.media-amazon.com/images/I/41BwgXVE7KL._SL75_.jpg","Width":75}}},"ItemInfo":{"ByLineInfo":{"Brand":{"DisplayValue":"riou","Label":"Brand","Locale":"es_ES"}},"Title":{"DisplayValue":"riou Sandalia de Plataforma para Mujer, Verano Casual Alpargatas de Cuña Plateau Moda Sandalia de Mujer Estilo Bohemio,Fondo Grueso Sandalias","Label":"Title","Locale":"es_ES"}},"Offers":{"Summaries":[{"Condition":{"Value":"New"},"LowestPrice":{"Amount":10.19,"Currency":"EUR","DisplayAmount":"10,19 €"}}]}},{"ASIN":"B08Y5YL9LH","DetailPageURL":"https://www.amazon.es/dp/B08Y5YL9LH?tag=topinalambricos-21&linkCode=osi&th=1&psc=1","Images":{"Primary":{"Small":{"Height":75,"URL":"https://m.media-amazon.com/images/I/415GuJhBcgS._SL75_.jpg","Width":75}}},"ItemInfo":{"ByLineInfo":{"Brand":{"DisplayValue":"EMMANUELA handcrafted for you","Label":"Brand","Locale":"es_ES"},"Manufacturer":{"DisplayValue":"EMMANUELA handcrafted for you","Label":"Manufacturer","Locale":"es_ES"}},"Title":{"DisplayValue":"Emmanuela - Sandalias planas de cuero negro cómodas, estilo griego con correa al tobillo, sandalias de gladiador con tiras en los dedos abiertos, estilo bohemio chic para bodas, Negro, 38 EU","Label":"Title","Locale":"es_ES"}},"Offers":{"Summaries":[{"Condition":{"Value":"New"},"LowestPrice":{"Amount":119.0,"Currency":"EUR","DisplayAmount":"119,00 €"}}]}},{"ASIN":"B096SMR5PQ","DetailPageURL":"https://www.amazon.es/dp/B096SMR5PQ?tag=topinalambricos-21&linkCode=osi&th=1&psc=1","Images":{"Primary":{"Small":{"Height":75,"URL":"https://m.media-amazon.com/images/I/41AbjTMSIxS._SL75_.jpg","Width":75}}},"ItemInfo":{"ByLineInfo":{"Brand":{"DisplayValue":"NUSGEAR","Label":"Brand","Locale":"es_ES"}},"Title":{"DisplayValue":"Sandalias Mujer Verano Nuevo 2021 Moda Zapatos de plataforma Cuña Zapatillas de de Boca de Pescado Playa Sandalias de Punta Abierta casual Fiesta Bohemia Tacones Altos Sandalias Flip flop","Label":"Title","Locale":"es_ES"}},"Offers":{"Summaries":[{"Condition":{"Value":"New"},"LowestPrice":{"Amount":18.98,"Currency":"EUR","DisplayAmount":"18,98 €"}}]}},{"ASIN":"B07Q4NWFXG","DetailPageURL":"https://www.amazon.es/dp/B07Q4NWFXG?tag=topinalambricos-21&linkCode=osi&th=1&psc=1","Images":{"Primary":{"Small":{"Height":75,"URL":"https://m.media-amazon.com/images/I/51xCFm8aQ5L._SL75_.jpg","Width":75}}},"ItemInfo":{"ByLineInfo":{"Brand":{"DisplayValue":"Camfosy","Label":"Brand","Locale":"es_ES"},"Manufacturer":{"DisplayValue":"UnishoEU","Label":"Manufacturer","Locale":"es_ES"}},"Title":{"DisplayValue":"Camfosy Sandalias para Mujer, Verano Playa Sandalias de Punta Abierta Bohemio Plano Romano Diapositivas Chanclas con Correa en el Tobillo Deporte Vestido Zapatillas para Vacaciones Azul Naranja","Label":"Title","Locale":"es_ES"}},"Offers":{"Summaries":[{"Condition":{"Value":"New"},"LowestPrice":{"Amount":31.99,"Currency":"EUR","DisplayAmount":"31,99 €"}}]}},{"ASIN":"B0B8CJSY5J","DetailPageURL":"https://www.amazon.es/dp/B0B8CJSY5J?tag=topinalambricos-21&linkCode=osi&th=1&psc=1","Images":{"Primary":{"Small":{"Height":75,"URL":"https://m.media-amazon.com/images/I/41AooGVA4mL._SL75_.jpg","Width":75}}},"ItemInfo":{"ByLineInfo":{"Brand":{"DisplayValue":"Genérico","Label":"Brand","Locale":"es_ES"},"Manufacturer":{"DisplayValue":"Genérico","Label":"Manufacturer","Locale":"es_ES"}},"Title":{"DisplayValue":"Sandalias Mujer Cuero Estilo Fashion Bohemian Summer Sandals Spring Metal Femen's Shoes and Flat Women's Sandalias Zapatos Mujer Morados (A-Blue, 38)","Label":"Title","Locale":"es_ES"}},"Offers":{"Summaries":[{"Condition":{"Value":"New"},"LowestPrice":{"Amount":33.04,"Currency":"EUR","DisplayAmount":"33,04 €"}}]}},{"ASIN":"B09875S645","DetailPageURL":"https://www.amazon.es/dp/B09875S645?tag=topinalambricos-21&linkCode=osi&th=1&psc=1","Images":{"Primary":{"Small":{"Height":75,"URL":"https://m.media-amazon.com/images/I/41uQrQi48yS._SL75_.jpg","Width":75}}},"ItemInfo":{"ByLineInfo":{"Brand":{"DisplayValue":"riou","Label":"Brand","Locale":"es_ES"}},"Title":{"DisplayValue":"riou Sandalias Mujer Plataforma, Zapatos Mujer Primavera Verano 2021, Sandalias Color Sólido impermeables casuales，Plano Zapatos Romanas Hebilla Zapatillas de Playa，Talla 37-42","Label":"Title","Locale":"es_ES"}},"Offers":{"Summaries":[{"Condition":{"Value":"New"},"LowestPrice":{"Amount":12.99,"Currency":"EUR","DisplayAmount":"12,99 €"}}]}},{"ASIN":"B09BR8JJBC","DetailPageURL":"https://www.amazon.es/dp/B09BR8JJBC?tag=topinalambricos-21&linkCode=osi&th=1&psc=1","Images":{"Primary":{"Small":{"Height":30,"URL":"https://m.media-amazon.com/images/I/31P3yZfHpdL._SL75_.jpg","Width":75}}},"ItemInfo":{"ByLineInfo":{"Brand":{"DisplayValue":"MARCO TOZZI","Label":"Brand","Locale":"es_ES"},"Manufacturer":{"DisplayValue":"MARCO TOZZI Shoes GmbH & Co. KG","Label":"Manufacturer","Locale":"es_ES"}},"Title":{"DisplayValue":"MARCO TOZZI señoras 2-2-27117-28 Sandalias Planas, Mujer, Polvos de Polvo, 39 EU","Label":"Title","Locale":"es_ES"}},"Offers":{"Summaries":[{"Condition":{"Value":"New"},"LowestPrice":{"Amount":13.55,"Currency":"EUR","DisplayAmount":"13,55 €"}}]}},{"ASIN":"B08Y8G7VCH","DetailPageURL":"https://www.amazon.es/dp/B08Y8G7VCH?tag=topinalambricos-21&linkCode=osi&th=1&psc=1","Images":{"Primary":{"Small":{"Height":75,"URL":"https://m.media-amazon.com/images/I/41wVbRM1xtS._SL75_.jpg","Width":75}}},"ItemInfo":{"ByLineInfo":{"Brand":{"DisplayValue":"Hitmars","Label":"Brand","Locale":"es_ES"},"Manufacturer":{"DisplayValue":"Hitmars","Label":"Manufacturer","Locale":"es_ES"}},"Title":{"DisplayValue":"Sandalias Mujer Verano Planas Comodas Boho Vintage Moda Zapatos de Playa Punta Abierta Negro Marrón Azul Número 35-42 EU Marrón 40 EU","Label":"Title","Locale":"es_ES"}},"Offers":{"Summaries":[{"Condition":{"Value":"New"},"LowestPrice":{"Amount":22.99,"Currency":"EUR","DisplayAmount":"22,99 €"}}]}},{"ASIN":"B0BBF41NWL","DetailPageURL":"https://www.amazon.es/dp/B0BBF41NWL?tag=topinalambricos-21&linkCode=osi&th=1&psc=1","Images":{"Primary":{"Small":{"Height":75,"URL":"https://m.media-amazon.com/images/I/41CjFQM9RUL._SL75_.jpg","Width":75}}},"ItemInfo":{"ByLineInfo":{"Brand":{"DisplayValue":"Sonnena","Label":"Brand","Locale":"es_ES"},"Manufacturer":{"DisplayValue":"Sonnena","Label":"Manufacturer","Locale":"es_ES"}},"Title":{"DisplayValue":"Sandalias Deportivas para Mujer Zapatos de Salsa Zapatos de Baile Baile Partido Latino Satin Chica Tango Med - Zapatos Casuales para Mujeres Zapatillas Negras De Mujer","Label":"Title","Locale":"es_ES"}},"Offers":{"Summaries":[{"Condition":{"Value":"New"},"LowestPrice":{"Amount":15.09,"Currency":"EUR","DisplayAmount":"15,09 €"}}]}}],"SearchURL":"https://www.amazon.es/s?k=cuero+bohemio&rh=n%3A17303044031%2Cp_n_availability%3A-1&tag=topinalambricos-21&linkCode=osi","TotalResultCount":5752}},"221":{"SearchResult":{"Items":[{"ASIN":"B0B1DJ218B","DetailPageURL":"https://www.amazon.es/dp/B0B1DJ218B?tag=topinalambricos-21&linkCode=osi&th=1&psc=1","Images":{"Primary":{"Small":{"Height":75,"URL":"https://m.media-amazon.com/images/I/31A-qcQUY0L._SL75_.jpg","Width":75}}},"ItemInfo":{"ByLineInfo":{"Brand":{"DisplayValue":"Porronet","Label":"Brand","Locale":"es_ES"},"Manufacturer":{"DisplayValue":"Porronet","Label":"Manufacturer","Locale":"es_ES"}},"Title":{"DisplayValue":"PORRONET - Sandalia plana de piel cuero Astrid talla 37","Label":"Title","Locale":"es_ES"}},"Offers":{"Summaries":[{"Condition":{"Value":"New"},"LowestPrice":{"Amount":47.54,"Currency":"EUR","DisplayAmount":"47,54 €"}}]}},{"ASIN":"B09Y4VGGY9","DetailPageURL":"https://www.amazon.es/dp/B09Y4VGGY9?tag=topinalambricos-21&linkCode=osi&th=1&psc=1","Images":{"Primary":{"Small":{"Height":75,"URL":"https://m.media-amazon.com/images/I/41RRP13-CcS._SL75_.jpg","Width":75}}},"ItemInfo":{"ByLineInfo":{"Brand":{"DisplayValue":"Yokono","Label":"Brand","Locale":"es_ES"},"Manufacturer":{"DisplayValue":"YOKONO EUROPE S.L.U.","Label":"Manufacturer","Locale":"es_ES"}},"Title":{"DisplayValue":"YOKONO - Sandalias Planas Piel Cuero - Cuero para: Mujer Color: Nuez Talla: 40","Label":"Title","Locale":"es_ES"}},"Offers":{"Summaries":[{"Condition":{"Value":"New"},"LowestPrice":{"Amount":49.95,"Currency":"EUR","DisplayAmount":"49,95 €"}}]}},{"ASIN":"B09HM9DJM2","DetailPageURL":"https://www.amazon.es/dp/B09HM9DJM2?tag=topinalambricos-21&linkCode=osi&th=1&psc=1","Images":{"Primary":{"Small":{"Height":75,"URL":"https://m.media-amazon.com/images/I/21MdOFzBSXL._SL75_.jpg","Width":64}}},"ItemInfo":{"ByLineInfo":{"Brand":{"DisplayValue":"BOSANOVA","Label":"Brand","Locale":"es_ES"},"Manufacturer":{"DisplayValue":"BOSANOVA","Label":"Manufacturer","Locale":"es_ES"}},"Title":{"DisplayValue":"BOSANOVA Abarcas Planas con Cierre de Tira Trasera Estilo Menorquina. Cuero 38","Label":"Title","Locale":"es_ES"}},"Offers":{"Summaries":[{"Condition":{"Value":"New"},"LowestPrice":{"Amount":19.9,"Currency":"EUR","DisplayAmount":"19,90 €"}}]}},{"ASIN":"B09X9JX9GR","DetailPageURL":"https://www.amazon.es/dp/B09X9JX9GR?tag=topinalambricos-21&linkCode=osi&th=1&psc=1","Images":{"Primary":{"Small":{"Height":75,"URL":"https://m.media-amazon.com/images/I/316bHWc4SnL._SL75_.jpg","Width":75}}},"ItemInfo":{"ByLineInfo":{"Brand":{"DisplayValue":"Yokono","Label":"Brand","Locale":"es_ES"},"Manufacturer":{"DisplayValue":"YOKONO EUROPE S.L.U.","Label":"Manufacturer","Locale":"es_ES"}},"Title":{"DisplayValue":"YOKONO - Sandalia Plana de Tiras con Cierre de Velcro 014512 Cuero Mujer Color: Multi Teja Talla: 39","Label":"Title","Locale":"es_ES"}},"Offers":{"Summaries":[{"Condition":{"Value":"New"},"LowestPrice":{"Amount":39.0,"Currency":"EUR","DisplayAmount":"39,00 €"}}]}},{"ASIN":"B09TQC6392","DetailPageURL":"https://www.amazon.es/dp/B09TQC6392?tag=topinalambricos-21&linkCode=osi&th=1&psc=1","Images":{"Primary":{"Small":{"Height":75,"URL":"https://m.media-amazon.com/images/I/51--7rNH2-L._SL75_.jpg","Width":75}}},"ItemInfo":{"ByLineInfo":{"Brand":{"DisplayValue":"Hitmars","Label":"Brand","Locale":"es_ES"}},"Title":{"DisplayValue":"Sandalias Mujer Verano Zapatillas Playa Zapatos Cómodos Casuales Peep Toe Loafers Cuero de Imitación Caminar Antideslizantes Chanclas Plana Negro Marrón Verde Azul Gris 35-43 D-Caqui 37","Label":"Title","Locale":"es_ES"}},"Offers":{"Summaries":[{"Condition":{"Value":"New"},"LowestPrice":{"Amount":21.99,"Currency":"EUR","DisplayAmount":"21,99 €"}}]}},{"ASIN":"B098THWDGG","DetailPageURL":"https://www.amazon.es/dp/B098THWDGG?tag=topinalambricos-21&linkCode=osi&th=1&psc=1","Images":{"Primary":{"Small":{"Height":30,"URL":"https://m.media-amazon.com/images/I/31yJHar9GrL._SL75_.jpg","Width":75}}},"ItemInfo":{"ByLineInfo":{"Brand":{"DisplayValue":"Tommy Hilfiger","Label":"Brand","Locale":"es_ES"},"Manufacturer":{"DisplayValue":"PVH","Label":"Manufacturer","Locale":"es_ES"}},"Title":{"DisplayValue":"Tommy Hilfiger Sandalia Plana de Playa con Estampado, Chanclas Mujer, Island Geo Green, 36 EU","Label":"Title","Locale":"es_ES"}},"Offers":{"Summaries":[{"Condition":{"Value":"New"},"LowestPrice":{"Amount":34.23,"Currency":"EUR","DisplayAmount":"34,23 €"}}]}},{"ASIN":"B09JKYHN4X","DetailPageURL":"https://www.amazon.es/dp/B09JKYHN4X?tag=topinalambricos-21&linkCode=osi&th=1&psc=1","Images":{"Primary":{"Small":{"Height":29,"URL":"https://m.media-amazon.com/images/I/31MQ7wt1AmL._SL75_.jpg","Width":75}}},"ItemInfo":{"ByLineInfo":{"Brand":{"DisplayValue":"Tommy Hilfiger","Label":"Brand","Locale":"es_ES"},"Manufacturer":{"DisplayValue":"PVH","Label":"Manufacturer","Locale":"es_ES"}},"Title":{"DisplayValue":"Tommy Hilfiger Tommy Webbing Sandalia Plana de Playa, Chanclas Mujer, Blue, 42 EU","Label":"Title","Locale":"es_ES"}},"Offers":{"Summaries":[{"Condition":{"Value":"New"},"LowestPrice":{"Amount":25.28,"Currency":"EUR","DisplayAmount":"25,28 €"}}]}},{"ASIN":"B09YX5XBDH","DetailPageURL":"https://www.amazon.es/dp/B09YX5XBDH?tag=topinalambricos-21&linkCode=osi&th=1&psc=1","Images":{"Primary":{"Small":{"Height":75,"URL":"https://m.media-amazon.com/images/I/41KCnkmxL4L._SL75_.jpg","Width":75}}},"ItemInfo":{"ByLineInfo":{"Brand":{"DisplayValue":"PORRONET","Label":"Brand","Locale":"es_ES"},"Manufacturer":{"DisplayValue":"PORRONET","Label":"Manufacturer","Locale":"es_ES"}},"Title":{"DisplayValue":"PORRONET - Sandalia bio esclava de serraje en color cuero Dalia - Mod. 2864 talla 40","Label":"Title","Locale":"es_ES"}},"Offers":{"Summaries":[{"Condition":{"Value":"New"},"LowestPrice":{"Amount":25.0,"Currency":"EUR","DisplayAmount":"25,00 €"}}]}},{"ASIN":"B083GMDLNN","DetailPageURL":"https://www.amazon.es/dp/B083GMDLNN?tag=topinalambricos-21&linkCode=osi&th=1&psc=1","Images":{"Primary":{"Small":{"Height":75,"URL":"https://m.media-amazon.com/images/I/41R3qvz-v2L._SL75_.jpg","Width":75}}},"ItemInfo":{"ByLineInfo":{"Brand":{"DisplayValue":"KuaiLu","Label":"Brand","Locale":"es_ES"}},"Title":{"DisplayValue":"KuaiLu Chanclas Mujer Tela Verano Playa Piscina Flip Flops Señoras Comodas Cuero Planas Caminar Piel Sandalias De Dedo Antideslizante Yoga-Espuma Chancletas Negro 38","Label":"Title","Locale":"es_ES"}},"Offers":{"Summaries":[{"Condition":{"Value":"New"},"LowestPrice":{"Amount":19.99,"Currency":"EUR","DisplayAmount":"19,99 €"}}]}},{"ASIN":"B08LXPCHX4","DetailPageURL":"https://www.amazon.es/dp/B08LXPCHX4?tag=topinalambricos-21&linkCode=osi&th=1&psc=1","Images":{"Primary":{"Small":{"Height":33,"URL":"https://m.media-amazon.com/images/I/31lXCSVopUL._SL75_.jpg","Width":75}}},"ItemInfo":{"ByLineInfo":{"Brand":{"DisplayValue":"UGG","Label":"Brand","Locale":"es_ES"},"Manufacturer":{"DisplayValue":"UGG","Label":"Manufacturer","Locale":"es_ES"}},"Title":{"DisplayValue":"UGG Gaila, Sandalias Planas Mujer, 38 EU","Label":"Title","Locale":"es_ES"}},"Offers":{"Summaries":[{"Condition":{"Value":"New"},"LowestPrice":{"Amount":58.99,"Currency":"EUR","DisplayAmount":"58,99 €"}}]}}],"SearchURL":"https://www.amazon.es/s?k=cuero+planas&rh=n%3A2008266031%2Cp_n_availability%3A-1&tag=topinalambricos-21&linkCode=osi","TotalResultCount":866}},"223":{"SearchResult":{"Items":[{"ASIN":"B07CTK7LDY","DetailPageURL":"https://www.amazon.es/dp/B07CTK7LDY?tag=topinalambricos-21&linkCode=osi&th=1&psc=1","Images":{"Primary":{"Small":{"Height":75,"URL":"https://m.media-amazon.com/images/I/31WCGZW-Y8L._SL75_.jpg","Width":56}}},"ItemInfo":{"ByLineInfo":{"Brand":{"DisplayValue":"JACK & JONES","Label":"Brand","Locale":"es_ES"},"Manufacturer":{"DisplayValue":"JACK & JONES","Label":"Manufacturer","Locale":"es_ES"}},"Title":{"DisplayValue":"JACK & JONES JFWALBANY Leather STS, Chukka Boots Hombre, Gris(Anthracite Anthracite), 43 EU","Label":"Title","Locale":"es_ES"}},"Offers":{"Summaries":[{"Condition":{"Value":"Used"},"LowestPrice":{"Amount":54.44,"Currency":"EUR","DisplayAmount":"54,44 €"}},{"Condition":{"Value":"New"},"LowestPrice":{"Amount":56.99,"Currency":"EUR","DisplayAmount":"56,99 €"}}]}},{"ASIN":"B09X1XVNQT","DetailPageURL":"https://www.amazon.es/dp/B09X1XVNQT?tag=topinalambricos-21&linkCode=osi&th=1&psc=1","Images":{"Primary":{"Small":{"Height":50,"URL":"https://m.media-amazon.com/images/I/31GawAWxtXL._SL75_.jpg","Width":75}}},"ItemInfo":{"ByLineInfo":{"Brand":{"DisplayValue":"Blundstone","Label":"Brand","Locale":"es_ES"}},"Title":{"DisplayValue":"Botines Chelsea Blundstone 585 de Cuero Marrón Rústico 6.5","Label":"Title","Locale":"es_ES"}},"Offers":{"Summaries":[{"Condition":{"Value":"New"},"LowestPrice":{"Amount":159.99,"Currency":"EUR","DisplayAmount":"159,99 €"}}]}},{"ASIN":"B074N5QCR3","DetailPageURL":"https://www.amazon.es/dp/B074N5QCR3?tag=topinalambricos-21&linkCode=osi&th=1&psc=1","Images":{"Primary":{"Small":{"Height":75,"URL":"https://m.media-amazon.com/images/I/41iM66j2a+L._SL75_.jpg","Width":57}}},"ItemInfo":{"ByLineInfo":{"Brand":{"DisplayValue":"Clarks","Label":"Brand","Locale":"es_ES"},"Contributors":[{"Locale":"es_ES","Name":"Clarks","Role":"Diseñador","RoleType":"designer"}],"Manufacturer":{"DisplayValue":"Clarks","Label":"Manufacturer","Locale":"es_ES"}},"Title":{"DisplayValue":"Clarks Batcombe Lord, Botas Estilo Motero Hombre, Marrón (Dark Brown), 42 EU","Label":"Title","Locale":"es_ES"}},"Offers":{"Summaries":[{"Condition":{"Value":"New"},"LowestPrice":{"Amount":120.0,"Currency":"EUR","DisplayAmount":"120,00 €"}}]}},{"ASIN":"B0081JFWX2","DetailPageURL":"https://www.amazon.es/dp/B0081JFWX2?tag=topinalambricos-21&linkCode=osi&th=1&psc=1","Images":{"Primary":{"Small":{"Height":75,"URL":"https://m.media-amazon.com/images/I/41SUimhe-lL._SL75_.jpg","Width":75}}},"ItemInfo":{"ByLineInfo":{"Brand":{"DisplayValue":"Panama Jack","Label":"Brand","Locale":"es_ES"},"Manufacturer":{"DisplayValue":"Panama Jack","Label":"Manufacturer","Locale":"es_ES"}},"Title":{"DisplayValue":"Panama Jack Panama 03, Botas para Hombre, Marrón (Bark), 42 EU","Label":"Title","Locale":"es_ES"}},"Offers":{"Summaries":[{"Condition":{"Value":"New"},"LowestPrice":{"Amount":147.9,"Currency":"EUR","DisplayAmount":"147,90 €"}}]}},{"ASIN":"B08CZVRKBV","DetailPageURL":"https://www.amazon.es/dp/B08CZVRKBV?tag=topinalambricos-21&linkCode=osi&th=1&psc=1","Images":{"Primary":{"Small":{"Height":75,"URL":"https://m.media-amazon.com/images/I/41tEtqs+yKL._SL75_.jpg","Width":75}}},"ItemInfo":{"ByLineInfo":{"Brand":{"DisplayValue":"Mishansha","Label":"Brand","Locale":"es_ES"}},"Title":{"DisplayValue":"Botas Hombre Invierno Impermeables Botines Trekking Botas de Nieve Outdoor Fur Forro Boots Antideslizantes Marrón Gr.41","Label":"Title","Locale":"es_ES"}},"Offers":{"Summaries":[{"Condition":{"Value":"New"},"LowestPrice":{"Amount":48.99,"Currency":"EUR","DisplayAmount":"48,99 €"}}]}},{"ASIN":"B08CR7T5LP","DetailPageURL":"https://www.amazon.es/dp/B08CR7T5LP?tag=topinalambricos-21&linkCode=osi&th=1&psc=1","Images":{"Primary":{"Small":{"Height":75,"URL":"https://m.media-amazon.com/images/I/41V+lrJBAKS._SL75_.jpg","Width":75}}},"ItemInfo":{"ByLineInfo":{"Brand":{"DisplayValue":"Hey Dude","Label":"Brand","Locale":"es_ES"},"Contributors":[{"Locale":"es_ES","Name":"MainApps","Role":"Diseñador","RoleType":"designer"}],"Manufacturer":{"DisplayValue":"HEYDUDE","Label":"Manufacturer","Locale":"es_ES"}},"Title":{"DisplayValue":"Hey Dude Bradley - Botas de Hombre Informales – Color Brown – Zapatos de Hombre Cómodos y Ligeros – Cuero Ecosostenible - Plantilla de Espuma de Memoria – Talla EU 45","Label":"Title","Locale":"es_ES"}},"Offers":{"Summaries":[{"Condition":{"Value":"New"},"LowestPrice":{"Amount":71.0,"Currency":"EUR","DisplayAmount":"71,00 €"}}]}},{"ASIN":"B0845FZPNL","DetailPageURL":"https://www.amazon.es/dp/B0845FZPNL?tag=topinalambricos-21&linkCode=osi&th=1&psc=1","Images":{"Primary":{"Small":{"Height":50,"URL":"https://m.media-amazon.com/images/I/31v8aF-0cZL._SL75_.jpg","Width":75}}},"ItemInfo":{"ByLineInfo":{"Brand":{"DisplayValue":"Skechers","Label":"Brand","Locale":"es_ES"},"Manufacturer":{"DisplayValue":"Skechers","Label":"Manufacturer","Locale":"es_ES"}},"Title":{"DisplayValue":"Skechers Evenston Renli, Botas Chukka Hombre, Black, 43 EU","Label":"Title","Locale":"es_ES"}},"Offers":{"Summaries":[{"Condition":{"Value":"New"},"LowestPrice":{"Amount":71.75,"Currency":"EUR","DisplayAmount":"71,75 €"}}]}},{"ASIN":"B098BF2HSV","DetailPageURL":"https://www.amazon.es/dp/B098BF2HSV?tag=topinalambricos-21&linkCode=osi&th=1&psc=1","Images":{"Primary":{"Small":{"Height":75,"URL":"https://m.media-amazon.com/images/I/21VMfPDgMCL._SL75_.jpg","Width":56}}},"ItemInfo":{"ByLineInfo":{"Brand":{"DisplayValue":"JACK & JONES","Label":"Brand","Locale":"es_ES"},"Manufacturer":{"DisplayValue":"Bestseller A/S","Label":"Manufacturer","Locale":"es_ES"}},"Title":{"DisplayValue":"JACK & JONES Jfwshelby-Botas de Piel, Barco Hombre, coñac, 43 EU","Label":"Title","Locale":"es_ES"}},"Offers":{"Summaries":[{"Condition":{"Value":"New"},"LowestPrice":{"Amount":56.99,"Currency":"EUR","DisplayAmount":"56,99 €"}}]}},{"ASIN":"B002XQ3CKY","DetailPageURL":"https://www.amazon.es/dp/B002XQ3CKY?tag=topinalambricos-21&linkCode=osi&th=1&psc=1","Images":{"Primary":{"Small":{"Height":75,"URL":"https://m.media-amazon.com/images/I/41fGYhzyXZL._SL75_.jpg","Width":75}}},"ItemInfo":{"ByLineInfo":{"Brand":{"DisplayValue":"New Rock","Label":"Brand","Locale":"es_ES"}},"Title":{"DisplayValue":"New Rock 7605-S1 - Botas de Cuero para Hombre, Color Negro, Talla 43","Label":"Title","Locale":"es_ES"}},"Offers":{"Summaries":[{"Condition":{"Value":"New"},"LowestPrice":{"Amount":179.95,"Currency":"EUR","DisplayAmount":"179,95 €"}}]}},{"ASIN":"B01FT2BZSO","DetailPageURL":"https://www.amazon.es/dp/B01FT2BZSO?tag=topinalambricos-21&linkCode=osi&th=1&psc=1","Images":{"Primary":{"Small":{"Height":68,"URL":"https://m.media-amazon.com/images/I/41lwNEOtKuL._SL75_.jpg","Width":75}}},"ItemInfo":{"ByLineInfo":{"Brand":{"DisplayValue":"Levi's","Label":"Brand","Locale":"es_ES"},"Manufacturer":{"DisplayValue":"Levi's","Label":"Manufacturer","Locale":"es_ES"}},"Title":{"DisplayValue":"Levi's Emerson, Botines Hombre, Black 59, 43 EU","Label":"Title","Locale":"es_ES"}},"Offers":{"Summaries":[{"Condition":{"Value":"Used"},"LowestPrice":{"Amount":59.48,"Currency":"EUR","DisplayAmount":"59,48 €"}},{"Condition":{"Value":"New"},"LowestPrice":{"Amount":129.95,"Currency":"EUR","DisplayAmount":"129,95 €"}}]}}],"SearchURL":"https://www.amazon.es/s?k=cuero&rh=n%3A2008195031%2Cp_n_availability%3A-1&tag=topinalambricos-21&linkCode=osi","TotalResultCount":707}},"224":{"SearchResult":{"Items":[{"ASIN":"B09X1XVCWZ","DetailPageURL":"https://www.amazon.es/dp/B09X1XVCWZ?tag=topinalambricos-21&linkCode=osi&th=1&psc=1","Images":{"Primary":{"Small":{"Height":50,"URL":"https://m.media-amazon.com/images/I/31GawAWxtXL._SL75_.jpg","Width":75}}},"ItemInfo":{"ByLineInfo":{"Brand":{"DisplayValue":"Blundstone","Label":"Brand","Locale":"es_ES"}},"Title":{"DisplayValue":"Botines Chelsea Blundstone 585 de Cuero Marrón Rústico 6","Label":"Title","Locale":"es_ES"}},"Offers":{"Summaries":[{"Condition":{"Value":"New"},"LowestPrice":{"Amount":159.99,"Currency":"EUR","DisplayAmount":"159,99 €"}}]}},{"ASIN":"B09RVXWVP6","DetailPageURL":"https://www.amazon.es/dp/B09RVXWVP6?tag=topinalambricos-21&linkCode=osi&th=1&psc=1","Images":{"Primary":{"Small":{"Height":75,"URL":"https://m.media-amazon.com/images/I/31OHZExYWFL._SL75_.jpg","Width":75}}},"ItemInfo":{"ByLineInfo":{"Brand":{"DisplayValue":"Panama Jack","Label":"Brand","Locale":"es_ES"},"Manufacturer":{"DisplayValue":"Panama Jack","Label":"Manufacturer","Locale":"es_ES"}},"Title":{"DisplayValue":"Panama Jack Tuscani, Combat Boot Mujer, Blanco, 36 EU","Label":"Title","Locale":"es_ES"}},"Offers":{"Summaries":[{"Condition":{"Value":"New"},"LowestPrice":{"Amount":152.76,"Currency":"EUR","DisplayAmount":"152,76 €"}}]}},{"ASIN":"B0B7B7L6L6","DetailPageURL":"https://www.amazon.es/dp/B0B7B7L6L6?tag=topinalambricos-21&linkCode=osi&th=1&psc=1","Images":{"Primary":{"Small":{"Height":75,"URL":"https://m.media-amazon.com/images/I/41XsXs4pyLL._SL75_.jpg","Width":75}}},"ItemInfo":{"ByLineInfo":{"Brand":{"DisplayValue":"Fluchos","Label":"Brand","Locale":"es_ES"},"Manufacturer":{"DisplayValue":"Fluchos","Label":"Manufacturer","Locale":"es_ES"}},"Title":{"DisplayValue":"Fluchos F1367 Sugar Baron Cuero Cuero ALISS (37)","Label":"Title","Locale":"es_ES"}},"Offers":{"Summaries":[{"Condition":{"Value":"New"},"LowestPrice":{"Amount":83.99,"Currency":"EUR","DisplayAmount":"83,99 €"}}]}},{"ASIN":"B08DTF5J6P","DetailPageURL":"https://www.amazon.es/dp/B08DTF5J6P?tag=topinalambricos-21&linkCode=osi&th=1&psc=1","Images":{"Primary":{"Small":{"Height":75,"URL":"https://m.media-amazon.com/images/I/31PYHXrwghL._SL75_.jpg","Width":56}}},"ItemInfo":{"ByLineInfo":{"Brand":{"DisplayValue":"ALPE","Label":"Brand","Locale":"es_ES"}},"Title":{"DisplayValue":"Bota Alpe 3220 Cuero para Mujer 38","Label":"Title","Locale":"es_ES"}},"Offers":{"Summaries":[{"Condition":{"Value":"New"},"LowestPrice":{"Amount":70.55,"Currency":"EUR","DisplayAmount":"70,55 €"}}]}},{"ASIN":"B084KC5223","DetailPageURL":"https://www.amazon.es/dp/B084KC5223?tag=topinalambricos-21&linkCode=osi&th=1&psc=1","Images":{"Primary":{"Small":{"Height":75,"URL":"https://m.media-amazon.com/images/I/41WCQ6w0UvL._SL75_.jpg","Width":69}}},"ItemInfo":{"ByLineInfo":{"Brand":{"DisplayValue":"Panama Jack","Label":"Brand","Locale":"es_ES"},"Manufacturer":{"DisplayValue":"Panama Jack","Label":"Manufacturer","Locale":"es_ES"}},"Title":{"DisplayValue":"Panama Jack Lilian, Barco de Combat Mujer, Negro, 39 EU","Label":"Title","Locale":"es_ES"}},"Offers":{"Summaries":[{"Condition":{"Value":"New"},"LowestPrice":{"Amount":147.88,"Currency":"EUR","DisplayAmount":"147,88 €"}}]}},{"ASIN":"B0BDKQ98ZQ","DetailPageURL":"https://www.amazon.es/dp/B0BDKQ98ZQ?tag=topinalambricos-21&linkCode=osi&th=1&psc=1","Images":{"Primary":{"Small":{"Height":75,"URL":"https://m.media-amazon.com/images/I/313rtYX--DL._SL75_.jpg","Width":75}}},"ItemInfo":{"ByLineInfo":{"Brand":{"DisplayValue":"Alpe","Label":"Brand","Locale":"es_ES"},"Manufacturer":{"DisplayValue":"CREACIONES ALPE S.L.","Label":"Manufacturer","Locale":"es_ES"}},"Title":{"DisplayValue":"ALPE Modelo Madame Cuero T. 39","Label":"Title","Locale":"es_ES"}},"Offers":{"Summaries":[{"Condition":{"Value":"New"},"LowestPrice":{"Amount":104.95,"Currency":"EUR","DisplayAmount":"104,95 €"}}]}},{"ASIN":"B08153XTYD","DetailPageURL":"https://www.amazon.es/dp/B08153XTYD?tag=topinalambricos-21&linkCode=osi&th=1&psc=1","Images":{"Primary":{"Small":{"Height":75,"URL":"https://m.media-amazon.com/images/I/31+rJlOzieL._SL75_.jpg","Width":75}}},"ItemInfo":{"ByLineInfo":{"Brand":{"DisplayValue":"NUSGEAR","Label":"Brand","Locale":"es_ES"}},"Title":{"DisplayValue":"NUSGEAR Botas Altas Tacon Mujer Zapatos de Mujer Fiesta de Cuero Otoño Invierno Botas de Nieve Cómodos Botines Moda Faux Delgado Botas Altas Tacon Tobillo Botas de Agua Mujer vpass","Label":"Title","Locale":"es_ES"}},"Offers":{"Summaries":[{"Condition":{"Value":"New"},"LowestPrice":{"Amount":27.98,"Currency":"EUR","DisplayAmount":"27,98 €"}}]}},{"ASIN":"B00TTKRLCW","DetailPageURL":"https://www.amazon.es/dp/B00TTKRLCW?tag=topinalambricos-21&linkCode=osi&th=1&psc=1","Images":{"Primary":{"Small":{"Height":75,"URL":"https://m.media-amazon.com/images/I/31cC4MDdBhL._SL75_.jpg","Width":57}}},"ItemInfo":{"ByLineInfo":{"Brand":{"DisplayValue":"Clarks","Label":"Brand","Locale":"es_ES"},"Manufacturer":{"DisplayValue":"Clarks","Label":"Manufacturer","Locale":"es_ES"}},"Title":{"DisplayValue":"Clarks Orinoco Spice, Botines Mujer, Black Leather, 41 EU","Label":"Title","Locale":"es_ES"}},"Offers":{"Summaries":[{"Condition":{"Value":"New"},"LowestPrice":{"Amount":75.5,"Currency":"EUR","DisplayAmount":"75,50 €"}}]}},{"ASIN":"B074L1SQJP","DetailPageURL":"https://www.amazon.es/dp/B074L1SQJP?tag=topinalambricos-21&linkCode=osi&th=1&psc=1","Images":{"Primary":{"Small":{"Height":75,"URL":"https://m.media-amazon.com/images/I/41SPil9vAYL._SL75_.jpg","Width":75}}},"ItemInfo":{"ByLineInfo":{"Brand":{"DisplayValue":"SAGUARO","Label":"Brand","Locale":"es_ES"}},"Title":{"DisplayValue":"SAGUARO® Invierno Mujer Botas de Nieve Cuero Calientes Fur Botines Plataforma Bota Boots Ocasional Impermeable Anti Deslizante Zapatos, Amarillo 39","Label":"Title","Locale":"es_ES"}},"Offers":{"Summaries":[{"Condition":{"Value":"New"},"LowestPrice":{"Amount":40.99,"Currency":"EUR","DisplayAmount":"40,99 €"}}]}},{"ASIN":"B08L5D6ZYC","DetailPageURL":"https://www.amazon.es/dp/B08L5D6ZYC?tag=topinalambricos-21&linkCode=osi&th=1&psc=1","Images":{"Primary":{"Small":{"Height":75,"URL":"https://m.media-amazon.com/images/I/316HeE+4q1L._SL75_.jpg","Width":64}}},"ItemInfo":{"ByLineInfo":{"Brand":{"DisplayValue":"BOSANOVA","Label":"Brand","Locale":"es_ES"},"Manufacturer":{"DisplayValue":"BOSANOVA","Label":"Manufacturer","Locale":"es_ES"}},"Title":{"DisplayValue":"BOSANOVA Botines con tacón ancho de 6'4 cm y hebilla decorativa en el lateral. Cierre con cremallera interior. CUERO 39","Label":"Title","Locale":"es_ES"}},"Offers":{"Summaries":[{"Condition":{"Value":"New"},"LowestPrice":{"Amount":49.9,"Currency":"EUR","DisplayAmount":"49,90 €"}}]}}],"SearchURL":"https://www.amazon.es/s?k=cuero&rh=n%3A2008256031%2Cp_n_availability%3A-1&tag=topinalambricos-21&linkCode=osi","TotalResultCount":1054}},"225":{"SearchResult":{"Items":[{"ASIN":"B0B51W9CNV","DetailPageURL":"https://www.amazon.es/dp/B0B51W9CNV?tag=topinalambricos-21&linkCode=osi&th=1&psc=1","Images":{"Primary":{"Small":{"Height":75,"URL":"https://m.media-amazon.com/images/I/418SodDhGEL._SL75_.jpg","Width":75}}},"ItemInfo":{"ByLineInfo":{"Brand":{"DisplayValue":"BORLENI","Label":"Brand","Locale":"es_ES"},"Manufacturer":{"DisplayValue":"BORLENI","Label":"Manufacturer","Locale":"es_ES"}},"Title":{"DisplayValue":"Botas Moto de Cuero Hombre Zapatos Moto Protectoras de Motocross Road Street Motocicleta Casual Zapatillas Transpirables Suela Antideslizante","Label":"Title","Locale":"es_ES"}},"Offers":{"Summaries":[{"Condition":{"Value":"New"},"LowestPrice":{"Amount":99.99,"Currency":"EUR","DisplayAmount":"99,99 €"}}]}},{"ASIN":"B0949BZV68","DetailPageURL":"https://www.amazon.es/dp/B0949BZV68?tag=topinalambricos-21&linkCode=osi&th=1&psc=1","Images":{"Primary":{"Small":{"Height":75,"URL":"https://m.media-amazon.com/images/I/41voD7zJaxS._SL75_.jpg","Width":75}}},"ItemInfo":{"ByLineInfo":{"Brand":{"DisplayValue":"SHIMA","Label":"Brand","Locale":"es_ES"},"Manufacturer":{"DisplayValue":"SHIMA","Label":"Manufacturer","Locale":"es_ES"}},"Title":{"DisplayValue":"SHIMA SX-2 EVO Botas Moto Hombre - Zapatillas Moto de Cuero, Transpirables, Reforzados con Soporte el Tobillo, Suela Antideslizante, Almohadilla el Engranaje (Azul, 41)","Label":"Title","Locale":"es_ES"}},"Offers":{"Summaries":[{"Condition":{"Value":"New"},"LowestPrice":{"Amount":99.8,"Currency":"EUR","DisplayAmount":"99,80 €"}}]}},{"ASIN":"B01BFBSFQI","DetailPageURL":"https://www.amazon.es/dp/B01BFBSFQI?tag=topinalambricos-21&linkCode=osi&th=1&psc=1","Images":{"Primary":{"Small":{"Height":55,"URL":"https://m.media-amazon.com/images/I/411qS-53j9L._SL75_.jpg","Width":75}}},"ItemInfo":{"ByLineInfo":{"Brand":{"DisplayValue":"STYLMARTIN","Label":"Brand","Locale":"es_ES"},"Manufacturer":{"DisplayValue":"stylmartin","Label":"Manufacturer","Locale":"es_ES"}},"Title":{"DisplayValue":"Stylmartin Cafe Racer Moto Rocket Botas en color marrón, talla 45","Label":"Title","Locale":"es_ES"}},"Offers":{"Summaries":[{"Condition":{"Value":"New"},"LowestPrice":{"Amount":189.62,"Currency":"EUR","DisplayAmount":"189,62 €"}}]}},{"ASIN":"B07QN6C7D6","DetailPageURL":"https://www.amazon.es/dp/B07QN6C7D6?tag=topinalambricos-21&linkCode=osi&th=1&psc=1","Images":{"Primary":{"Small":{"Height":75,"URL":"https://m.media-amazon.com/images/I/411J2bbO0sL._SL75_.jpg","Width":75}}},"ItemInfo":{"ByLineInfo":{"Brand":{"DisplayValue":"SHIMA","Label":"Brand","Locale":"es_ES"},"Manufacturer":{"DisplayValue":"SHIMA","Label":"Manufacturer","Locale":"es_ES"}},"Title":{"DisplayValue":"SHIMA Thomson, Zapatos Moto Hombre | Reforzados Zapatos Moto de Cuero, Soporte para el tobillo, Suela Antideslizante, Mango de Cambio de Marchas (Negro, 43)","Label":"Title","Locale":"es_ES"}},"Offers":{"Summaries":[{"Condition":{"Value":"New"},"LowestPrice":{"Amount":126.84,"Currency":"EUR","DisplayAmount":"126,84 €"}},{"Condition":{"Value":"Used"},"LowestPrice":{"Amount":100.39,"Currency":"EUR","DisplayAmount":"100,39 €"}}]}},{"ASIN":"B08562ZYS8","DetailPageURL":"https://www.amazon.es/dp/B08562ZYS8?tag=topinalambricos-21&linkCode=osi&th=1&psc=1","Images":{"Primary":{"Small":{"Height":56,"URL":"https://m.media-amazon.com/images/I/41I3zzFDZML._SL75_.jpg","Width":75}}},"ItemInfo":{"ByLineInfo":{"Brand":{"DisplayValue":"KEN ROD","Label":"Brand","Locale":"es_ES"},"Manufacturer":{"DisplayValue":"KEN ROD","Label":"Manufacturer","Locale":"es_ES"}},"Title":{"DisplayValue":"KEN ROD Botas Piel Moto | Botas Moto | Botas Motocicleta de Cuero | Botas de Moto Proteccion","Label":"Title","Locale":"es_ES"}},"Offers":{"Summaries":[{"Condition":{"Value":"New"},"LowestPrice":{"Amount":99.99,"Currency":"EUR","DisplayAmount":"99,99 €"}}]}},{"ASIN":"B003G971KO","DetailPageURL":"https://www.amazon.es/dp/B003G971KO?tag=topinalambricos-21&linkCode=osi&th=1&psc=1","Images":{"Primary":{"Small":{"Height":75,"URL":"https://m.media-amazon.com/images/I/41QgynpbbBL._SL75_.jpg","Width":68}}},"ItemInfo":{"ByLineInfo":{"Brand":{"DisplayValue":"Protectwear","Label":"Brand","Locale":"es_ES"},"Manufacturer":{"DisplayValue":"Protectwear","Label":"Manufacturer","Locale":"es_ES"}},"Title":{"DisplayValue":"Protectwear Botas de moto de media altura, botas de viaje en moto, TB-ALN Tamaño 43, W-2008","Label":"Title","Locale":"es_ES"}},"Offers":{"Summaries":[{"Condition":{"Value":"New"},"LowestPrice":{"Amount":93.4,"Currency":"EUR","DisplayAmount":"93,40 €"}}]}},{"ASIN":"B0888NRRZQ","DetailPageURL":"https://www.amazon.es/dp/B0888NRRZQ?tag=topinalambricos-21&linkCode=osi&th=1&psc=1","Images":{"Primary":{"Small":{"Height":67,"URL":"https://m.media-amazon.com/images/I/41RXdFFJjZL._SL75_.jpg","Width":75}}},"ItemInfo":{"ByLineInfo":{"Brand":{"DisplayValue":"KEN ROD","Label":"Brand","Locale":"es_ES"},"Manufacturer":{"DisplayValue":"KEN ROD","Label":"Manufacturer","Locale":"es_ES"}},"Title":{"DisplayValue":"KEN ROD Botas Piel Moto | Botas Moto | Botas Motocicleta de Cuero | Botas de Moto Proteccion | Botas Cuero Proteccion","Label":"Title","Locale":"es_ES"}},"Offers":{"Summaries":[{"Condition":{"Value":"New"},"LowestPrice":{"Amount":99.99,"Currency":"EUR","DisplayAmount":"99,99 €"}}]}},{"ASIN":"B07T1SBL3H","DetailPageURL":"https://www.amazon.es/dp/B07T1SBL3H?tag=topinalambricos-21&linkCode=osi&th=1&psc=1","Images":{"Primary":{"Small":{"Height":75,"URL":"https://m.media-amazon.com/images/I/41QmQRxR6SL._SL75_.jpg","Width":60}}},"ItemInfo":{"ByLineInfo":{"Brand":{"DisplayValue":"Jet","Label":"Brand","Locale":"es_ES"}},"Title":{"DisplayValue":"JET Botas Moto Motocicleta Deportivas Hombre Armadura Impermeable Cuero (46 EU, Negro Fluro)","Label":"Title","Locale":"es_ES"}},"Offers":{"Summaries":[{"Condition":{"Value":"New"},"LowestPrice":{"Amount":64.99,"Currency":"EUR","DisplayAmount":"64,99 €"}}]}},{"ASIN":"B08BTKGVK2","DetailPageURL":"https://www.amazon.es/dp/B08BTKGVK2?tag=topinalambricos-21&linkCode=osi&th=1&psc=1","Images":{"Primary":{"Small":{"Height":75,"URL":"https://m.media-amazon.com/images/I/4199IZupgxL._SL75_.jpg","Width":75}}},"ItemInfo":{"ByLineInfo":{"Brand":{"DisplayValue":"SHIMA","Label":"Brand","Locale":"es_ES"},"Manufacturer":{"DisplayValue":"SHIMA","Label":"Manufacturer","Locale":"es_ES"}},"Title":{"DisplayValue":"SHIMA Blake Zapatos de Motocicleta para Hombres | Cuero, Transpirables, Zapatos de calle reforzados con cremallera lateral, Soporte de tobillo, Suela antideslizante, Almohadilla de cambio (Marrón, 44)","Label":"Title","Locale":"es_ES"}},"Offers":{"Summaries":[{"Condition":{"Value":"New"},"LowestPrice":{"Amount":99.37,"Currency":"EUR","DisplayAmount":"99,37 €"}}]}},{"ASIN":"B095K5HFZC","DetailPageURL":"https://www.amazon.es/dp/B095K5HFZC?tag=topinalambricos-21&linkCode=osi&th=1&psc=1","Images":{"Primary":{"Small":{"Height":75,"URL":"https://m.media-amazon.com/images/I/41EPxyb+CBS._SL75_.jpg","Width":75}}},"ItemInfo":{"ByLineInfo":{"Brand":{"DisplayValue":"SHIMA","Label":"Brand","Locale":"es_ES"},"Manufacturer":{"DisplayValue":"SHIMA","Label":"Manufacturer","Locale":"es_ES"}},"Title":{"DisplayValue":"SHIMA SX-2 EVO LADY Botas Moto Mujere - Zapatillas Moto de Cuero, Transpirables, Reforzados con Soporte el Tobillo, Suela Antideslizante, Almohadilla el Engranaje (Azul, 40)","Label":"Title","Locale":"es_ES"}},"Offers":{"Summaries":[{"Condition":{"Value":"New"},"LowestPrice":{"Amount":110.93,"Currency":"EUR","DisplayAmount":"110,93 €"}}]}}],"SearchURL":"https://www.amazon.es/s?k=botas+cuero&rh=n%3A2425309031%2Cp_n_availability%3A-1&tag=topinalambricos-21&linkCode=osi","TotalResultCount":1602}},"226":{"SearchResult":{"Items":[{"ASIN":"B078NKSSJS","DetailPageURL":"https://www.amazon.es/dp/B078NKSSJS?tag=topinalambricos-21&linkCode=osi&th=1&psc=1","Images":{"Primary":{"Small":{"Height":56,"URL":"https://m.media-amazon.com/images/I/41iby0RJXLL._SL75_.jpg","Width":75}}},"ItemInfo":{"ByLineInfo":{"Brand":{"DisplayValue":"Converse","Label":"Brand","Locale":"es_ES"},"Manufacturer":{"DisplayValue":"Converse","Label":"Manufacturer","Locale":"es_ES"}},"Title":{"DisplayValue":"CONVERSE - CTAS Lift Clean OX 561681C - Black, Tamaño:39 EU","Label":"Title","Locale":"es_ES"}},"Offers":{"Summaries":[{"Condition":{"Value":"New"},"LowestPrice":{"Amount":77.0,"Currency":"EUR","DisplayAmount":"77,00 €"}}]}},{"ASIN":"B07BT6ZQGC","DetailPageURL":"https://www.amazon.es/dp/B07BT6ZQGC?tag=topinalambricos-21&linkCode=osi&th=1&psc=1","Images":{"Primary":{"Small":{"Height":75,"URL":"https://m.media-amazon.com/images/I/31XJF2SF-rL._SL75_.jpg","Width":74}}},"ItemInfo":{"ByLineInfo":{"Brand":{"DisplayValue":"Converse","Label":"Brand","Locale":"es_ES"},"Manufacturer":{"DisplayValue":"Converse","Label":"Manufacturer","Locale":"es_ES"}},"Title":{"DisplayValue":"Converse Chuck Taylor All Star Lift Negro Blanco Mujer 561675C001","Label":"Title","Locale":"es_ES"}},"Offers":{"Summaries":[{"Condition":{"Value":"New"},"LowestPrice":{"Amount":79.95,"Currency":"EUR","DisplayAmount":"79,95 €"}}]}},{"ASIN":"B07C9R6LNW","DetailPageURL":"https://www.amazon.es/dp/B07C9R6LNW?tag=topinalambricos-21&linkCode=osi&th=1&psc=1","Images":{"Primary":{"Small":{"Height":56,"URL":"https://m.media-amazon.com/images/I/41XELztMndL._SL75_.jpg","Width":75}}},"ItemInfo":{"ByLineInfo":{"Brand":{"DisplayValue":"Converse","Label":"Brand","Locale":"es_ES"},"Manufacturer":{"DisplayValue":"Converse","Label":"Manufacturer","Locale":"es_ES"}},"Title":{"DisplayValue":"CONVERSE - CTAS Lift Clean OX 561680C - White Black, Tamaño:38 EU","Label":"Title","Locale":"es_ES"}},"Offers":{"Summaries":[{"Condition":{"Value":"New"},"LowestPrice":{"Amount":77.14,"Currency":"EUR","DisplayAmount":"77,14 €"}}]}},{"ASIN":"B09QYBJNHR","DetailPageURL":"https://www.amazon.es/dp/B09QYBJNHR?tag=topinalambricos-21&linkCode=osi&th=1&psc=1","Images":{"Primary":{"Small":{"Height":72,"URL":"https://m.media-amazon.com/images/I/31CFER7vWiL._SL75_.jpg","Width":75}}},"ItemInfo":{"ByLineInfo":{"Brand":{"DisplayValue":"Converse","Label":"Brand","Locale":"es_ES"},"Manufacturer":{"DisplayValue":"CONVERSE","Label":"Manufacturer","Locale":"es_ES"}},"Title":{"DisplayValue":"CONVERSE Pro Leather Lift Neutral CR PINKCLAY 38","Label":"Title","Locale":"es_ES"}},"Offers":{"Summaries":[{"Condition":{"Value":"New"},"LowestPrice":{"Amount":86.0,"Currency":"EUR","DisplayAmount":"86,00 €"}}]}},{"ASIN":"B0B95TLKDH","DetailPageURL":"https://www.amazon.es/dp/B0B95TLKDH?tag=topinalambricos-21&linkCode=osi&th=1&psc=1","Images":{"Primary":{"Small":{"Height":75,"URL":"https://m.media-amazon.com/images/I/31T-ocxTz9L._SL75_.jpg","Width":75}}},"ItemInfo":{"ByLineInfo":{"Brand":{"DisplayValue":"Converse","Label":"Brand","Locale":"es_ES"},"Manufacturer":{"DisplayValue":"CONVERSE","Label":"Manufacturer","Locale":"es_ES"}},"Title":{"DisplayValue":"Zapatillas Mujer Mujer A03705c","Label":"Title","Locale":"es_ES"}},"Offers":{"Summaries":[{"Condition":{"Value":"New"},"LowestPrice":{"Amount":85.0,"Currency":"EUR","DisplayAmount":"85,00 €"}}]}},{"ASIN":"B0BCGRHY1D","DetailPageURL":"https://www.amazon.es/dp/B0BCGRHY1D?tag=topinalambricos-21&linkCode=osi&th=1&psc=1","Images":{"Primary":{"Small":{"Height":75,"URL":"https://m.media-amazon.com/images/I/31A88oMqUEL._SL75_.jpg","Width":57}}},"ItemInfo":{"ByLineInfo":{"Brand":{"DisplayValue":"Converse","Label":"Brand","Locale":"es_ES"},"Manufacturer":{"DisplayValue":"CONVERSE","Label":"Manufacturer","Locale":"es_ES"}},"Title":{"DisplayValue":"CONVERSE A01015C Zapatillas EVA Lift NIÑA Zapatillas Negro 35","Label":"Title","Locale":"es_ES"}},"Offers":{"Summaries":[{"Condition":{"Value":"New"},"LowestPrice":{"Amount":65.0,"Currency":"EUR","DisplayAmount":"65,00 €"}}]}},{"ASIN":"B079GWGTCC","DetailPageURL":"https://www.amazon.es/dp/B079GWGTCC?tag=topinalambricos-21&linkCode=osi&th=1&psc=1","Images":{"Primary":{"Small":{"Height":68,"URL":"https://m.media-amazon.com/images/I/41a7-04RIgL._SL75_.jpg","Width":75}}},"ItemInfo":{"ByLineInfo":{"Brand":{"DisplayValue":"Converse","Label":"Brand","Locale":"es_ES"},"Manufacturer":{"DisplayValue":"Converse","Label":"Manufacturer","Locale":"es_ES"}},"Title":{"DisplayValue":"CONVERSE - CTAS Lift HI 560846C - White, Tamaño:36.5 EU","Label":"Title","Locale":"es_ES"}},"Offers":{"Summaries":[{"Condition":{"Value":"New"},"LowestPrice":{"Amount":70.0,"Currency":"EUR","DisplayAmount":"70,00 €"}}]}},{"ASIN":"B007PBF3UE","DetailPageURL":"https://www.amazon.es/dp/B007PBF3UE?tag=topinalambricos-21&linkCode=osi&th=1&psc=1","Images":{"Primary":{"Small":{"Height":67,"URL":"https://m.media-amazon.com/images/I/51XgUpULaML._SL75_.jpg","Width":75}}},"ItemInfo":{"ByLineInfo":{"Brand":{"DisplayValue":"Converse","Label":"Brand","Locale":"es_ES"},"Contributors":[{"Locale":"es_ES","Name":"Converse","Role":"Diseñador","RoleType":"designer"}],"Manufacturer":{"DisplayValue":"Converse","Label":"Manufacturer","Locale":"es_ES"}},"Title":{"DisplayValue":"Mandriles Converse AS Alta Classic Lea 132170C del Nuevo Cuero de 1S581 I-Robot Negro, Converse Schuhe Unisex Sizegroup 10:44","Label":"Title","Locale":"es_ES"}},"Offers":{"Summaries":[{"Condition":{"Value":"New"},"LowestPrice":{"Amount":66.93,"Currency":"EUR","DisplayAmount":"66,93 €"}}]}},{"ASIN":"B0BMW6SGP9","DetailPageURL":"https://www.amazon.es/dp/B0BMW6SGP9?tag=topinalambricos-21&linkCode=osi&th=1&psc=1","Images":{"Primary":{"Small":{"Height":69,"URL":"https://m.media-amazon.com/images/I/41e9Yw4j8zL._SL75_.jpg","Width":75}}},"ItemInfo":{"ByLineInfo":{"Brand":{"DisplayValue":"Converse","Label":"Brand","Locale":"es_ES"}},"Title":{"DisplayValue":"Converse Chuck Taylor All Star Lift Platform Rainbow Fur, Piel blanca, 37.5 EU","Label":"Title","Locale":"es_ES"}},"Offers":{"Summaries":[{"Condition":{"Value":"New"},"LowestPrice":{"Amount":89.38,"Currency":"EUR","DisplayAmount":"89,38 €"}}]}},{"ASIN":"B0B6JDW8CR","DetailPageURL":"https://www.amazon.es/dp/B0B6JDW8CR?tag=topinalambricos-21&linkCode=osi&th=1&psc=1","Images":{"Primary":{"Small":{"Height":74,"URL":"https://m.media-amazon.com/images/I/41a4MLVv7jL._SL75_.jpg","Width":75}}},"ItemInfo":{"ByLineInfo":{"Brand":{"DisplayValue":"Converse","Label":"Brand","Locale":"es_ES"},"Manufacturer":{"DisplayValue":"Converse","Label":"Manufacturer","Locale":"es_ES"}},"Title":{"DisplayValue":"CONVERSE - Lift Platform Pearl Patch A00902C - Bone, Tamaño:39 EU","Label":"Title","Locale":"es_ES"}},"Offers":{"Summaries":[{"Condition":{"Value":"New"},"LowestPrice":{"Amount":95.0,"Currency":"EUR","DisplayAmount":"95,00 €"}}]}}],"SearchURL":"https://www.amazon.es/s?k=converse+cuero&rh=n%3A2008023031%2Cp_n_availability%3A-1&tag=topinalambricos-21&linkCode=osi","TotalResultCount":895}},"227":{"SearchResult":{"Items":[{"ASIN":"B078NKSSJS","DetailPageURL":"https://www.amazon.es/dp/B078NKSSJS?tag=topinalambricos-21&linkCode=osi&th=1&psc=1","Images":{"Primary":{"Small":{"Height":56,"URL":"https://m.media-amazon.com/images/I/41iby0RJXLL._SL75_.jpg","Width":75}}},"ItemInfo":{"ByLineInfo":{"Brand":{"DisplayValue":"Converse","Label":"Brand","Locale":"es_ES"},"Manufacturer":{"DisplayValue":"Converse","Label":"Manufacturer","Locale":"es_ES"}},"Title":{"DisplayValue":"CONVERSE - CTAS Lift Clean OX 561681C - Black, Tamaño:39 EU","Label":"Title","Locale":"es_ES"}},"Offers":{"Summaries":[{"Condition":{"Value":"New"},"LowestPrice":{"Amount":77.0,"Currency":"EUR","DisplayAmount":"77,00 €"}}]}},{"ASIN":"B07BT6ZQGC","DetailPageURL":"https://www.amazon.es/dp/B07BT6ZQGC?tag=topinalambricos-21&linkCode=osi&th=1&psc=1","Images":{"Primary":{"Small":{"Height":75,"URL":"https://m.media-amazon.com/images/I/31XJF2SF-rL._SL75_.jpg","Width":74}}},"ItemInfo":{"ByLineInfo":{"Brand":{"DisplayValue":"Converse","Label":"Brand","Locale":"es_ES"},"Manufacturer":{"DisplayValue":"Converse","Label":"Manufacturer","Locale":"es_ES"}},"Title":{"DisplayValue":"Converse Chuck Taylor All Star Lift Negro Blanco Mujer 561675C001","Label":"Title","Locale":"es_ES"}},"Offers":{"Summaries":[{"Condition":{"Value":"New"},"LowestPrice":{"Amount":79.95,"Currency":"EUR","DisplayAmount":"79,95 €"}}]}},{"ASIN":"B07C9R6LNW","DetailPageURL":"https://www.amazon.es/dp/B07C9R6LNW?tag=topinalambricos-21&linkCode=osi&th=1&psc=1","Images":{"Primary":{"Small":{"Height":56,"URL":"https://m.media-amazon.com/images/I/41XELztMndL._SL75_.jpg","Width":75}}},"ItemInfo":{"ByLineInfo":{"Brand":{"DisplayValue":"Converse","Label":"Brand","Locale":"es_ES"},"Manufacturer":{"DisplayValue":"Converse","Label":"Manufacturer","Locale":"es_ES"}},"Title":{"DisplayValue":"CONVERSE - CTAS Lift Clean OX 561680C - White Black, Tamaño:38 EU","Label":"Title","Locale":"es_ES"}},"Offers":{"Summaries":[{"Condition":{"Value":"New"},"LowestPrice":{"Amount":77.14,"Currency":"EUR","DisplayAmount":"77,14 €"}}]}},{"ASIN":"B09QYBJNHR","DetailPageURL":"https://www.amazon.es/dp/B09QYBJNHR?tag=topinalambricos-21&linkCode=osi&th=1&psc=1","Images":{"Primary":{"Small":{"Height":72,"URL":"https://m.media-amazon.com/images/I/31CFER7vWiL._SL75_.jpg","Width":75}}},"ItemInfo":{"ByLineInfo":{"Brand":{"DisplayValue":"Converse","Label":"Brand","Locale":"es_ES"},"Manufacturer":{"DisplayValue":"CONVERSE","Label":"Manufacturer","Locale":"es_ES"}},"Title":{"DisplayValue":"CONVERSE Pro Leather Lift Neutral CR PINKCLAY 38","Label":"Title","Locale":"es_ES"}},"Offers":{"Summaries":[{"Condition":{"Value":"New"},"LowestPrice":{"Amount":86.0,"Currency":"EUR","DisplayAmount":"86,00 €"}}]}},{"ASIN":"B0B95TLKDH","DetailPageURL":"https://www.amazon.es/dp/B0B95TLKDH?tag=topinalambricos-21&linkCode=osi&th=1&psc=1","Images":{"Primary":{"Small":{"Height":75,"URL":"https://m.media-amazon.com/images/I/31T-ocxTz9L._SL75_.jpg","Width":75}}},"ItemInfo":{"ByLineInfo":{"Brand":{"DisplayValue":"Converse","Label":"Brand","Locale":"es_ES"},"Manufacturer":{"DisplayValue":"CONVERSE","Label":"Manufacturer","Locale":"es_ES"}},"Title":{"DisplayValue":"Zapatillas Mujer Mujer A03705c","Label":"Title","Locale":"es_ES"}},"Offers":{"Summaries":[{"Condition":{"Value":"New"},"LowestPrice":{"Amount":85.0,"Currency":"EUR","DisplayAmount":"85,00 €"}}]}},{"ASIN":"B0BCGRHY1D","DetailPageURL":"https://www.amazon.es/dp/B0BCGRHY1D?tag=topinalambricos-21&linkCode=osi&th=1&psc=1","Images":{"Primary":{"Small":{"Height":75,"URL":"https://m.media-amazon.com/images/I/31A88oMqUEL._SL75_.jpg","Width":57}}},"ItemInfo":{"ByLineInfo":{"Brand":{"DisplayValue":"Converse","Label":"Brand","Locale":"es_ES"},"Manufacturer":{"DisplayValue":"CONVERSE","Label":"Manufacturer","Locale":"es_ES"}},"Title":{"DisplayValue":"CONVERSE A01015C Zapatillas EVA Lift NIÑA Zapatillas Negro 35","Label":"Title","Locale":"es_ES"}},"Offers":{"Summaries":[{"Condition":{"Value":"New"},"LowestPrice":{"Amount":65.0,"Currency":"EUR","DisplayAmount":"65,00 €"}}]}},{"ASIN":"B079GWGTCC","DetailPageURL":"https://www.amazon.es/dp/B079GWGTCC?tag=topinalambricos-21&linkCode=osi&th=1&psc=1","Images":{"Primary":{"Small":{"Height":68,"URL":"https://m.media-amazon.com/images/I/41a7-04RIgL._SL75_.jpg","Width":75}}},"ItemInfo":{"ByLineInfo":{"Brand":{"DisplayValue":"Converse","Label":"Brand","Locale":"es_ES"},"Manufacturer":{"DisplayValue":"Converse","Label":"Manufacturer","Locale":"es_ES"}},"Title":{"DisplayValue":"CONVERSE - CTAS Lift HI 560846C - White, Tamaño:36.5 EU","Label":"Title","Locale":"es_ES"}},"Offers":{"Summaries":[{"Condition":{"Value":"New"},"LowestPrice":{"Amount":70.0,"Currency":"EUR","DisplayAmount":"70,00 €"}}]}},{"ASIN":"B007PBF3UE","DetailPageURL":"https://www.amazon.es/dp/B007PBF3UE?tag=topinalambricos-21&linkCode=osi&th=1&psc=1","Images":{"Primary":{"Small":{"Height":67,"URL":"https://m.media-amazon.com/images/I/51XgUpULaML._SL75_.jpg","Width":75}}},"ItemInfo":{"ByLineInfo":{"Brand":{"DisplayValue":"Converse","Label":"Brand","Locale":"es_ES"},"Contributors":[{"Locale":"es_ES","Name":"Converse","Role":"Diseñador","RoleType":"designer"}],"Manufacturer":{"DisplayValue":"Converse","Label":"Manufacturer","Locale":"es_ES"}},"Title":{"DisplayValue":"Mandriles Converse AS Alta Classic Lea 132170C del Nuevo Cuero de 1S581 I-Robot Negro, Converse Schuhe Unisex Sizegroup 10:44","Label":"Title","Locale":"es_ES"}},"Offers":{"Summaries":[{"Condition":{"Value":"New"},"LowestPrice":{"Amount":66.93,"Currency":"EUR","DisplayAmount":"66,93 €"}}]}},{"ASIN":"B0BMW6SGP9","DetailPageURL":"https://www.amazon.es/dp/B0BMW6SGP9?tag=topinalambricos-21&linkCode=osi&th=1&psc=1","Images":{"Primary":{"Small":{"Height":69,"URL":"https://m.media-amazon.com/images/I/41e9Yw4j8zL._SL75_.jpg","Width":75}}},"ItemInfo":{"ByLineInfo":{"Brand":{"DisplayValue":"Converse","Label":"Brand","Locale":"es_ES"}},"Title":{"DisplayValue":"Converse Chuck Taylor All Star Lift Platform Rainbow Fur, Piel blanca, 37.5 EU","Label":"Title","Locale":"es_ES"}},"Offers":{"Summaries":[{"Condition":{"Value":"New"},"LowestPrice":{"Amount":89.38,"Currency":"EUR","DisplayAmount":"89,38 €"}}]}},{"ASIN":"B0B6JDW8CR","DetailPageURL":"https://www.amazon.es/dp/B0B6JDW8CR?tag=topinalambricos-21&linkCode=osi&th=1&psc=1","Images":{"Primary":{"Small":{"Height":74,"URL":"https://m.media-amazon.com/images/I/41a4MLVv7jL._SL75_.jpg","Width":75}}},"ItemInfo":{"ByLineInfo":{"Brand":{"DisplayValue":"Converse","Label":"Brand","Locale":"es_ES"},"Manufacturer":{"DisplayValue":"Converse","Label":"Manufacturer","Locale":"es_ES"}},"Title":{"DisplayValue":"CONVERSE - Lift Platform Pearl Patch A00902C - Bone, Tamaño:39 EU","Label":"Title","Locale":"es_ES"}},"Offers":{"Summaries":[{"Condition":{"Value":"New"},"LowestPrice":{"Amount":95.0,"Currency":"EUR","DisplayAmount":"95,00 €"}}]}}],"SearchURL":"https://www.amazon.es/s?k=converse+cuero&rh=n%3A2008023031%2Cp_n_availability%3A-1&tag=topinalambricos-21&linkCode=osi","TotalResultCount":895}},"228":{"SearchResult":{"Items":[{"ASIN":"B078NKSSJS","DetailPageURL":"https://www.amazon.es/dp/B078NKSSJS?tag=topinalambricos-21&linkCode=osi&th=1&psc=1","Images":{"Primary":{"Small":{"Height":56,"URL":"https://m.media-amazon.com/images/I/41iby0RJXLL._SL75_.jpg","Width":75}}},"ItemInfo":{"ByLineInfo":{"Brand":{"DisplayValue":"Converse","Label":"Brand","Locale":"es_ES"},"Manufacturer":{"DisplayValue":"Converse","Label":"Manufacturer","Locale":"es_ES"}},"Title":{"DisplayValue":"CONVERSE - CTAS Lift Clean OX 561681C - Black, Tamaño:39 EU","Label":"Title","Locale":"es_ES"}},"Offers":{"Summaries":[{"Condition":{"Value":"New"},"LowestPrice":{"Amount":77.0,"Currency":"EUR","DisplayAmount":"77,00 €"}}]}},{"ASIN":"B07BT6ZQGC","DetailPageURL":"https://www.amazon.es/dp/B07BT6ZQGC?tag=topinalambricos-21&linkCode=osi&th=1&psc=1","Images":{"Primary":{"Small":{"Height":75,"URL":"https://m.media-amazon.com/images/I/31XJF2SF-rL._SL75_.jpg","Width":74}}},"ItemInfo":{"ByLineInfo":{"Brand":{"DisplayValue":"Converse","Label":"Brand","Locale":"es_ES"},"Manufacturer":{"DisplayValue":"Converse","Label":"Manufacturer","Locale":"es_ES"}},"Title":{"DisplayValue":"Converse Chuck Taylor All Star Lift Negro Blanco Mujer 561675C001","Label":"Title","Locale":"es_ES"}},"Offers":{"Summaries":[{"Condition":{"Value":"New"},"LowestPrice":{"Amount":79.95,"Currency":"EUR","DisplayAmount":"79,95 €"}}]}},{"ASIN":"B07C9R6LNW","DetailPageURL":"https://www.amazon.es/dp/B07C9R6LNW?tag=topinalambricos-21&linkCode=osi&th=1&psc=1","Images":{"Primary":{"Small":{"Height":56,"URL":"https://m.media-amazon.com/images/I/41XELztMndL._SL75_.jpg","Width":75}}},"ItemInfo":{"ByLineInfo":{"Brand":{"DisplayValue":"Converse","Label":"Brand","Locale":"es_ES"},"Manufacturer":{"DisplayValue":"Converse","Label":"Manufacturer","Locale":"es_ES"}},"Title":{"DisplayValue":"CONVERSE - CTAS Lift Clean OX 561680C - White Black, Tamaño:38 EU","Label":"Title","Locale":"es_ES"}},"Offers":{"Summaries":[{"Condition":{"Value":"New"},"LowestPrice":{"Amount":77.14,"Currency":"EUR","DisplayAmount":"77,14 €"}}]}},{"ASIN":"B09QYBJNHR","DetailPageURL":"https://www.amazon.es/dp/B09QYBJNHR?tag=topinalambricos-21&linkCode=osi&th=1&psc=1","Images":{"Primary":{"Small":{"Height":72,"URL":"https://m.media-amazon.com/images/I/31CFER7vWiL._SL75_.jpg","Width":75}}},"ItemInfo":{"ByLineInfo":{"Brand":{"DisplayValue":"Converse","Label":"Brand","Locale":"es_ES"},"Manufacturer":{"DisplayValue":"CONVERSE","Label":"Manufacturer","Locale":"es_ES"}},"Title":{"DisplayValue":"CONVERSE Pro Leather Lift Neutral CR PINKCLAY 38","Label":"Title","Locale":"es_ES"}},"Offers":{"Summaries":[{"Condition":{"Value":"New"},"LowestPrice":{"Amount":86.0,"Currency":"EUR","DisplayAmount":"86,00 €"}}]}},{"ASIN":"B0B95TLKDH","DetailPageURL":"https://www.amazon.es/dp/B0B95TLKDH?tag=topinalambricos-21&linkCode=osi&th=1&psc=1","Images":{"Primary":{"Small":{"Height":75,"URL":"https://m.media-amazon.com/images/I/31T-ocxTz9L._SL75_.jpg","Width":75}}},"ItemInfo":{"ByLineInfo":{"Brand":{"DisplayValue":"Converse","Label":"Brand","Locale":"es_ES"},"Manufacturer":{"DisplayValue":"CONVERSE","Label":"Manufacturer","Locale":"es_ES"}},"Title":{"DisplayValue":"Zapatillas Mujer Mujer A03705c","Label":"Title","Locale":"es_ES"}},"Offers":{"Summaries":[{"Condition":{"Value":"New"},"LowestPrice":{"Amount":85.0,"Currency":"EUR","DisplayAmount":"85,00 €"}}]}},{"ASIN":"B0BCGRHY1D","DetailPageURL":"https://www.amazon.es/dp/B0BCGRHY1D?tag=topinalambricos-21&linkCode=osi&th=1&psc=1","Images":{"Primary":{"Small":{"Height":75,"URL":"https://m.media-amazon.com/images/I/31A88oMqUEL._SL75_.jpg","Width":57}}},"ItemInfo":{"ByLineInfo":{"Brand":{"DisplayValue":"Converse","Label":"Brand","Locale":"es_ES"},"Manufacturer":{"DisplayValue":"CONVERSE","Label":"Manufacturer","Locale":"es_ES"}},"Title":{"DisplayValue":"CONVERSE A01015C Zapatillas EVA Lift NIÑA Zapatillas Negro 35","Label":"Title","Locale":"es_ES"}},"Offers":{"Summaries":[{"Condition":{"Value":"New"},"LowestPrice":{"Amount":65.0,"Currency":"EUR","DisplayAmount":"65,00 €"}}]}},{"ASIN":"B079GWGTCC","DetailPageURL":"https://www.amazon.es/dp/B079GWGTCC?tag=topinalambricos-21&linkCode=osi&th=1&psc=1","Images":{"Primary":{"Small":{"Height":68,"URL":"https://m.media-amazon.com/images/I/41a7-04RIgL._SL75_.jpg","Width":75}}},"ItemInfo":{"ByLineInfo":{"Brand":{"DisplayValue":"Converse","Label":"Brand","Locale":"es_ES"},"Manufacturer":{"DisplayValue":"Converse","Label":"Manufacturer","Locale":"es_ES"}},"Title":{"DisplayValue":"CONVERSE - CTAS Lift HI 560846C - White, Tamaño:36.5 EU","Label":"Title","Locale":"es_ES"}},"Offers":{"Summaries":[{"Condition":{"Value":"New"},"LowestPrice":{"Amount":70.0,"Currency":"EUR","DisplayAmount":"70,00 €"}}]}},{"ASIN":"B007PBF3UE","DetailPageURL":"https://www.amazon.es/dp/B007PBF3UE?tag=topinalambricos-21&linkCode=osi&th=1&psc=1","Images":{"Primary":{"Small":{"Height":67,"URL":"https://m.media-amazon.com/images/I/51XgUpULaML._SL75_.jpg","Width":75}}},"ItemInfo":{"ByLineInfo":{"Brand":{"DisplayValue":"Converse","Label":"Brand","Locale":"es_ES"},"Contributors":[{"Locale":"es_ES","Name":"Converse","Role":"Diseñador","RoleType":"designer"}],"Manufacturer":{"DisplayValue":"Converse","Label":"Manufacturer","Locale":"es_ES"}},"Title":{"DisplayValue":"Mandriles Converse AS Alta Classic Lea 132170C del Nuevo Cuero de 1S581 I-Robot Negro, Converse Schuhe Unisex Sizegroup 10:44","Label":"Title","Locale":"es_ES"}},"Offers":{"Summaries":[{"Condition":{"Value":"New"},"LowestPrice":{"Amount":66.93,"Currency":"EUR","DisplayAmount":"66,93 €"}}]}},{"ASIN":"B0BMW6SGP9","DetailPageURL":"https://www.amazon.es/dp/B0BMW6SGP9?tag=topinalambricos-21&linkCode=osi&th=1&psc=1","Images":{"Primary":{"Small":{"Height":69,"URL":"https://m.media-amazon.com/images/I/41e9Yw4j8zL._SL75_.jpg","Width":75}}},"ItemInfo":{"ByLineInfo":{"Brand":{"DisplayValue":"Converse","Label":"Brand","Locale":"es_ES"}},"Title":{"DisplayValue":"Converse Chuck Taylor All Star Lift Platform Rainbow Fur, Piel blanca, 37.5 EU","Label":"Title","Locale":"es_ES"}},"Offers":{"Summaries":[{"Condition":{"Value":"New"},"LowestPrice":{"Amount":89.38,"Currency":"EUR","DisplayAmount":"89,38 €"}}]}},{"ASIN":"B0B6JDW8CR","DetailPageURL":"https://www.amazon.es/dp/B0B6JDW8CR?tag=topinalambricos-21&linkCode=osi&th=1&psc=1","Images":{"Primary":{"Small":{"Height":74,"URL":"https://m.media-amazon.com/images/I/41a4MLVv7jL._SL75_.jpg","Width":75}}},"ItemInfo":{"ByLineInfo":{"Brand":{"DisplayValue":"Converse","Label":"Brand","Locale":"es_ES"},"Manufacturer":{"DisplayValue":"Converse","Label":"Manufacturer","Locale":"es_ES"}},"Title":{"DisplayValue":"CONVERSE - Lift Platform Pearl Patch A00902C - Bone, Tamaño:39 EU","Label":"Title","Locale":"es_ES"}},"Offers":{"Summaries":[{"Condition":{"Value":"New"},"LowestPrice":{"Amount":95.0,"Currency":"EUR","DisplayAmount":"95,00 €"}}]}}],"SearchURL":"https://www.amazon.es/s?k=converse+cuero&rh=n%3A2008023031%2Cp_n_availability%3A-1&tag=topinalambricos-21&linkCode=osi","TotalResultCount":895}},"229":{"SearchResult":{"Items":[{"ASIN":"B078NKSSJS","DetailPageURL":"https://www.amazon.es/dp/B078NKSSJS?tag=topinalambricos-21&linkCode=osi&th=1&psc=1","Images":{"Primary":{"Small":{"Height":56,"URL":"https://m.media-amazon.com/images/I/41iby0RJXLL._SL75_.jpg","Width":75}}},"ItemInfo":{"ByLineInfo":{"Brand":{"DisplayValue":"Converse","Label":"Brand","Locale":"es_ES"},"Manufacturer":{"DisplayValue":"Converse","Label":"Manufacturer","Locale":"es_ES"}},"Title":{"DisplayValue":"CONVERSE - CTAS Lift Clean OX 561681C - Black, Tamaño:39 EU","Label":"Title","Locale":"es_ES"}},"Offers":{"Summaries":[{"Condition":{"Value":"New"},"LowestPrice":{"Amount":77.0,"Currency":"EUR","DisplayAmount":"77,00 €"}}]}},{"ASIN":"B07BT6ZQGC","DetailPageURL":"https://www.amazon.es/dp/B07BT6ZQGC?tag=topinalambricos-21&linkCode=osi&th=1&psc=1","Images":{"Primary":{"Small":{"Height":75,"URL":"https://m.media-amazon.com/images/I/31XJF2SF-rL._SL75_.jpg","Width":74}}},"ItemInfo":{"ByLineInfo":{"Brand":{"DisplayValue":"Converse","Label":"Brand","Locale":"es_ES"},"Manufacturer":{"DisplayValue":"Converse","Label":"Manufacturer","Locale":"es_ES"}},"Title":{"DisplayValue":"Converse Chuck Taylor All Star Lift Negro Blanco Mujer 561675C001","Label":"Title","Locale":"es_ES"}},"Offers":{"Summaries":[{"Condition":{"Value":"New"},"LowestPrice":{"Amount":79.95,"Currency":"EUR","DisplayAmount":"79,95 €"}}]}},{"ASIN":"B07C9R6LNW","DetailPageURL":"https://www.amazon.es/dp/B07C9R6LNW?tag=topinalambricos-21&linkCode=osi&th=1&psc=1","Images":{"Primary":{"Small":{"Height":56,"URL":"https://m.media-amazon.com/images/I/41XELztMndL._SL75_.jpg","Width":75}}},"ItemInfo":{"ByLineInfo":{"Brand":{"DisplayValue":"Converse","Label":"Brand","Locale":"es_ES"},"Manufacturer":{"DisplayValue":"Converse","Label":"Manufacturer","Locale":"es_ES"}},"Title":{"DisplayValue":"CONVERSE - CTAS Lift Clean OX 561680C - White Black, Tamaño:38 EU","Label":"Title","Locale":"es_ES"}},"Offers":{"Summaries":[{"Condition":{"Value":"New"},"LowestPrice":{"Amount":77.14,"Currency":"EUR","DisplayAmount":"77,14 €"}}]}},{"ASIN":"B09QYBJNHR","DetailPageURL":"https://www.amazon.es/dp/B09QYBJNHR?tag=topinalambricos-21&linkCode=osi&th=1&psc=1","Images":{"Primary":{"Small":{"Height":72,"URL":"https://m.media-amazon.com/images/I/31CFER7vWiL._SL75_.jpg","Width":75}}},"ItemInfo":{"ByLineInfo":{"Brand":{"DisplayValue":"Converse","Label":"Brand","Locale":"es_ES"},"Manufacturer":{"DisplayValue":"CONVERSE","Label":"Manufacturer","Locale":"es_ES"}},"Title":{"DisplayValue":"CONVERSE Pro Leather Lift Neutral CR PINKCLAY 38","Label":"Title","Locale":"es_ES"}},"Offers":{"Summaries":[{"Condition":{"Value":"New"},"LowestPrice":{"Amount":86.0,"Currency":"EUR","DisplayAmount":"86,00 €"}}]}},{"ASIN":"B0B95TLKDH","DetailPageURL":"https://www.amazon.es/dp/B0B95TLKDH?tag=topinalambricos-21&linkCode=osi&th=1&psc=1","Images":{"Primary":{"Small":{"Height":75,"URL":"https://m.media-amazon.com/images/I/31T-ocxTz9L._SL75_.jpg","Width":75}}},"ItemInfo":{"ByLineInfo":{"Brand":{"DisplayValue":"Converse","Label":"Brand","Locale":"es_ES"},"Manufacturer":{"DisplayValue":"CONVERSE","Label":"Manufacturer","Locale":"es_ES"}},"Title":{"DisplayValue":"Zapatillas Mujer Mujer A03705c","Label":"Title","Locale":"es_ES"}},"Offers":{"Summaries":[{"Condition":{"Value":"New"},"LowestPrice":{"Amount":85.0,"Currency":"EUR","DisplayAmount":"85,00 €"}}]}},{"ASIN":"B0BCGRHY1D","DetailPageURL":"https://www.amazon.es/dp/B0BCGRHY1D?tag=topinalambricos-21&linkCode=osi&th=1&psc=1","Images":{"Primary":{"Small":{"Height":75,"URL":"https://m.media-amazon.com/images/I/31A88oMqUEL._SL75_.jpg","Width":57}}},"ItemInfo":{"ByLineInfo":{"Brand":{"DisplayValue":"Converse","Label":"Brand","Locale":"es_ES"},"Manufacturer":{"DisplayValue":"CONVERSE","Label":"Manufacturer","Locale":"es_ES"}},"Title":{"DisplayValue":"CONVERSE A01015C Zapatillas EVA Lift NIÑA Zapatillas Negro 35","Label":"Title","Locale":"es_ES"}},"Offers":{"Summaries":[{"Condition":{"Value":"New"},"LowestPrice":{"Amount":65.0,"Currency":"EUR","DisplayAmount":"65,00 €"}}]}},{"ASIN":"B079GWGTCC","DetailPageURL":"https://www.amazon.es/dp/B079GWGTCC?tag=topinalambricos-21&linkCode=osi&th=1&psc=1","Images":{"Primary":{"Small":{"Height":68,"URL":"https://m.media-amazon.com/images/I/41a7-04RIgL._SL75_.jpg","Width":75}}},"ItemInfo":{"ByLineInfo":{"Brand":{"DisplayValue":"Converse","Label":"Brand","Locale":"es_ES"},"Manufacturer":{"DisplayValue":"Converse","Label":"Manufacturer","Locale":"es_ES"}},"Title":{"DisplayValue":"CONVERSE - CTAS Lift HI 560846C - White, Tamaño:36.5 EU","Label":"Title","Locale":"es_ES"}},"Offers":{"Summaries":[{"Condition":{"Value":"New"},"LowestPrice":{"Amount":70.0,"Currency":"EUR","DisplayAmount":"70,00 €"}}]}},{"ASIN":"B007PBF3UE","DetailPageURL":"https://www.amazon.es/dp/B007PBF3UE?tag=topinalambricos-21&linkCode=osi&th=1&psc=1","Images":{"Primary":{"Small":{"Height":67,"URL":"https://m.media-amazon.com/images/I/51XgUpULaML._SL75_.jpg","Width":75}}},"ItemInfo":{"ByLineInfo":{"Brand":{"DisplayValue":"Converse","Label":"Brand","Locale":"es_ES"},"Contributors":[{"Locale":"es_ES","Name":"Converse","Role":"Diseñador","RoleType":"designer"}],"Manufacturer":{"DisplayValue":"Converse","Label":"Manufacturer","Locale":"es_ES"}},"Title":{"DisplayValue":"Mandriles Converse AS Alta Classic Lea 132170C del Nuevo Cuero de 1S581 I-Robot Negro, Converse Schuhe Unisex Sizegroup 10:44","Label":"Title","Locale":"es_ES"}},"Offers":{"Summaries":[{"Condition":{"Value":"New"},"LowestPrice":{"Amount":66.93,"Currency":"EUR","DisplayAmount":"66,93 €"}}]}},{"ASIN":"B0BMW6SGP9","DetailPageURL":"https://www.amazon.es/dp/B0BMW6SGP9?tag=topinalambricos-21&linkCode=osi&th=1&psc=1","Images":{"Primary":{"Small":{"Height":69,"URL":"https://m.media-amazon.com/images/I/41e9Yw4j8zL._SL75_.jpg","Width":75}}},"ItemInfo":{"ByLineInfo":{"Brand":{"DisplayValue":"Converse","Label":"Brand","Locale":"es_ES"}},"Title":{"DisplayValue":"Converse Chuck Taylor All Star Lift Platform Rainbow Fur, Piel blanca, 37.5 EU","Label":"Title","Locale":"es_ES"}},"Offers":{"Summaries":[{"Condition":{"Value":"New"},"LowestPrice":{"Amount":89.38,"Currency":"EUR","DisplayAmount":"89,38 €"}}]}},{"ASIN":"B0B6JDW8CR","DetailPageURL":"https://www.amazon.es/dp/B0B6JDW8CR?tag=topinalambricos-21&linkCode=osi&th=1&psc=1","Images":{"Primary":{"Small":{"Height":74,"URL":"https://m.media-amazon.com/images/I/41a4MLVv7jL._SL75_.jpg","Width":75}}},"ItemInfo":{"ByLineInfo":{"Brand":{"DisplayValue":"Converse","Label":"Brand","Locale":"es_ES"},"Manufacturer":{"DisplayValue":"Converse","Label":"Manufacturer","Locale":"es_ES"}},"Title":{"DisplayValue":"CONVERSE - Lift Platform Pearl Patch A00902C - Bone, Tamaño:39 EU","Label":"Title","Locale":"es_ES"}},"Offers":{"Summaries":[{"Condition":{"Value":"New"},"LowestPrice":{"Amount":95.0,"Currency":"EUR","DisplayAmount":"95,00 €"}}]}}],"SearchURL":"https://www.amazon.es/s?k=converse+cuero&rh=n%3A2008023031%2Cp_n_availability%3A-1&tag=topinalambricos-21&linkCode=osi","TotalResultCount":895}},"230":{"SearchResult":{"Items":[{"ASIN":"B0B6JGQJ4K","DetailPageURL":"https://www.amazon.es/dp/B0B6JGQJ4K?tag=topinalambricos-21&linkCode=osi&th=1&psc=1","Images":{"Primary":{"Small":{"Height":75,"URL":"https://m.media-amazon.com/images/I/417c2jl17CL._SL75_.jpg","Width":75}}},"ItemInfo":{"ByLineInfo":{"Brand":{"DisplayValue":"Converse","Label":"Brand","Locale":"es_ES"},"Manufacturer":{"DisplayValue":"Converse","Label":"Manufacturer","Locale":"es_ES"}},"Title":{"DisplayValue":"Converse Chuck Taylor All Star Eva Lift Leather, Zapatillas Deportivas, Black Natural Ivory White, 38 EU","Label":"Title","Locale":"es_ES"}},"Offers":{"Summaries":[{"Condition":{"Value":"New"},"LowestPrice":{"Amount":69.99,"Currency":"EUR","DisplayAmount":"69,99 €"}}]}},{"ASIN":"B07BT6ZQGC","DetailPageURL":"https://www.amazon.es/dp/B07BT6ZQGC?tag=topinalambricos-21&linkCode=osi&th=1&psc=1","Images":{"Primary":{"Small":{"Height":75,"URL":"https://m.media-amazon.com/images/I/31XJF2SF-rL._SL75_.jpg","Width":74}}},"ItemInfo":{"ByLineInfo":{"Brand":{"DisplayValue":"Converse","Label":"Brand","Locale":"es_ES"},"Manufacturer":{"DisplayValue":"Converse","Label":"Manufacturer","Locale":"es_ES"}},"Title":{"DisplayValue":"Converse Chuck Taylor All Star Lift Negro Blanco Mujer 561675C001","Label":"Title","Locale":"es_ES"}},"Offers":{"Summaries":[{"Condition":{"Value":"New"},"LowestPrice":{"Amount":79.95,"Currency":"EUR","DisplayAmount":"79,95 €"}}]}},{"ASIN":"B0BHNN4VKX","DetailPageURL":"https://www.amazon.es/dp/B0BHNN4VKX?tag=topinalambricos-21&linkCode=osi&th=1&psc=1","Images":{"Primary":{"Small":{"Height":75,"URL":"https://m.media-amazon.com/images/I/21GWz2pyGQL._SL75_.jpg","Width":57}}},"ItemInfo":{"ByLineInfo":{"Brand":{"DisplayValue":"Converse","Label":"Brand","Locale":"es_ES"},"Manufacturer":{"DisplayValue":"Converse","Label":"Manufacturer","Locale":"es_ES"}},"Title":{"DisplayValue":"CONVERSE CONVERSE CTAS Lift HI Mujer Gris 37","Label":"Title","Locale":"es_ES"}},"Offers":{"Summaries":[{"Condition":{"Value":"New"},"LowestPrice":{"Amount":78.9,"Currency":"EUR","DisplayAmount":"78,90 €"}}]}},{"ASIN":"B0B9VQG1FR","DetailPageURL":"https://www.amazon.es/dp/B0B9VQG1FR?tag=topinalambricos-21&linkCode=osi&th=1&psc=1","Images":{"Primary":{"Small":{"Height":62,"URL":"https://m.media-amazon.com/images/I/31X1PWFp97L._SL75_.jpg","Width":75}}},"ItemInfo":{"ByLineInfo":{"Brand":{"DisplayValue":"Converse","Label":"Brand","Locale":"es_ES"},"Manufacturer":{"DisplayValue":"CONVERSE","Label":"Manufacturer","Locale":"es_ES"}},"Title":{"DisplayValue":"Converse Chuck Taylor All Star Lugged 2.0 Cuero Fundación Cuero Entrenadores Mujeres Negro Hi Top Entrenadores Zapatos 40 EU","Label":"Title","Locale":"es_ES"}},"Offers":{"Summaries":[{"Condition":{"Value":"New"},"LowestPrice":{"Amount":78.95,"Currency":"EUR","DisplayAmount":"78,95 €"}}]}},{"ASIN":"B07HB8PTWG","DetailPageURL":"https://www.amazon.es/dp/B07HB8PTWG?tag=topinalambricos-21&linkCode=osi&th=1&psc=1","Images":{"Primary":{"Small":{"Height":75,"URL":"https://m.media-amazon.com/images/I/31kTVLrsIdL._SL75_.jpg","Width":75}}},"ItemInfo":{"ByLineInfo":{"Brand":{"DisplayValue":"Converse","Label":"Brand","Locale":"es_ES"},"Manufacturer":{"DisplayValue":"Converse","Label":"Manufacturer","Locale":"es_ES"}},"Title":{"DisplayValue":"Zapatos de Mujer Zapatilla Converse All Star Platform Cuero Negro Mujer Otoño Invierno 2019","Label":"Title","Locale":"es_ES"}},"Offers":{"Summaries":[{"Condition":{"Value":"New"},"LowestPrice":{"Amount":112.24,"Currency":"EUR","DisplayAmount":"112,24 €"}}]}},{"ASIN":"B0BMW6SGP9","DetailPageURL":"https://www.amazon.es/dp/B0BMW6SGP9?tag=topinalambricos-21&linkCode=osi&th=1&psc=1","Images":{"Primary":{"Small":{"Height":69,"URL":"https://m.media-amazon.com/images/I/41e9Yw4j8zL._SL75_.jpg","Width":75}}},"ItemInfo":{"ByLineInfo":{"Brand":{"DisplayValue":"Converse","Label":"Brand","Locale":"es_ES"}},"Title":{"DisplayValue":"Converse Chuck Taylor All Star Lift Platform Rainbow Fur, Piel blanca, 37.5 EU","Label":"Title","Locale":"es_ES"}},"Offers":{"Summaries":[{"Condition":{"Value":"New"},"LowestPrice":{"Amount":89.38,"Currency":"EUR","DisplayAmount":"89,38 €"}}]}},{"ASIN":"B006M6AYLG","DetailPageURL":"https://www.amazon.es/dp/B006M6AYLG?tag=topinalambricos-21&linkCode=osi&th=1&psc=1","Images":{"Primary":{"Small":{"Height":75,"URL":"https://m.media-amazon.com/images/I/41FDINJUoEL._SL75_.jpg","Width":75}}},"ItemInfo":{"ByLineInfo":{"Brand":{"DisplayValue":"Converse","Label":"Brand","Locale":"es_ES"},"Manufacturer":{"DisplayValue":"CONVERSE","Label":"Manufacturer","Locale":"es_ES"}},"Title":{"DisplayValue":"Mandriles Conversar 132173C AS OX clásico Lea Blanca de Cuero Blanco, Converse Schuhe Unisex Sizegroup 10:39","Label":"Title","Locale":"es_ES"}},"Offers":{"Summaries":[{"Condition":{"Value":"New"},"LowestPrice":{"Amount":75.99,"Currency":"EUR","DisplayAmount":"75,99 €"}}]}},{"ASIN":"B00NHR3LRW","DetailPageURL":"https://www.amazon.es/dp/B00NHR3LRW?tag=topinalambricos-21&linkCode=osi&th=1&psc=1","Images":{"Primary":{"Small":{"Height":61,"URL":"https://m.media-amazon.com/images/I/41Uikyz-TgS._SL75_.jpg","Width":75}}},"ItemInfo":{"ByLineInfo":{"Brand":{"DisplayValue":"Converse","Label":"Brand","Locale":"es_ES"},"Manufacturer":{"DisplayValue":"Converse","Label":"Manufacturer","Locale":"es_ES"}},"Title":{"DisplayValue":"Converse Schuhe Chuck Taylor All Star HI Navy (M9622C) 50 Blau","Label":"Title","Locale":"es_ES"}},"Offers":{"Summaries":[{"Condition":{"Value":"New"},"LowestPrice":{"Amount":69.9,"Currency":"EUR","DisplayAmount":"69,90 €"}},{"Condition":{"Value":"Used"},"LowestPrice":{"Amount":66.43,"Currency":"EUR","DisplayAmount":"66,43 €"}}]}},{"ASIN":"B0BCGRGHBX","DetailPageURL":"https://www.amazon.es/dp/B0BCGRGHBX?tag=topinalambricos-21&linkCode=osi&th=1&psc=1","Images":{"Primary":{"Small":{"Height":75,"URL":"https://m.media-amazon.com/images/I/31A88oMqUEL._SL75_.jpg","Width":57}}},"ItemInfo":{"ByLineInfo":{"Brand":{"DisplayValue":"Converse","Label":"Brand","Locale":"es_ES"}},"Title":{"DisplayValue":"Converse Chuck Taylor All Star Eva Lift Hi Código A01015C, Negro , 31","Label":"Title","Locale":"es_ES"}},"Offers":{"Summaries":[{"Condition":{"Value":"New"},"LowestPrice":{"Amount":51.99,"Currency":"EUR","DisplayAmount":"51,99 €"}}]}},{"ASIN":"B0B99TD53T","DetailPageURL":"https://www.amazon.es/dp/B0B99TD53T?tag=topinalambricos-21&linkCode=osi&th=1&psc=1","Images":{"Primary":{"Small":{"Height":75,"URL":"https://m.media-amazon.com/images/I/31T-ocxTz9L._SL75_.jpg","Width":75}}},"ItemInfo":{"ByLineInfo":{"Brand":{"DisplayValue":"Converse","Label":"Brand","Locale":"es_ES"},"Manufacturer":{"DisplayValue":"CONVERSE","Label":"Manufacturer","Locale":"es_ES"}},"Title":{"DisplayValue":"CONVERSE Chuck Taylor All Star Lugged 2.0 CVE A03705C Blanco - 36, Blanco","Label":"Title","Locale":"es_ES"}},"Offers":{"Summaries":[{"Condition":{"Value":"New"},"LowestPrice":{"Amount":85.0,"Currency":"EUR","DisplayAmount":"85,00 €"}}]}}],"SearchURL":"https://www.amazon.es/s?k=converse+cuero+all+star&rh=n%3A2008023031%2Cp_n_availability%3A-1&tag=topinalambricos-21&linkCode=osi","TotalResultCount":666}},"232":{"SearchResult":{"Items":[{"ASIN":"B084DRDP61","DetailPageURL":"https://www.amazon.es/dp/B084DRDP61?tag=topinalambricos-21&linkCode=osi&th=1&psc=1","Images":{"Primary":{"Small":{"Height":75,"URL":"https://m.media-amazon.com/images/I/31rwuvtAnEL._SL75_.jpg","Width":57}}},"ItemInfo":{"ByLineInfo":{"Brand":{"DisplayValue":"Clarks","Label":"Brand","Locale":"es_ES"},"Manufacturer":{"DisplayValue":"Clarks","Label":"Manufacturer","Locale":"es_ES"}},"Title":{"DisplayValue":"Clarks Whiddon Plain, Zapatos Oxford Hombre, Dark Tan Leather, 45 EU","Label":"Title","Locale":"es_ES"}},"Offers":{"Summaries":[{"Condition":{"Value":"New"},"LowestPrice":{"Amount":42.97,"Currency":"EUR","DisplayAmount":"42,97 €"}}]}},{"ASIN":"B072MKKRT9","DetailPageURL":"https://www.amazon.es/dp/B072MKKRT9?tag=topinalambricos-21&linkCode=osi&th=1&psc=1","Images":{"Primary":{"Small":{"Height":75,"URL":"https://m.media-amazon.com/images/I/41RWG8+FCxL._SL75_.jpg","Width":75}}},"ItemInfo":{"ByLineInfo":{"Brand":{"DisplayValue":"Clarks","Label":"Brand","Locale":"es_ES"},"Contributors":[{"Locale":"es_ES","Name":"Clarks","Role":"Diseñador","RoleType":"designer"}],"Manufacturer":{"DisplayValue":"Clarks","Label":"Manufacturer","Locale":"es_ES"}},"Title":{"DisplayValue":"Clarks Batcombe Wing, Zapatos de Cordones Derby Hombre, Marrón (Dark Tan Leather), 42 EU","Label":"Title","Locale":"es_ES"}},"Offers":{"Summaries":[{"Condition":{"Value":"New"},"LowestPrice":{"Amount":69.9,"Currency":"EUR","DisplayAmount":"69,90 €"}},{"Condition":{"Value":"Used"},"LowestPrice":{"Amount":68.51,"Currency":"EUR","DisplayAmount":"68,51 €"}}]}},{"ASIN":"B0BGHWD2GW","DetailPageURL":"https://www.amazon.es/dp/B0BGHWD2GW?tag=topinalambricos-21&linkCode=osi&th=1&psc=1","Images":{"Primary":{"Small":{"Height":75,"URL":"https://m.media-amazon.com/images/I/31tHJXnAErL._SL75_.jpg","Width":75}}},"ItemInfo":{"ByLineInfo":{"Brand":{"DisplayValue":"Fluchos","Label":"Brand","Locale":"es_ES"},"Manufacturer":{"DisplayValue":"FLUCHOS S.L.","Label":"Manufacturer","Locale":"es_ES"}},"Title":{"DisplayValue":"FLUCHOS - Zapatos Casual Piel marrón - Cuero para: Hombre Color: Desert CASTAÑO COM.1 Talla: 43","Label":"Title","Locale":"es_ES"}},"Offers":{"Summaries":[{"Condition":{"Value":"New"},"LowestPrice":{"Amount":119.0,"Currency":"EUR","DisplayAmount":"119,00 €"}}]}},{"ASIN":"B07B42DT5B","DetailPageURL":"https://www.amazon.es/dp/B07B42DT5B?tag=topinalambricos-21&linkCode=osi&th=1&psc=1","Images":{"Primary":{"Small":{"Height":75,"URL":"https://m.media-amazon.com/images/I/417SSmR7B6L._SL75_.jpg","Width":75}}},"ItemInfo":{"ByLineInfo":{"Brand":{"DisplayValue":"Calzados Romero","Label":"Brand","Locale":"es_ES"},"Manufacturer":{"DisplayValue":"SAKUT","Label":"Manufacturer","Locale":"es_ES"}},"Title":{"DisplayValue":"Calzados Romero Zapato Casual Hombre | Cordones Blucher | Cuero-Marrón | Urbanita | Tiempo Libre | Piso Blanco | S@kut | Juvenil | Elegante. QUEIMADO Talla 44","Label":"Title","Locale":"es_ES"}},"Offers":{"Summaries":[{"Condition":{"Value":"New"},"LowestPrice":{"Amount":29.9,"Currency":"EUR","DisplayAmount":"29,90 €"}}]}},{"ASIN":"B082XY5V9J","DetailPageURL":"https://www.amazon.es/dp/B082XY5V9J?tag=topinalambricos-21&linkCode=osi&th=1&psc=1","Images":{"Primary":{"Small":{"Height":75,"URL":"https://m.media-amazon.com/images/I/41egjfhb8uL._SL75_.jpg","Width":75}}},"ItemInfo":{"ByLineInfo":{"Brand":{"DisplayValue":"Asifn","Label":"Brand","Locale":"es_ES"},"Manufacturer":{"DisplayValue":"Asifn","Label":"Manufacturer","Locale":"es_ES"}},"Title":{"DisplayValue":"Zapatos Casuales con Cordones de Cuero de Gamuza clásico para Hombre Zapatos Bajos de Terciopelo de Negocios británicos Transpirables Oxford（Negro,42 EU","Label":"Title","Locale":"es_ES"}},"Offers":{"Summaries":[{"Condition":{"Value":"New"},"LowestPrice":{"Amount":40.0,"Currency":"EUR","DisplayAmount":"40,00 €"}}]}},{"ASIN":"B00XVT2Z2S","DetailPageURL":"https://www.amazon.es/dp/B00XVT2Z2S?tag=topinalambricos-21&linkCode=osi&th=1&psc=1","Images":{"Primary":{"Small":{"Height":46,"URL":"https://m.media-amazon.com/images/I/41VRC6WrO1L._SL75_.jpg","Width":75}}},"ItemInfo":{"ByLineInfo":{"Brand":{"DisplayValue":"Dockers","Label":"Brand","Locale":"es_ES"},"Manufacturer":{"DisplayValue":"Dockers by Gerli","Label":"Manufacturer","Locale":"es_ES"}},"Title":{"DisplayValue":"Dockers 23DA005 - Zapatos de cordones de cuero para hombre, color marrón (cafe 320), talla 41","Label":"Title","Locale":"es_ES"}},"Offers":{"Summaries":[{"Condition":{"Value":"New"},"LowestPrice":{"Amount":66.81,"Currency":"EUR","DisplayAmount":"66,81 €"}}]}},{"ASIN":"B09GGCL1FL","DetailPageURL":"https://www.amazon.es/dp/B09GGCL1FL?tag=topinalambricos-21&linkCode=osi&th=1&psc=1","Images":{"Primary":{"Small":{"Height":75,"URL":"https://m.media-amazon.com/images/I/31zDLbNI+yL._SL75_.jpg","Width":75}}},"ItemInfo":{"ByLineInfo":{"Brand":{"DisplayValue":"Fluchos","Label":"Brand","Locale":"es_ES"},"Manufacturer":{"DisplayValue":"Fluchos","Label":"Manufacturer","Locale":"es_ES"}},"Title":{"DisplayValue":"Fluchos F1310 Natur Grass CASTAÑO+COM.1 Denver (44)","Label":"Title","Locale":"es_ES"}},"Offers":{"Summaries":[{"Condition":{"Value":"New"},"LowestPrice":{"Amount":86.99,"Currency":"EUR","DisplayAmount":"86,99 €"}}]}},{"ASIN":"B08WHMS6P8","DetailPageURL":"https://www.amazon.es/dp/B08WHMS6P8?tag=topinalambricos-21&linkCode=osi&th=1&psc=1","Images":{"Primary":{"Small":{"Height":75,"URL":"https://m.media-amazon.com/images/I/21U5gHOGuVS._SL75_.jpg","Width":51}}},"ItemInfo":{"ByLineInfo":{"Brand":{"DisplayValue":"Fluchos","Label":"Brand","Locale":"es_ES"},"Manufacturer":{"DisplayValue":"Fluchos","Label":"Manufacturer","Locale":"es_ES"}},"Title":{"DisplayValue":"Fluchos F1159 GANGE Cuero+COM.1 Jack (41)","Label":"Title","Locale":"es_ES"}},"Offers":{"Summaries":[{"Condition":{"Value":"New"},"LowestPrice":{"Amount":91.0,"Currency":"EUR","DisplayAmount":"91,00 €"}}]}},{"ASIN":"B07C3MSRCX","DetailPageURL":"https://www.amazon.es/dp/B07C3MSRCX?tag=topinalambricos-21&linkCode=osi&th=1&psc=1","Images":{"Primary":{"Small":{"Height":75,"URL":"https://m.media-amazon.com/images/I/21bQht+Mk+L._SL75_.jpg","Width":51}}},"ItemInfo":{"ByLineInfo":{"Brand":{"DisplayValue":"Pikolinos","Label":"Brand","Locale":"es_ES"},"Manufacturer":{"DisplayValue":"PIKOLINOS","Label":"Manufacturer","Locale":"es_ES"}},"Title":{"DisplayValue":"Pikolinos Blucher De Piel Bristol M7j para Hombre","Label":"Title","Locale":"es_ES"}},"Offers":{"Summaries":[{"Condition":{"Value":"New"},"LowestPrice":{"Amount":106.0,"Currency":"EUR","DisplayAmount":"106,00 €"}}]}},{"ASIN":"B07DPNX5F3","DetailPageURL":"https://www.amazon.es/dp/B07DPNX5F3?tag=topinalambricos-21&linkCode=osi&th=1&psc=1","Images":{"Primary":{"Small":{"Height":75,"URL":"https://m.media-amazon.com/images/I/3104glKKDCL._SL75_.jpg","Width":75}}},"ItemInfo":{"ByLineInfo":{"Brand":{"DisplayValue":"Clarks","Label":"Brand","Locale":"es_ES"},"Manufacturer":{"DisplayValue":"Clarks","Label":"Manufacturer","Locale":"es_ES"}},"Title":{"DisplayValue":"Clarks Becken Cap, Zapatos de Cordones Derby Hombre, Negro (Black Leather-), 41 EU","Label":"Title","Locale":"es_ES"}},"Offers":{"Summaries":[{"Condition":{"Value":"New"},"LowestPrice":{"Amount":62.98,"Currency":"EUR","DisplayAmount":"62,98 €"}},{"Condition":{"Value":"Used"},"LowestPrice":{"Amount":38.26,"Currency":"EUR","DisplayAmount":"38,26 €"}}]}}],"SearchURL":"https://www.amazon.es/s?k=cuero&rh=n%3A2008199031%2Cp_n_availability%3A-1&tag=topinalambricos-21&linkCode=osi","TotalResultCount":474}},"233":{"SearchResult":{"Items":[{"ASIN":"B09MVYC6VV","DetailPageURL":"https://www.amazon.es/dp/B09MVYC6VV?tag=topinalambricos-21&linkCode=osi&th=1&psc=1","Images":{"Primary":{"Small":{"Height":75,"URL":"https://m.media-amazon.com/images/I/41qIW8YieIL._SL75_.jpg","Width":75}}},"ItemInfo":{"ByLineInfo":{"Brand":{"DisplayValue":"Onsoyours","Label":"Brand","Locale":"es_ES"},"Manufacturer":{"DisplayValue":"Onsoyours","Label":"Manufacturer","Locale":"es_ES"}},"Title":{"DisplayValue":"Onsoyours Mocasines de Cuero con Plataforma Zapatos Zapatillas para Caminar Zapatillas de Deporte para Mujer con Cordones Moda Azul 40","Label":"Title","Locale":"es_ES"}},"Offers":{"Summaries":[{"Condition":{"Value":"New"},"LowestPrice":{"Amount":15.88,"Currency":"EUR","DisplayAmount":"15,88 €"}}]}},{"ASIN":"B0BCXK7Y5T","DetailPageURL":"https://www.amazon.es/dp/B0BCXK7Y5T?tag=topinalambricos-21&linkCode=osi&th=1&psc=1","Images":{"Primary":{"Small":{"Height":75,"URL":"https://m.media-amazon.com/images/I/31Q959etvKL._SL75_.jpg","Width":75}}},"ItemInfo":{"ByLineInfo":{"Brand":{"DisplayValue":"PITILLOS","Label":"Brand","Locale":"es_ES"},"Manufacturer":{"DisplayValue":"PITILLOS","Label":"Manufacturer","Locale":"es_ES"}},"Title":{"DisplayValue":"Pitillos-1670 - Mujer Color: Negro Talla: 38","Label":"Title","Locale":"es_ES"}},"Offers":{"Summaries":[{"Condition":{"Value":"New"},"LowestPrice":{"Amount":71.95,"Currency":"EUR","DisplayAmount":"71,95 €"}}]}},{"ASIN":"B08QN9GW24","DetailPageURL":"https://www.amazon.es/dp/B08QN9GW24?tag=topinalambricos-21&linkCode=osi&th=1&psc=1","Images":{"Primary":{"Small":{"Height":43,"URL":"https://m.media-amazon.com/images/I/31v8gBAmLiL._SL75_.jpg","Width":75}}},"ItemInfo":{"ByLineInfo":{"Brand":{"DisplayValue":"Geox","Label":"Brand","Locale":"es_ES"},"Manufacturer":{"DisplayValue":"Geox","Label":"Manufacturer","Locale":"es_ES"}},"Title":{"DisplayValue":"Geox D Bleyze B, Mocasines Mujer, Negro (Black Leather), 38 EU","Label":"Title","Locale":"es_ES"}},"Offers":{"Summaries":[{"Condition":{"Value":"New"},"LowestPrice":{"Amount":77.92,"Currency":"EUR","DisplayAmount":"77,92 €"}}]}},{"ASIN":"B0BLRCSDMS","DetailPageURL":"https://www.amazon.es/dp/B0BLRCSDMS?tag=topinalambricos-21&linkCode=osi&th=1&psc=1","Images":{"Primary":{"Small":{"Height":69,"URL":"https://m.media-amazon.com/images/I/31Jp6vEeVSL._SL75_.jpg","Width":75}}},"ItemInfo":{"ByLineInfo":{"Brand":{"DisplayValue":"Fluchos","Label":"Brand","Locale":"es_ES"},"Manufacturer":{"DisplayValue":"Fluchos","Label":"Manufacturer","Locale":"es_ES"}},"Title":{"DisplayValue":"Fluchos F1567 Sugar Cuero+COM.2 STYLL (40)","Label":"Title","Locale":"es_ES"}},"Offers":{"Summaries":[{"Condition":{"Value":"New"},"LowestPrice":{"Amount":67.95,"Currency":"EUR","DisplayAmount":"67,95 €"}}]}},{"ASIN":"B0BB1KJWS4","DetailPageURL":"https://www.amazon.es/dp/B0BB1KJWS4?tag=topinalambricos-21&linkCode=osi&th=1&psc=1","Images":{"Primary":{"Small":{"Height":75,"URL":"https://m.media-amazon.com/images/I/31u+BSDWtOL._SL75_.jpg","Width":75}}},"ItemInfo":{"ByLineInfo":{"Brand":{"DisplayValue":"Wonders","Label":"Brand","Locale":"es_ES"},"Manufacturer":{"DisplayValue":"CALZADOS DANUBIO S.L.U","Label":"Manufacturer","Locale":"es_ES"}},"Title":{"DisplayValue":"WONDERS Modelo A2430 Cuero T. 38","Label":"Title","Locale":"es_ES"}},"Offers":{"Summaries":[{"Condition":{"Value":"New"},"LowestPrice":{"Amount":103.99,"Currency":"EUR","DisplayAmount":"103,99 €"}}]}},{"ASIN":"B09HN8459Z","DetailPageURL":"https://www.amazon.es/dp/B09HN8459Z?tag=topinalambricos-21&linkCode=osi&th=1&psc=1","Images":{"Primary":{"Small":{"Height":75,"URL":"https://m.media-amazon.com/images/I/31hknwpmQBL._SL75_.jpg","Width":75}}},"ItemInfo":{"ByLineInfo":{"Brand":{"DisplayValue":"24 HORAS","Label":"Brand","Locale":"es_ES"},"Manufacturer":{"DisplayValue":"AGNELLI INTERNACIONAL S.L","Label":"Manufacturer","Locale":"es_ES"}},"Title":{"DisplayValue":"24 HORAS - Zapatos mocasín Charol Negro - Cuero para: Mujer Color: PALAK-S Negro Talla: 36","Label":"Title","Locale":"es_ES"}},"Offers":{"Summaries":[{"Condition":{"Value":"New"},"LowestPrice":{"Amount":129.99,"Currency":"EUR","DisplayAmount":"129,99 €"}}]}},{"ASIN":"B0BGSZML1B","DetailPageURL":"https://www.amazon.es/dp/B0BGSZML1B?tag=topinalambricos-21&linkCode=osi&th=1&psc=1","Images":{"Primary":{"Small":{"Height":49,"URL":"https://m.media-amazon.com/images/I/31FnLgGGCVL._SL75_.jpg","Width":75}}},"ItemInfo":{"ByLineInfo":{"Brand":{"DisplayValue":"Genérico","Label":"Brand","Locale":"es_ES"}},"Title":{"DisplayValue":"Castellanos Mocasines Piel florentic para Mujer Suela de Cuero Cosida a Mano (Negro, Numeric_38)","Label":"Title","Locale":"es_ES"}},"Offers":{"Summaries":[{"Condition":{"Value":"New"},"LowestPrice":{"Amount":59.9,"Currency":"EUR","DisplayAmount":"59,90 €"}}]}},{"ASIN":"B09YVG9QHS","DetailPageURL":"https://www.amazon.es/dp/B09YVG9QHS?tag=topinalambricos-21&linkCode=osi&th=1&psc=1","Images":{"Primary":{"Small":{"Height":47,"URL":"https://m.media-amazon.com/images/I/31uZFTqEZCL._SL75_.jpg","Width":75}}},"ItemInfo":{"ByLineInfo":{"Brand":{"DisplayValue":"Gabor","Label":"Brand","Locale":"es_ES"}},"Title":{"DisplayValue":"Gabor Mujer Mocasines, señora Zapatillas,Pantuflas,Plantilla Desmontable,Zapatos universitarios,Mocasines,Negro (Schwarz),37.5 EU / 4.5 UK","Label":"Title","Locale":"es_ES"}},"Offers":{"Summaries":[{"Condition":{"Value":"New"},"LowestPrice":{"Amount":97.08,"Currency":"EUR","DisplayAmount":"97,08 €"}}]}},{"ASIN":"B015EALC5C","DetailPageURL":"https://www.amazon.es/dp/B015EALC5C?tag=topinalambricos-21&linkCode=osi&th=1&psc=1","Images":{"Primary":{"Small":{"Height":49,"URL":"https://m.media-amazon.com/images/I/41ZC6fcFh2L._SL75_.jpg","Width":75}}},"ItemInfo":{"ByLineInfo":{"Brand":{"DisplayValue":"Clarks","Label":"Brand","Locale":"es_ES"},"Manufacturer":{"DisplayValue":"Clarks","Label":"Manufacturer","Locale":"es_ES"}},"Title":{"DisplayValue":"Clarks Griffin MIA, Mocasín Penny Mujer, Cuero Negro, 39 EU","Label":"Title","Locale":"es_ES"}},"Offers":{"Summaries":[{"Condition":{"Value":"New"},"LowestPrice":{"Amount":44.98,"Currency":"EUR","DisplayAmount":"44,98 €"}}]}},{"ASIN":"B07TYLC4S9","DetailPageURL":"https://www.amazon.es/dp/B07TYLC4S9?tag=topinalambricos-21&linkCode=osi&th=1&psc=1","Images":{"Primary":{"Small":{"Height":37,"URL":"https://m.media-amazon.com/images/I/315iFmDFC4L._SL75_.jpg","Width":75}}},"ItemInfo":{"ByLineInfo":{"Brand":{"DisplayValue":"MARTINELLI","Label":"Brand","Locale":"es_ES"},"Manufacturer":{"DisplayValue":"MARTINELLI","Label":"Manufacturer","Locale":"es_ES"}},"Title":{"DisplayValue":"MARTINELLI Mocasín de Piel Derek 1449","Label":"Title","Locale":"es_ES"}},"Offers":{"Summaries":[{"Condition":{"Value":"New"},"LowestPrice":{"Amount":76.81,"Currency":"EUR","DisplayAmount":"76,81 €"}}]}}],"SearchURL":"https://www.amazon.es/s?k=zapato+cuero&rh=n%3A2008262031%2Cp_n_availability%3A-1&tag=topinalambricos-21&linkCode=osi","TotalResultCount":888}},"235":{"SearchResult":{"Items":[{"ASIN":"B07SY3QQVC","DetailPageURL":"https://www.amazon.es/dp/B07SY3QQVC?tag=topinalambricos-21&linkCode=osi&th=1&psc=1","Images":{"Primary":{"Small":{"Height":75,"URL":"https://m.media-amazon.com/images/I/21q4g-iK-BL._SL75_.jpg","Width":55}}},"ItemInfo":{"ByLineInfo":{"Brand":{"DisplayValue":"Quiksilver","Label":"Brand","Locale":"es_ES"},"Contributors":[{"Locale":"es_ES","Name":"Quiksilver","Role":"Diseñador","RoleType":"designer"}],"Manufacturer":{"DisplayValue":"Quiksilver","Label":"Manufacturer","Locale":"es_ES"}},"Title":{"DisplayValue":"Quiksilver Molokai Nubuck II, Zapatos de Playa y Piscina Hombre, Marrón (Tan/Solid Tkd0), 43 EU","Label":"Title","Locale":"es_ES"}},"Offers":{"Summaries":[{"Condition":{"Value":"New"},"LowestPrice":{"Amount":19.99,"Currency":"EUR","DisplayAmount":"19,99 €"}}]}},{"ASIN":"B08XNBY1MY","DetailPageURL":"https://www.amazon.es/dp/B08XNBY1MY?tag=topinalambricos-21&linkCode=osi&th=1&psc=1","Images":{"Primary":{"Small":{"Height":63,"URL":"https://m.media-amazon.com/images/I/41tPn8hyJxL._SL75_.jpg","Width":75}}},"ItemInfo":{"ByLineInfo":{"Brand":{"DisplayValue":"ARRIGO BELLO","Label":"Brand","Locale":"es_ES"}},"Title":{"DisplayValue":"ARRIGO BELLO Hombre Chanclas Suela de látex Sandalias Verano Flip Flop Plantillas de Cuero Piscina Playa Talla 41-46 (marrón,42)","Label":"Title","Locale":"es_ES"}},"Offers":{"Summaries":[{"Condition":{"Value":"New"},"LowestPrice":{"Amount":19.99,"Currency":"EUR","DisplayAmount":"19,99 €"}}]}},{"ASIN":"B09KC7T6G8","DetailPageURL":"https://www.amazon.es/dp/B09KC7T6G8?tag=topinalambricos-21&linkCode=osi&th=1&psc=1","Images":{"Primary":{"Small":{"Height":55,"URL":"https://m.media-amazon.com/images/I/4140gBKRa8L._SL75_.jpg","Width":75}}},"ItemInfo":{"ByLineInfo":{"Brand":{"DisplayValue":"HUGO","Label":"Brand","Locale":"es_ES"},"Manufacturer":{"DisplayValue":"HUGO BOSS","Label":"Manufacturer","Locale":"es_ES"}},"Title":{"DisplayValue":"HUGO Dave_thng_rblg, Chanclas Hombre, Dark Blue 405, 41/42 EU","Label":"Title","Locale":"es_ES"}},"Offers":{"Summaries":[{"Condition":{"Value":"New"},"LowestPrice":{"Amount":32.0,"Currency":"EUR","DisplayAmount":"32,00 €"}},{"Condition":{"Value":"Used"},"LowestPrice":{"Amount":24.04,"Currency":"EUR","DisplayAmount":"24,04 €"}}]}},{"ASIN":"B078WTN6CY","DetailPageURL":"https://www.amazon.es/dp/B078WTN6CY?tag=topinalambricos-21&linkCode=osi&th=1&psc=1","Images":{"Primary":{"Small":{"Height":29,"URL":"https://m.media-amazon.com/images/I/31MzhkejOuL._SL75_.jpg","Width":75}}},"ItemInfo":{"ByLineInfo":{"Brand":{"DisplayValue":"Quiksilver","Label":"Brand","Locale":"es_ES"},"Contributors":[{"Locale":"es_ES","Name":"Quiksilver","Role":"Diseñador","RoleType":"designer"}],"Manufacturer":{"DisplayValue":"Quiksilver","Label":"Manufacturer","Locale":"es_ES"}},"Title":{"DisplayValue":"Quiksilver Carver Nubuck-Sandals For Men, Zapatos de Playa y Piscina Hombre, Marrón (Demitasse-Solid Ctk0), 43 EU","Label":"Title","Locale":"es_ES"}},"Offers":{"Summaries":[{"Condition":{"Value":"New"},"LowestPrice":{"Amount":22.59,"Currency":"EUR","DisplayAmount":"22,59 €"}}]}},{"ASIN":"B0999DTY6K","DetailPageURL":"https://www.amazon.es/dp/B0999DTY6K?tag=topinalambricos-21&linkCode=osi&th=1&psc=1","Images":{"Primary":{"Small":{"Height":34,"URL":"https://m.media-amazon.com/images/I/31gFOlTGm9L._SL75_.jpg","Width":75}}},"ItemInfo":{"ByLineInfo":{"Brand":{"DisplayValue":"GIOSEPPO","Label":"Brand","Locale":"es_ES"},"Manufacturer":{"DisplayValue":"Gioseppo SLU","Label":"Manufacturer","Locale":"es_ES"}},"Title":{"DisplayValue":"Gioseppo NOBRES, Chanclas Hombre, Cuero, 43 EU","Label":"Title","Locale":"es_ES"}},"Offers":{"Summaries":[{"Condition":{"Value":"New"},"LowestPrice":{"Amount":29.35,"Currency":"EUR","DisplayAmount":"29,35 €"}}]}},{"ASIN":"B098QW14GX","DetailPageURL":"https://www.amazon.es/dp/B098QW14GX?tag=topinalambricos-21&linkCode=osi&th=1&psc=1","Images":{"Primary":{"Small":{"Height":33,"URL":"https://m.media-amazon.com/images/I/31lre8Gg+uL._SL75_.jpg","Width":75}}},"ItemInfo":{"ByLineInfo":{"Brand":{"DisplayValue":"Clarks","Label":"Brand","Locale":"es_ES"},"Manufacturer":{"DisplayValue":"Clarks","Label":"Manufacturer","Locale":"es_ES"}},"Title":{"DisplayValue":"Clarks Wesley Post, Chanclas, para Hombre, Negro (Black), 42 EU","Label":"Title","Locale":"es_ES"}},"Offers":{"Summaries":[{"Condition":{"Value":"New"},"LowestPrice":{"Amount":30.35,"Currency":"EUR","DisplayAmount":"30,35 €"}}]}},{"ASIN":"B00LMKLALU","DetailPageURL":"https://www.amazon.es/dp/B00LMKLALU?tag=topinalambricos-21&linkCode=osi&th=1&psc=1","Images":{"Primary":{"Small":{"Height":31,"URL":"https://m.media-amazon.com/images/I/31FPEWxp6JL._SL75_.jpg","Width":75}}},"ItemInfo":{"ByLineInfo":{"Brand":{"DisplayValue":"Quiksilver","Label":"Brand","Locale":"es_ES"},"Contributors":[{"Locale":"es_ES","Name":"Quiksilver","Role":"Diseñador","RoleType":"designer"}],"Manufacturer":{"DisplayValue":"Quiksilver","Label":"Manufacturer","Locale":"es_ES"}},"Title":{"DisplayValue":"Quiksilver Carver Suede M Sndl Tkd0 - Chancletas para hombre, color Multicolor (Tan - Solid), talla 42","Label":"Title","Locale":"es_ES"}},"Offers":{"Summaries":[{"Condition":{"Value":"New"},"LowestPrice":{"Amount":23.99,"Currency":"EUR","DisplayAmount":"23,99 €"}},{"Condition":{"Value":"Used"},"LowestPrice":{"Amount":15.34,"Currency":"EUR","DisplayAmount":"15,34 €"}}]}},{"ASIN":"B08BFXDQPN","DetailPageURL":"https://www.amazon.es/dp/B08BFXDQPN?tag=topinalambricos-21&linkCode=osi&th=1&psc=1","Images":{"Primary":{"Small":{"Height":27,"URL":"https://m.media-amazon.com/images/I/31fjGivQh2L._SL75_.jpg","Width":75}}},"ItemInfo":{"ByLineInfo":{"Brand":{"DisplayValue":"Reef","Label":"Brand","Locale":"es_ES"},"Manufacturer":{"DisplayValue":"Reef","Label":"Manufacturer","Locale":"es_ES"}},"Title":{"DisplayValue":"Reef Newport, Chanclas Hombre, marrón, 43 EU","Label":"Title","Locale":"es_ES"}},"Offers":{"Summaries":[{"Condition":{"Value":"New"},"LowestPrice":{"Amount":34.25,"Currency":"EUR","DisplayAmount":"34,25 €"}}]}},{"ASIN":"B07CZ5N6LZ","DetailPageURL":"https://www.amazon.es/dp/B07CZ5N6LZ?tag=topinalambricos-21&linkCode=osi&th=1&psc=1","Images":{"Primary":{"Small":{"Height":75,"URL":"https://m.media-amazon.com/images/I/31J2hGK91wL._SL75_.jpg","Width":75}}},"ItemInfo":{"ByLineInfo":{"Brand":{"DisplayValue":"Reef","Label":"Brand","Locale":"es_ES"},"Manufacturer":{"DisplayValue":"Reef","Label":"Manufacturer","Locale":"es_ES"}},"Title":{"DisplayValue":"Reef J-Bay III, Chanclas Hombre, Marron Oscuro/Marron Oscuro, 43 EU","Label":"Title","Locale":"es_ES"}},"Offers":{"Summaries":[{"Condition":{"Value":"New"},"LowestPrice":{"Amount":54.79,"Currency":"EUR","DisplayAmount":"54,79 €"}}]}},{"ASIN":"B08S7RT1PC","DetailPageURL":"https://www.amazon.es/dp/B08S7RT1PC?tag=topinalambricos-21&linkCode=osi&th=1&psc=1","Images":{"Primary":{"Small":{"Height":75,"URL":"https://m.media-amazon.com/images/I/219N9q1GgRS._SL75_.jpg","Width":56}}},"ItemInfo":{"ByLineInfo":{"Brand":{"DisplayValue":"Jack & Jones","Label":"Brand","Locale":"es_ES"},"Manufacturer":{"DisplayValue":"Bestseller A/S","Label":"Manufacturer","Locale":"es_ES"}},"Title":{"DisplayValue":"Jack & Jones Jfwcroxton Leather, Sandalia Hombre, Gris Antracita, 43 EU","Label":"Title","Locale":"es_ES"}},"Offers":{"Summaries":[{"Condition":{"Value":"New"},"LowestPrice":{"Amount":30.0,"Currency":"EUR","DisplayAmount":"30,00 €"}}]}}],"SearchURL":"https://www.amazon.es/s?k=chanclas+cuero&rh=n%3A2008145031%2Cp_n_availability%3A-1&tag=topinalambricos-21&linkCode=osi","TotalResultCount":4619}},"236":{"SearchResult":{"Items":[{"ASIN":"B09TGL3VHX","DetailPageURL":"https://www.amazon.es/dp/B09TGL3VHX?tag=topinalambricos-21&linkCode=osi&th=1&psc=1","Images":{"Primary":{"Small":{"Height":63,"URL":"https://m.media-amazon.com/images/I/41rH6LNLY3L._SL75_.jpg","Width":75}}},"ItemInfo":{"ByLineInfo":{"Brand":{"DisplayValue":"AX BOXING","Label":"Brand","Locale":"es_ES"}},"Title":{"DisplayValue":"AX BOXING Chanclas Mujer Flip Flop PU Cuero Simple Elegante Sommer Sandalias Verano Suave Ligeras Playa Vacaciones Antideslizantes Tamaño 36-41 (MARRÓNPX0808, Numeric_36)","Label":"Title","Locale":"es_ES"}},"Offers":{"Summaries":[{"Condition":{"Value":"New"},"LowestPrice":{"Amount":21.99,"Currency":"EUR","DisplayAmount":"21,99 €"}}]}},{"ASIN":"B01N76JR2W","DetailPageURL":"https://www.amazon.es/dp/B01N76JR2W?tag=topinalambricos-21&linkCode=osi&th=1&psc=1","Images":{"Primary":{"Small":{"Height":31,"URL":"https://m.media-amazon.com/images/I/31iyRH0VChL._SL75_.jpg","Width":75}}},"ItemInfo":{"ByLineInfo":{"Brand":{"DisplayValue":"PUMA","Label":"Brand","Locale":"es_ES"},"Manufacturer":{"DisplayValue":"Puma","Label":"Manufacturer","Locale":"es_ES"}},"Title":{"DisplayValue":"PUMA Unisex Adulto Popcat Chanclas, Multicolor Puma White Puma Black, 42 EU","Label":"Title","Locale":"es_ES"}},"Offers":{"Summaries":[{"Condition":{"Value":"New"},"LowestPrice":{"Amount":18.99,"Currency":"EUR","DisplayAmount":"18,99 €"}}]}},{"ASIN":"B09L5HSJ7J","DetailPageURL":"https://www.amazon.es/dp/B09L5HSJ7J?tag=topinalambricos-21&linkCode=osi&th=1&psc=1","Images":{"Primary":{"Small":{"Height":29,"URL":"https://m.media-amazon.com/images/I/21Reuha5EQL._SL75_.jpg","Width":75}}},"ItemInfo":{"ByLineInfo":{"Brand":{"DisplayValue":"PUMA","Label":"Brand","Locale":"es_ES"},"Manufacturer":{"DisplayValue":"PUMA","Label":"Manufacturer","Locale":"es_ES"}},"Title":{"DisplayValue":"PUMA Cool CAT Sport WNS, puma negro, puma blanco, 39 EU","Label":"Title","Locale":"es_ES"}},"Offers":{"Summaries":[{"Condition":{"Value":"New"},"LowestPrice":{"Amount":18.32,"Currency":"EUR","DisplayAmount":"18,32 €"}}]}},{"ASIN":"B0792LR1MD","DetailPageURL":"https://www.amazon.es/dp/B0792LR1MD?tag=topinalambricos-21&linkCode=osi&th=1&psc=1","Images":{"Primary":{"Small":{"Height":28,"URL":"https://m.media-amazon.com/images/I/31aqI0xBA4L._SL75_.jpg","Width":75}}},"ItemInfo":{"ByLineInfo":{"Brand":{"DisplayValue":"DC Shoes","Label":"Brand","Locale":"es_ES"},"Manufacturer":{"DisplayValue":"Kauai Textilvertriebs","Label":"Manufacturer","Locale":"es_ES"}},"Title":{"DisplayValue":"DC Shoes Bolsa Se, Sandalias Mujer, Color Blanco, Blanco y Blanco, 37 EU","Label":"Title","Locale":"es_ES"}},"Offers":{"Summaries":[{"Condition":{"Value":"New"},"LowestPrice":{"Amount":14.0,"Currency":"EUR","DisplayAmount":"14,00 €"}}]}},{"ASIN":"B07DYC7WXY","DetailPageURL":"https://www.amazon.es/dp/B07DYC7WXY?tag=topinalambricos-21&linkCode=osi&th=1&psc=1","Images":{"Primary":{"Small":{"Height":23,"URL":"https://m.media-amazon.com/images/I/31oTfAHvaWL._SL75_.jpg","Width":75}}},"ItemInfo":{"ByLineInfo":{"Brand":{"DisplayValue":"Roxy","Label":"Brand","Locale":"es_ES"},"Contributors":[{"Locale":"es_ES","Name":"Roxy","Role":"Diseñador","RoleType":"designer"}],"Manufacturer":{"DisplayValue":"Roxy","Label":"Manufacturer","Locale":"es_ES"}},"Title":{"DisplayValue":"Roxy Costas, Zapatos de Playa y Piscina Mujer, Negro (Black Blk), 41 EU","Label":"Title","Locale":"es_ES"}},"Offers":{"Summaries":[{"Condition":{"Value":"New"},"LowestPrice":{"Amount":18.99,"Currency":"EUR","DisplayAmount":"18,99 €"}}]}},{"ASIN":"B005ZSFS1I","DetailPageURL":"https://www.amazon.es/dp/B005ZSFS1I?tag=topinalambricos-21&linkCode=osi&th=1&psc=1","Images":{"Primary":{"Small":{"Height":61,"URL":"https://m.media-amazon.com/images/I/317Th66sppL._SL75_.jpg","Width":75}}},"ItemInfo":{"ByLineInfo":{"Brand":{"DisplayValue":"Lico","Label":"Brand","Locale":"es_ES"},"Manufacturer":{"DisplayValue":"Lico","Label":"Manufacturer","Locale":"es_ES"}},"Title":{"DisplayValue":"Lico Barracuda V, Chanclas Unisex Adulto, Negro, 39 EU","Label":"Title","Locale":"es_ES"}},"Offers":{"Summaries":[{"Condition":{"Value":"New"},"LowestPrice":{"Amount":19.95,"Currency":"EUR","DisplayAmount":"19,95 €"}},{"Condition":{"Value":"Used"},"LowestPrice":{"Amount":7.75,"Currency":"EUR","DisplayAmount":"7,75 €"}}]}},{"ASIN":"B078WTY1VZ","DetailPageURL":"https://www.amazon.es/dp/B078WTY1VZ?tag=topinalambricos-21&linkCode=osi&th=1&psc=1","Images":{"Primary":{"Small":{"Height":25,"URL":"https://m.media-amazon.com/images/I/313eZVKdN8L._SL75_.jpg","Width":75}}},"ItemInfo":{"ByLineInfo":{"Brand":{"DisplayValue":"Roxy","Label":"Brand","Locale":"es_ES"},"Contributors":[{"Locale":"es_ES","Name":"Roxy","Role":"Diseñador","RoleType":"designer"}],"Manufacturer":{"DisplayValue":"Roxy","Label":"Manufacturer","Locale":"es_ES"}},"Title":{"DisplayValue":"Roxy Napili II, Zapatos de Playa y Piscina Mujer, Negro Negro Bk3 Black 3 Bk3, 42 EU","Label":"Title","Locale":"es_ES"}},"Offers":{"Summaries":[{"Condition":{"Value":"New"},"LowestPrice":{"Amount":14.0,"Currency":"EUR","DisplayAmount":"14,00 €"}}]}},{"ASIN":"B07KFZLXYR","DetailPageURL":"https://www.amazon.es/dp/B07KFZLXYR?tag=topinalambricos-21&linkCode=osi&th=1&psc=1","Images":{"Primary":{"Small":{"Height":18,"URL":"https://m.media-amazon.com/images/I/21jT-zHf3QL._SL75_.jpg","Width":75}}},"ItemInfo":{"ByLineInfo":{"Brand":{"DisplayValue":"PUMA","Label":"Brand","Locale":"es_ES"},"Manufacturer":{"DisplayValue":"PUMJV|#Puma","Label":"Manufacturer","Locale":"es_ES"}},"Title":{"DisplayValue":"Puma Cozy Flip Wns Zapatos de playa y piscina Mujer, (Puma Black-Puma Silver 03), 42 EU (8 UK)","Label":"Title","Locale":"es_ES"}},"Offers":{"Summaries":[{"Condition":{"Value":"New"},"LowestPrice":{"Amount":20.65,"Currency":"EUR","DisplayAmount":"20,65 €"}}]}},{"ASIN":"B0746ST75T","DetailPageURL":"https://www.amazon.es/dp/B0746ST75T?tag=topinalambricos-21&linkCode=osi&th=1&psc=1","Images":{"Primary":{"Small":{"Height":30,"URL":"https://m.media-amazon.com/images/I/31oBhw9XzDL._SL75_.jpg","Width":75}}},"ItemInfo":{"ByLineInfo":{"Brand":{"DisplayValue":"Softee Equipment","Label":"Brand","Locale":"es_ES"},"Manufacturer":{"DisplayValue":"Softee","Label":"Manufacturer","Locale":"es_ES"}},"Title":{"DisplayValue":"Softee Chancla Modelo Evy, Unisex Adulto, (Marino), 40 EU","Label":"Title","Locale":"es_ES"}},"Offers":{"Summaries":[{"Condition":{"Value":"New"},"LowestPrice":{"Amount":7.0,"Currency":"EUR","DisplayAmount":"7,00 €"}}]}},{"ASIN":"B097C5PW5K","DetailPageURL":"https://www.amazon.es/dp/B097C5PW5K?tag=topinalambricos-21&linkCode=osi&th=1&psc=1","Images":{"Primary":{"Small":{"Height":35,"URL":"https://m.media-amazon.com/images/I/31oFpGeaRzL._SL75_.jpg","Width":75}}},"ItemInfo":{"ByLineInfo":{"Brand":{"DisplayValue":"PUMA","Label":"Brand","Locale":"es_ES"},"Manufacturer":{"DisplayValue":"PUMA","Label":"Manufacturer","Locale":"es_ES"}},"Title":{"DisplayValue":"PUMA Epic Flip V2, Sandalias De Punta Descubierta Unisex Adulto, Naranja (Peach Pink/Fresh Yellow), 38 EU","Label":"Title","Locale":"es_ES"}},"Offers":{"Summaries":[{"Condition":{"Value":"New"},"LowestPrice":{"Amount":15.15,"Currency":"EUR","DisplayAmount":"15,15 €"}}]}}],"SearchURL":"https://www.amazon.es/s?k=chanclas+cuero&rh=n%3A2008213031%2Cp_n_availability%3A-1&tag=topinalambricos-21&linkCode=osi","TotalResultCount":711}},"238":{"SearchResult":{"Items":[{"ASIN":"B07LFTZTX2","DetailPageURL":"https://www.amazon.es/dp/B07LFTZTX2?tag=topinalambricos-21&linkCode=osi&th=1&psc=1","Images":{"Primary":{"Small":{"Height":75,"URL":"https://m.media-amazon.com/images/I/21mU59q5k+L._SL75_.jpg","Width":57}}},"ItemInfo":{"ByLineInfo":{"Brand":{"DisplayValue":"Geox","Label":"Brand","Locale":"es_ES"},"Contributors":[{"Locale":"es_ES","Name":"Geox","Role":"Diseñador","RoleType":"designer"}],"Manufacturer":{"DisplayValue":"Geox","Label":"Manufacturer","Locale":"es_ES"}},"Title":{"DisplayValue":"Geox D Felicity G, Botines para Mujer, Negro (Black), 38 EU","Label":"Title","Locale":"es_ES"}},"Offers":{"Summaries":[{"Condition":{"Value":"Used"},"LowestPrice":{"Amount":62.46,"Currency":"EUR","DisplayAmount":"62,46 €"}},{"Condition":{"Value":"New"},"LowestPrice":{"Amount":70.43,"Currency":"EUR","DisplayAmount":"70,43 €"}}]}},{"ASIN":"B0B7B7L6L6","DetailPageURL":"https://www.amazon.es/dp/B0B7B7L6L6?tag=topinalambricos-21&linkCode=osi&th=1&psc=1","Images":{"Primary":{"Small":{"Height":75,"URL":"https://m.media-amazon.com/images/I/41XsXs4pyLL._SL75_.jpg","Width":75}}},"ItemInfo":{"ByLineInfo":{"Brand":{"DisplayValue":"Fluchos","Label":"Brand","Locale":"es_ES"},"Manufacturer":{"DisplayValue":"Fluchos","Label":"Manufacturer","Locale":"es_ES"}},"Title":{"DisplayValue":"Fluchos F1367 Sugar Baron Cuero Cuero ALISS (37)","Label":"Title","Locale":"es_ES"}},"Offers":{"Summaries":[{"Condition":{"Value":"New"},"LowestPrice":{"Amount":83.99,"Currency":"EUR","DisplayAmount":"83,99 €"}}]}},{"ASIN":"B00TTKRLCW","DetailPageURL":"https://www.amazon.es/dp/B00TTKRLCW?tag=topinalambricos-21&linkCode=osi&th=1&psc=1","Images":{"Primary":{"Small":{"Height":75,"URL":"https://m.media-amazon.com/images/I/31cC4MDdBhL._SL75_.jpg","Width":57}}},"ItemInfo":{"ByLineInfo":{"Brand":{"DisplayValue":"Clarks","Label":"Brand","Locale":"es_ES"},"Manufacturer":{"DisplayValue":"Clarks","Label":"Manufacturer","Locale":"es_ES"}},"Title":{"DisplayValue":"Clarks Orinoco Spice, Botines Mujer, Black Leather, 41 EU","Label":"Title","Locale":"es_ES"}},"Offers":{"Summaries":[{"Condition":{"Value":"New"},"LowestPrice":{"Amount":75.5,"Currency":"EUR","DisplayAmount":"75,50 €"}}]}},{"ASIN":"B0BM43YPN5","DetailPageURL":"https://www.amazon.es/dp/B0BM43YPN5?tag=topinalambricos-21&linkCode=osi&th=1&psc=1","Images":{"Primary":{"Small":{"Height":75,"URL":"https://m.media-amazon.com/images/I/31x1oqMr+HL._SL75_.jpg","Width":75}}},"ItemInfo":{"ByLineInfo":{"Brand":{"DisplayValue":"ANGKORLY","Label":"Brand","Locale":"es_ES"},"Manufacturer":{"DisplayValue":"Angkorly","Label":"Manufacturer","Locale":"es_ES"}},"Title":{"DisplayValue":"Angkorly - Zapatillas Moda Botines Botas Estilo Militar Botas Militares Mujer Barnizado Love Plataforma 6 CM - Azul Marino BL412 T 40","Label":"Title","Locale":"es_ES"}},"Offers":{"Summaries":[{"Condition":{"Value":"New"},"LowestPrice":{"Amount":59.95,"Currency":"EUR","DisplayAmount":"59,95 €"}}]}},{"ASIN":"B08L5FWMVT","DetailPageURL":"https://www.amazon.es/dp/B08L5FWMVT?tag=topinalambricos-21&linkCode=osi&th=1&psc=1","Images":{"Primary":{"Small":{"Height":75,"URL":"https://m.media-amazon.com/images/I/316HeE+4q1L._SL75_.jpg","Width":64}}},"ItemInfo":{"ByLineInfo":{"Brand":{"DisplayValue":"BOSANOVA","Label":"Brand","Locale":"es_ES"},"Manufacturer":{"DisplayValue":"BOSANOVA","Label":"Manufacturer","Locale":"es_ES"}},"Title":{"DisplayValue":"BOSANOVA Botines con tacón ancho de 6'4 cm y hebilla decorativa en el lateral. Cierre con cremallera interior. CUERO 40","Label":"Title","Locale":"es_ES"}},"Offers":{"Summaries":[{"Condition":{"Value":"New"},"LowestPrice":{"Amount":49.9,"Currency":"EUR","DisplayAmount":"49,90 €"}}]}},{"ASIN":"B07N1HT72X","DetailPageURL":"https://www.amazon.es/dp/B07N1HT72X?tag=topinalambricos-21&linkCode=osi&th=1&psc=1","Images":{"Primary":{"Small":{"Height":75,"URL":"https://m.media-amazon.com/images/I/31rq4TJcUrL._SL75_.jpg","Width":75}}},"ItemInfo":{"ByLineInfo":{"Brand":{"DisplayValue":"Clarks","Label":"Brand","Locale":"es_ES"},"Manufacturer":{"DisplayValue":"Clarks","Label":"Manufacturer","Locale":"es_ES"}},"Title":{"DisplayValue":"Clarks Un Adorn Walk Botines Mujer, Negro (Black Leather Black Leather), 40 EU","Label":"Title","Locale":"es_ES"}},"Offers":{"Summaries":[{"Condition":{"Value":"New"},"LowestPrice":{"Amount":84.0,"Currency":"EUR","DisplayAmount":"84,00 €"}}]}},{"ASIN":"B07B9372CW","DetailPageURL":"https://www.amazon.es/dp/B07B9372CW?tag=topinalambricos-21&linkCode=osi&th=1&psc=1","Images":{"Primary":{"Small":{"Height":53,"URL":"https://m.media-amazon.com/images/I/31TYyX-zRWL._SL75_.jpg","Width":75}}},"ItemInfo":{"ByLineInfo":{"Brand":{"DisplayValue":"Camper","Label":"Brand","Locale":"es_ES"},"Manufacturer":{"DisplayValue":"Camper","Label":"Manufacturer","Locale":"es_ES"}},"Title":{"DisplayValue":"Camper Damen Alright Pumps, Pink (Black 1), 41 EU","Label":"Title","Locale":"es_ES"}},"Offers":{"Summaries":[{"Condition":{"Value":"New"},"LowestPrice":{"Amount":60.49,"Currency":"EUR","DisplayAmount":"60,49 €"}}]}},{"ASIN":"B09X1XVCWZ","DetailPageURL":"https://www.amazon.es/dp/B09X1XVCWZ?tag=topinalambricos-21&linkCode=osi&th=1&psc=1","Images":{"Primary":{"Small":{"Height":50,"URL":"https://m.media-amazon.com/images/I/31GawAWxtXL._SL75_.jpg","Width":75}}},"ItemInfo":{"ByLineInfo":{"Brand":{"DisplayValue":"Blundstone","Label":"Brand","Locale":"es_ES"}},"Title":{"DisplayValue":"Botines Chelsea Blundstone 585 de Cuero Marrón Rústico 6","Label":"Title","Locale":"es_ES"}},"Offers":{"Summaries":[{"Condition":{"Value":"New"},"LowestPrice":{"Amount":159.99,"Currency":"EUR","DisplayAmount":"159,99 €"}}]}},{"ASIN":"B0792GXBY9","DetailPageURL":"https://www.amazon.es/dp/B0792GXBY9?tag=topinalambricos-21&linkCode=osi&th=1&psc=1","Images":{"Primary":{"Small":{"Height":75,"URL":"https://m.media-amazon.com/images/I/31Y3iWu3R2L._SL75_.jpg","Width":57}}},"ItemInfo":{"ByLineInfo":{"Brand":{"DisplayValue":"Geox","Label":"Brand","Locale":"es_ES"},"Manufacturer":{"DisplayValue":"Geox","Label":"Manufacturer","Locale":"es_ES"}},"Title":{"DisplayValue":"Geox D Felicity F, Botines para Mujer, Negro (Black), 40 EU","Label":"Title","Locale":"es_ES"}},"Offers":{"Summaries":[{"Condition":{"Value":"New"},"LowestPrice":{"Amount":87.9,"Currency":"EUR","DisplayAmount":"87,90 €"}}]}},{"ASIN":"B09VLXL213","DetailPageURL":"https://www.amazon.es/dp/B09VLXL213?tag=topinalambricos-21&linkCode=osi&th=1&psc=1","Images":{"Primary":{"Small":{"Height":56,"URL":"https://m.media-amazon.com/images/I/313hxER9fML._SL75_.jpg","Width":75}}},"ItemInfo":{"ByLineInfo":{"Brand":{"DisplayValue":"victoria","Label":"Brand","Locale":"es_ES"},"Manufacturer":{"DisplayValue":"Calzados Nuevo Milenio S.L.","Label":"Manufacturer","Locale":"es_ES"}},"Title":{"DisplayValue":"victoria Plano BOTÍN Berlin Piel & Puntera Serraje 1126163-WOMEN para Mujer Cuero 38","Label":"Title","Locale":"es_ES"}},"Offers":{"Summaries":[{"Condition":{"Value":"New"},"LowestPrice":{"Amount":69.9,"Currency":"EUR","DisplayAmount":"69,90 €"}}]}}],"SearchURL":"https://www.amazon.es/s?k=botines+cuero&rh=n%3A2008256031%2Cp_n_availability%3A-1&tag=topinalambricos-21&linkCode=osi","TotalResultCount":54221}},"239":{"SearchResult":{"Items":[{"ASIN":"B07CTK7LDY","DetailPageURL":"https://www.amazon.es/dp/B07CTK7LDY?tag=topinalambricos-21&linkCode=osi&th=1&psc=1","Images":{"Primary":{"Small":{"Height":75,"URL":"https://m.media-amazon.com/images/I/31WCGZW-Y8L._SL75_.jpg","Width":56}}},"ItemInfo":{"ByLineInfo":{"Brand":{"DisplayValue":"JACK & JONES","Label":"Brand","Locale":"es_ES"},"Manufacturer":{"DisplayValue":"JACK & JONES","Label":"Manufacturer","Locale":"es_ES"}},"Title":{"DisplayValue":"JACK & JONES JFWALBANY Leather STS, Chukka Boots Hombre, Gris(Anthracite Anthracite), 43 EU","Label":"Title","Locale":"es_ES"}},"Offers":{"Summaries":[{"Condition":{"Value":"New"},"LowestPrice":{"Amount":56.99,"Currency":"EUR","DisplayAmount":"56,99 €"}},{"Condition":{"Value":"Used"},"LowestPrice":{"Amount":54.44,"Currency":"EUR","DisplayAmount":"54,44 €"}}]}},{"ASIN":"B09X1XVNQT","DetailPageURL":"https://www.amazon.es/dp/B09X1XVNQT?tag=topinalambricos-21&linkCode=osi&th=1&psc=1","Images":{"Primary":{"Small":{"Height":50,"URL":"https://m.media-amazon.com/images/I/31GawAWxtXL._SL75_.jpg","Width":75}}},"ItemInfo":{"ByLineInfo":{"Brand":{"DisplayValue":"Blundstone","Label":"Brand","Locale":"es_ES"}},"Title":{"DisplayValue":"Botines Chelsea Blundstone 585 de Cuero Marrón Rústico 6.5","Label":"Title","Locale":"es_ES"}},"Offers":{"Summaries":[{"Condition":{"Value":"New"},"LowestPrice":{"Amount":159.99,"Currency":"EUR","DisplayAmount":"159,99 €"}}]}},{"ASIN":"B074N5QCR3","DetailPageURL":"https://www.amazon.es/dp/B074N5QCR3?tag=topinalambricos-21&linkCode=osi&th=1&psc=1","Images":{"Primary":{"Small":{"Height":75,"URL":"https://m.media-amazon.com/images/I/41iM66j2a+L._SL75_.jpg","Width":57}}},"ItemInfo":{"ByLineInfo":{"Brand":{"DisplayValue":"Clarks","Label":"Brand","Locale":"es_ES"},"Contributors":[{"Locale":"es_ES","Name":"Clarks","Role":"Diseñador","RoleType":"designer"}],"Manufacturer":{"DisplayValue":"Clarks","Label":"Manufacturer","Locale":"es_ES"}},"Title":{"DisplayValue":"Clarks Batcombe Lord, Botas Estilo Motero Hombre, Marrón (Dark Brown), 42 EU","Label":"Title","Locale":"es_ES"}},"Offers":{"Summaries":[{"Condition":{"Value":"New"},"LowestPrice":{"Amount":120.0,"Currency":"EUR","DisplayAmount":"120,00 €"}}]}},{"ASIN":"B0081JFWX2","DetailPageURL":"https://www.amazon.es/dp/B0081JFWX2?tag=topinalambricos-21&linkCode=osi&th=1&psc=1","Images":{"Primary":{"Small":{"Height":75,"URL":"https://m.media-amazon.com/images/I/41SUimhe-lL._SL75_.jpg","Width":75}}},"ItemInfo":{"ByLineInfo":{"Brand":{"DisplayValue":"Panama Jack","Label":"Brand","Locale":"es_ES"},"Manufacturer":{"DisplayValue":"Panama Jack","Label":"Manufacturer","Locale":"es_ES"}},"Title":{"DisplayValue":"Panama Jack Panama 03, Botas para Hombre, Marrón (Bark), 42 EU","Label":"Title","Locale":"es_ES"}},"Offers":{"Summaries":[{"Condition":{"Value":"New"},"LowestPrice":{"Amount":147.9,"Currency":"EUR","DisplayAmount":"147,90 €"}}]}},{"ASIN":"B08CZVRKBV","DetailPageURL":"https://www.amazon.es/dp/B08CZVRKBV?tag=topinalambricos-21&linkCode=osi&th=1&psc=1","Images":{"Primary":{"Small":{"Height":75,"URL":"https://m.media-amazon.com/images/I/41tEtqs+yKL._SL75_.jpg","Width":75}}},"ItemInfo":{"ByLineInfo":{"Brand":{"DisplayValue":"Mishansha","Label":"Brand","Locale":"es_ES"}},"Title":{"DisplayValue":"Botas Hombre Invierno Impermeables Botines Trekking Botas de Nieve Outdoor Fur Forro Boots Antideslizantes Marrón Gr.41","Label":"Title","Locale":"es_ES"}},"Offers":{"Summaries":[{"Condition":{"Value":"New"},"LowestPrice":{"Amount":48.99,"Currency":"EUR","DisplayAmount":"48,99 €"}}]}},{"ASIN":"B08CR7T5LP","DetailPageURL":"https://www.amazon.es/dp/B08CR7T5LP?tag=topinalambricos-21&linkCode=osi&th=1&psc=1","Images":{"Primary":{"Small":{"Height":75,"URL":"https://m.media-amazon.com/images/I/41V+lrJBAKS._SL75_.jpg","Width":75}}},"ItemInfo":{"ByLineInfo":{"Brand":{"DisplayValue":"Hey Dude","Label":"Brand","Locale":"es_ES"},"Contributors":[{"Locale":"es_ES","Name":"MainApps","Role":"Diseñador","RoleType":"designer"}],"Manufacturer":{"DisplayValue":"HEYDUDE","Label":"Manufacturer","Locale":"es_ES"}},"Title":{"DisplayValue":"Hey Dude Bradley - Botas de Hombre Informales – Color Brown – Zapatos de Hombre Cómodos y Ligeros – Cuero Ecosostenible - Plantilla de Espuma de Memoria – Talla EU 45","Label":"Title","Locale":"es_ES"}},"Offers":{"Summaries":[{"Condition":{"Value":"New"},"LowestPrice":{"Amount":71.0,"Currency":"EUR","DisplayAmount":"71,00 €"}}]}},{"ASIN":"B0845FZPNL","DetailPageURL":"https://www.amazon.es/dp/B0845FZPNL?tag=topinalambricos-21&linkCode=osi&th=1&psc=1","Images":{"Primary":{"Small":{"Height":50,"URL":"https://m.media-amazon.com/images/I/31v8aF-0cZL._SL75_.jpg","Width":75}}},"ItemInfo":{"ByLineInfo":{"Brand":{"DisplayValue":"Skechers","Label":"Brand","Locale":"es_ES"},"Manufacturer":{"DisplayValue":"Skechers","Label":"Manufacturer","Locale":"es_ES"}},"Title":{"DisplayValue":"Skechers Evenston Renli, Botas Chukka Hombre, Black, 43 EU","Label":"Title","Locale":"es_ES"}},"Offers":{"Summaries":[{"Condition":{"Value":"New"},"LowestPrice":{"Amount":71.75,"Currency":"EUR","DisplayAmount":"71,75 €"}}]}},{"ASIN":"B098BF2HSV","DetailPageURL":"https://www.amazon.es/dp/B098BF2HSV?tag=topinalambricos-21&linkCode=osi&th=1&psc=1","Images":{"Primary":{"Small":{"Height":75,"URL":"https://m.media-amazon.com/images/I/21VMfPDgMCL._SL75_.jpg","Width":56}}},"ItemInfo":{"ByLineInfo":{"Brand":{"DisplayValue":"JACK & JONES","Label":"Brand","Locale":"es_ES"},"Manufacturer":{"DisplayValue":"Bestseller A/S","Label":"Manufacturer","Locale":"es_ES"}},"Title":{"DisplayValue":"JACK & JONES Jfwshelby-Botas de Piel, Barco Hombre, coñac, 43 EU","Label":"Title","Locale":"es_ES"}},"Offers":{"Summaries":[{"Condition":{"Value":"New"},"LowestPrice":{"Amount":56.99,"Currency":"EUR","DisplayAmount":"56,99 €"}}]}},{"ASIN":"B002XQ3CKY","DetailPageURL":"https://www.amazon.es/dp/B002XQ3CKY?tag=topinalambricos-21&linkCode=osi&th=1&psc=1","Images":{"Primary":{"Small":{"Height":75,"URL":"https://m.media-amazon.com/images/I/41fGYhzyXZL._SL75_.jpg","Width":75}}},"ItemInfo":{"ByLineInfo":{"Brand":{"DisplayValue":"New Rock","Label":"Brand","Locale":"es_ES"}},"Title":{"DisplayValue":"New Rock 7605-S1 - Botas de Cuero para Hombre, Color Negro, Talla 43","Label":"Title","Locale":"es_ES"}},"Offers":{"Summaries":[{"Condition":{"Value":"New"},"LowestPrice":{"Amount":179.95,"Currency":"EUR","DisplayAmount":"179,95 €"}}]}},{"ASIN":"B01FT2BZSO","DetailPageURL":"https://www.amazon.es/dp/B01FT2BZSO?tag=topinalambricos-21&linkCode=osi&th=1&psc=1","Images":{"Primary":{"Small":{"Height":68,"URL":"https://m.media-amazon.com/images/I/41lwNEOtKuL._SL75_.jpg","Width":75}}},"ItemInfo":{"ByLineInfo":{"Brand":{"DisplayValue":"Levi's","Label":"Brand","Locale":"es_ES"},"Manufacturer":{"DisplayValue":"Levi's","Label":"Manufacturer","Locale":"es_ES"}},"Title":{"DisplayValue":"Levi's Emerson, Botines Hombre, Black 59, 43 EU","Label":"Title","Locale":"es_ES"}},"Offers":{"Summaries":[{"Condition":{"Value":"New"},"LowestPrice":{"Amount":129.95,"Currency":"EUR","DisplayAmount":"129,95 €"}},{"Condition":{"Value":"Used"},"LowestPrice":{"Amount":59.48,"Currency":"EUR","DisplayAmount":"59,48 €"}}]}}],"SearchURL":"https://www.amazon.es/s?k=cuero&rh=n%3A2008195031%2Cp_n_availability%3A-1&tag=topinalambricos-21&linkCode=osi","TotalResultCount":707}},"241":{"SearchResult":{"Items":[{"ASIN":"B07TMRQDZ8","DetailPageURL":"https://www.amazon.es/dp/B07TMRQDZ8?tag=topinalambricos-21&linkCode=osi&th=1&psc=1","Images":{"Primary":{"Small":{"Height":35,"URL":"https://m.media-amazon.com/images/I/31TRMpPeVZL._SL75_.jpg","Width":75}}},"ItemInfo":{"ByLineInfo":{"Brand":{"DisplayValue":"Clarks","Label":"Brand","Locale":"es_ES"},"Contributors":[{"Locale":"es_ES","Name":"Clarks Shoes Vertriebs GmbH","Role":"Diseñador","RoleType":"designer"}],"Manufacturer":{"DisplayValue":"Clarks","Label":"Manufacturer","Locale":"es_ES"}},"Title":{"DisplayValue":"Clarks Un Costa Lace, Zapatillas Hombre, British Tan Lea, 41 EU","Label":"Title","Locale":"es_ES"}},"Offers":{"Summaries":[{"Condition":{"Value":"New"},"LowestPrice":{"Amount":68.4,"Currency":"EUR","DisplayAmount":"68,40 €"}}]}},{"ASIN":"B007PBF3OA","DetailPageURL":"https://www.amazon.es/dp/B007PBF3OA?tag=topinalambricos-21&linkCode=osi&th=1&psc=1","Images":{"Primary":{"Small":{"Height":67,"URL":"https://m.media-amazon.com/images/I/51XgUpULaML._SL75_.jpg","Width":75}}},"ItemInfo":{"ByLineInfo":{"Brand":{"DisplayValue":"Converse","Label":"Brand","Locale":"es_ES"},"Contributors":[{"Locale":"es_ES","Name":"Converse","Role":"Diseñador","RoleType":"designer"}],"Manufacturer":{"DisplayValue":"Converse","Label":"Manufacturer","Locale":"es_ES"}},"Title":{"DisplayValue":"Converse AS Hola Lea Clásico 132170C el Nuevo I-Robot 1S581 Cuero Negro, Größe Schuhe Herren:EUR 43","Label":"Title","Locale":"es_ES"}},"Offers":{"Summaries":[{"Condition":{"Value":"New"},"LowestPrice":{"Amount":72.25,"Currency":"EUR","DisplayAmount":"72,25 €"}}]}},{"ASIN":"B09WNFHTFW","DetailPageURL":"https://www.amazon.es/dp/B09WNFHTFW?tag=topinalambricos-21&linkCode=osi&th=1&psc=1","Images":{"Primary":{"Small":{"Height":75,"URL":"https://m.media-amazon.com/images/I/3160K91TGML._SL75_.jpg","Width":60}}},"ItemInfo":{"ByLineInfo":{"Brand":{"DisplayValue":"MARTINELLI","Label":"Brand","Locale":"es_ES"},"Manufacturer":{"DisplayValue":"MARTINELLI","Label":"Manufacturer","Locale":"es_ES"}},"Title":{"DisplayValue":"MARTINELLI Deportivo de Piel Edward 1566","Label":"Title","Locale":"es_ES"}},"Offers":{"Summaries":[{"Condition":{"Value":"New"},"LowestPrice":{"Amount":91.45,"Currency":"EUR","DisplayAmount":"91,45 €"}}]}},{"ASIN":"B0B3LNXXBJ","DetailPageURL":"https://www.amazon.es/dp/B0B3LNXXBJ?tag=topinalambricos-21&linkCode=osi&th=1&psc=1","Images":{"Primary":{"Small":{"Height":48,"URL":"https://m.media-amazon.com/images/I/31HVckVUmWL._SL75_.jpg","Width":75}}},"ItemInfo":{"ByLineInfo":{"Brand":{"DisplayValue":"adidas","Label":"Brand","Locale":"es_ES"},"Manufacturer":{"DisplayValue":"ADIDAS","Label":"Manufacturer","Locale":"es_ES"}},"Title":{"DisplayValue":"ADIDAS - Deportivas ADIDAS GY9863 Caballero Blanco - 43 1/3","Label":"Title","Locale":"es_ES"}},"Offers":{"Summaries":[{"Condition":{"Value":"New"},"LowestPrice":{"Amount":54.95,"Currency":"EUR","DisplayAmount":"54,95 €"}}]}},{"ASIN":"B0B95TLKDH","DetailPageURL":"https://www.amazon.es/dp/B0B95TLKDH?tag=topinalambricos-21&linkCode=osi&th=1&psc=1","Images":{"Primary":{"Small":{"Height":75,"URL":"https://m.media-amazon.com/images/I/31T-ocxTz9L._SL75_.jpg","Width":75}}},"ItemInfo":{"ByLineInfo":{"Brand":{"DisplayValue":"Converse","Label":"Brand","Locale":"es_ES"},"Manufacturer":{"DisplayValue":"CONVERSE","Label":"Manufacturer","Locale":"es_ES"}},"Title":{"DisplayValue":"Zapatillas Mujer Mujer A03705c","Label":"Title","Locale":"es_ES"}},"Offers":{"Summaries":[{"Condition":{"Value":"New"},"LowestPrice":{"Amount":85.0,"Currency":"EUR","DisplayAmount":"85,00 €"}}]}},{"ASIN":"B092JRRHTB","DetailPageURL":"https://www.amazon.es/dp/B092JRRHTB?tag=topinalambricos-21&linkCode=osi&th=1&psc=1","Images":{"Primary":{"Small":{"Height":42,"URL":"https://m.media-amazon.com/images/I/316njfvN8hL._SL75_.jpg","Width":75}}},"ItemInfo":{"ByLineInfo":{"Brand":{"DisplayValue":"Tommy Hilfiger","Label":"Brand","Locale":"es_ES"},"Manufacturer":{"DisplayValue":"PVH","Label":"Manufacturer","Locale":"es_ES"}},"Title":{"DisplayValue":"Tommy Hilfiger Detalle de Tenis de Cuero Esencial, Zapatillas Hombre, White, 40 EU","Label":"Title","Locale":"es_ES"}},"Offers":{"Summaries":[{"Condition":{"Value":"New"},"LowestPrice":{"Amount":65.61,"Currency":"EUR","DisplayAmount":"65,61 €"}}]}},{"ASIN":"B09QBWJ1KD","DetailPageURL":"https://www.amazon.es/dp/B09QBWJ1KD?tag=topinalambricos-21&linkCode=osi&th=1&psc=1","Images":{"Primary":{"Small":{"Height":46,"URL":"https://m.media-amazon.com/images/I/31Rv+H2ST6L._SL75_.jpg","Width":75}}},"ItemInfo":{"ByLineInfo":{"Brand":{"DisplayValue":"Tommy Hilfiger","Label":"Brand","Locale":"es_ES"},"Manufacturer":{"DisplayValue":"PVH","Label":"Manufacturer","Locale":"es_ES"}},"Title":{"DisplayValue":"Tommy Hilfiger Sneaker Hombre Corporate Cup Leather Stripes, Blanco (White), 45 Eu","Label":"Title","Locale":"es_ES"}},"Offers":{"Summaries":[{"Condition":{"Value":"New"},"LowestPrice":{"Amount":68.95,"Currency":"EUR","DisplayAmount":"68,95 €"}}]}},{"ASIN":"B09PGGHXQG","DetailPageURL":"https://www.amazon.es/dp/B09PGGHXQG?tag=topinalambricos-21&linkCode=osi&th=1&psc=1","Images":{"Primary":{"Small":{"Height":75,"URL":"https://m.media-amazon.com/images/I/31f15OCnifL._SL75_.jpg","Width":56}}},"ItemInfo":{"ByLineInfo":{"Brand":{"DisplayValue":"New Balance","Label":"Brand","Locale":"es_ES"}},"Title":{"DisplayValue":"New Balance de los Hombres Zapatillas 574 de Piel Vegana, Azul, 44 EU","Label":"Title","Locale":"es_ES"}},"Offers":{"Summaries":[{"Condition":{"Value":"New"},"LowestPrice":{"Amount":87.99,"Currency":"EUR","DisplayAmount":"87,99 €"}}]}},{"ASIN":"B08NFDLJP3","DetailPageURL":"https://www.amazon.es/dp/B08NFDLJP3?tag=topinalambricos-21&linkCode=osi&th=1&psc=1","Images":{"Primary":{"Small":{"Height":42,"URL":"https://m.media-amazon.com/images/I/31aQs8thqkL._SL75_.jpg","Width":75}}},"ItemInfo":{"ByLineInfo":{"Brand":{"DisplayValue":"Levi's","Label":"Brand","Locale":"es_ES"},"Manufacturer":{"DisplayValue":"LEVI'S FOOTWEAR AND ACCESSORIES","Label":"Manufacturer","Locale":"es_ES"}},"Title":{"DisplayValue":"Levi's Turner 2.0, Zapatillas Hombre, Brown, 44 EU","Label":"Title","Locale":"es_ES"}},"Offers":{"Summaries":[{"Condition":{"Value":"New"},"LowestPrice":{"Amount":36.49,"Currency":"EUR","DisplayAmount":"36,49 €"}}]}},{"ASIN":"B08NYMT1NC","DetailPageURL":"https://www.amazon.es/dp/B08NYMT1NC?tag=topinalambricos-21&linkCode=osi&th=1&psc=1","Images":{"Primary":{"Small":{"Height":56,"URL":"https://m.media-amazon.com/images/I/31UrfED5PjL._SL75_.jpg","Width":75}}},"ItemInfo":{"ByLineInfo":{"Brand":{"DisplayValue":"victoria","Label":"Brand","Locale":"es_ES"},"Manufacturer":{"DisplayValue":"Victoria","Label":"Manufacturer","Locale":"es_ES"}},"Title":{"DisplayValue":"victoria Plano Basket Berlin Piel & Puntera DE Serraje 1126142-MEN para Hombre Azul 45","Label":"Title","Locale":"es_ES"}},"Offers":{"Summaries":[{"Condition":{"Value":"New"},"LowestPrice":{"Amount":69.99,"Currency":"EUR","DisplayAmount":"69,99 €"}}]}}],"SearchURL":"https://www.amazon.es/s?k=cuero+piel&rh=n%3A2008204031%2Cp_n_availability%3A-1&tag=topinalambricos-21&linkCode=osi","TotalResultCount":394}},"242":{"SearchResult":{"Items":[{"ASIN":"B09VLXL213","DetailPageURL":"https://www.amazon.es/dp/B09VLXL213?tag=topinalambricos-21&linkCode=osi&th=1&psc=1","Images":{"Primary":{"Small":{"Height":56,"URL":"https://m.media-amazon.com/images/I/313hxER9fML._SL75_.jpg","Width":75}}},"ItemInfo":{"ByLineInfo":{"Brand":{"DisplayValue":"victoria","Label":"Brand","Locale":"es_ES"},"Manufacturer":{"DisplayValue":"Calzados Nuevo Milenio S.L.","Label":"Manufacturer","Locale":"es_ES"}},"Title":{"DisplayValue":"victoria Plano BOTÍN Berlin Piel & Puntera Serraje 1126163-WOMEN para Mujer Cuero 38","Label":"Title","Locale":"es_ES"}},"Offers":{"Summaries":[{"Condition":{"Value":"New"},"LowestPrice":{"Amount":69.9,"Currency":"EUR","DisplayAmount":"69,90 €"}}]}},{"ASIN":"B07JWQ73XF","DetailPageURL":"https://www.amazon.es/dp/B07JWQ73XF?tag=topinalambricos-21&linkCode=osi&th=1&psc=1","Images":{"Primary":{"Small":{"Height":75,"URL":"https://m.media-amazon.com/images/I/21AKCCKWCmL._SL75_.jpg","Width":75}}},"ItemInfo":{"ByLineInfo":{"Brand":{"DisplayValue":"PUMA","Label":"Brand","Locale":"es_ES"},"Contributors":[{"Locale":"es_ES","Name":"Puma","Role":"Diseñador","RoleType":"designer"}],"Manufacturer":{"DisplayValue":"Puma","Label":"Manufacturer","Locale":"es_ES"}},"Title":{"DisplayValue":"PUMA Carina L, Zapatillas Bajas Mujer, Blanco (Puma White/Puma White/Puma Silver), 37 EU","Label":"Title","Locale":"es_ES"}},"Offers":{"Summaries":[{"Condition":{"Value":"New"},"LowestPrice":{"Amount":34.95,"Currency":"EUR","DisplayAmount":"34,95 €"}}]}},{"ASIN":"B006M6AYLG","DetailPageURL":"https://www.amazon.es/dp/B006M6AYLG?tag=topinalambricos-21&linkCode=osi&th=1&psc=1","Images":{"Primary":{"Small":{"Height":75,"URL":"https://m.media-amazon.com/images/I/41FDINJUoEL._SL75_.jpg","Width":75}}},"ItemInfo":{"ByLineInfo":{"Brand":{"DisplayValue":"Converse","Label":"Brand","Locale":"es_ES"},"Manufacturer":{"DisplayValue":"CONVERSE","Label":"Manufacturer","Locale":"es_ES"}},"Title":{"DisplayValue":"Mandriles Conversar 132173C AS OX clásico Lea Blanca de Cuero Blanco, Converse Schuhe Unisex Sizegroup 10:39","Label":"Title","Locale":"es_ES"}},"Offers":{"Summaries":[{"Condition":{"Value":"New"},"LowestPrice":{"Amount":75.99,"Currency":"EUR","DisplayAmount":"75,99 €"}}]}},{"ASIN":"B007PBF3FY","DetailPageURL":"https://www.amazon.es/dp/B007PBF3FY?tag=topinalambricos-21&linkCode=osi&th=1&psc=1","Images":{"Primary":{"Small":{"Height":67,"URL":"https://m.media-amazon.com/images/I/51XgUpULaML._SL75_.jpg","Width":75}}},"ItemInfo":{"ByLineInfo":{"Brand":{"DisplayValue":"Converse","Label":"Brand","Locale":"es_ES"},"Manufacturer":{"DisplayValue":"Converse","Label":"Manufacturer","Locale":"es_ES"}},"Title":{"DisplayValue":"Converse AS Hola Lea Clásico 132170C el Nuevo I-Robot 1S581 Cuero Negro, Größe Schuhe Herren:EUR 42","Label":"Title","Locale":"es_ES"}},"Offers":{"Summaries":[{"Condition":{"Value":"New"},"LowestPrice":{"Amount":67.99,"Currency":"EUR","DisplayAmount":"67,99 €"}}]}},{"ASIN":"B09QYBJNHR","DetailPageURL":"https://www.amazon.es/dp/B09QYBJNHR?tag=topinalambricos-21&linkCode=osi&th=1&psc=1","Images":{"Primary":{"Small":{"Height":72,"URL":"https://m.media-amazon.com/images/I/31CFER7vWiL._SL75_.jpg","Width":75}}},"ItemInfo":{"ByLineInfo":{"Brand":{"DisplayValue":"Converse","Label":"Brand","Locale":"es_ES"},"Manufacturer":{"DisplayValue":"CONVERSE","Label":"Manufacturer","Locale":"es_ES"}},"Title":{"DisplayValue":"CONVERSE Pro Leather Lift Neutral CR PINKCLAY 38","Label":"Title","Locale":"es_ES"}},"Offers":{"Summaries":[{"Condition":{"Value":"New"},"LowestPrice":{"Amount":86.0,"Currency":"EUR","DisplayAmount":"86,00 €"}}]}},{"ASIN":"B0B6JG6DL5","DetailPageURL":"https://www.amazon.es/dp/B0B6JG6DL5?tag=topinalambricos-21&linkCode=osi&th=1&psc=1","Images":{"Primary":{"Small":{"Height":72,"URL":"https://m.media-amazon.com/images/I/31N544qms1L._SL75_.jpg","Width":75}}},"ItemInfo":{"ByLineInfo":{"Brand":{"DisplayValue":"Converse","Label":"Brand","Locale":"es_ES"},"Manufacturer":{"DisplayValue":"Converse","Label":"Manufacturer","Locale":"es_ES"}},"Title":{"DisplayValue":"Converse Chuck Taylor All Star Eva Lift Leather, Zapatillas Deportivas, Negro, 36 EU","Label":"Title","Locale":"es_ES"}},"Offers":{"Summaries":[{"Condition":{"Value":"New"},"LowestPrice":{"Amount":55.99,"Currency":"EUR","DisplayAmount":"55,99 €"}}]}},{"ASIN":"B09N7P1WQT","DetailPageURL":"https://www.amazon.es/dp/B09N7P1WQT?tag=topinalambricos-21&linkCode=osi&th=1&psc=1","Images":{"Primary":{"Small":{"Height":50,"URL":"https://m.media-amazon.com/images/I/41itH+RkkUL._SL75_.jpg","Width":75}}},"ItemInfo":{"ByLineInfo":{"Brand":{"DisplayValue":"Geox","Label":"Brand","Locale":"es_ES"},"Manufacturer":{"DisplayValue":"Geox","Label":"Manufacturer","Locale":"es_ES"}},"Title":{"DisplayValue":"Geox D Airell A, Sneakers para Mujer, Beige (Dk Beige), 39 EU","Label":"Title","Locale":"es_ES"}},"Offers":{"Summaries":[{"Condition":{"Value":"New"},"LowestPrice":{"Amount":49.7,"Currency":"EUR","DisplayAmount":"49,70 €"}}]}},{"ASIN":"B078NKSSJS","DetailPageURL":"https://www.amazon.es/dp/B078NKSSJS?tag=topinalambricos-21&linkCode=osi&th=1&psc=1","Images":{"Primary":{"Small":{"Height":56,"URL":"https://m.media-amazon.com/images/I/41iby0RJXLL._SL75_.jpg","Width":75}}},"ItemInfo":{"ByLineInfo":{"Brand":{"DisplayValue":"Converse","Label":"Brand","Locale":"es_ES"},"Manufacturer":{"DisplayValue":"Converse","Label":"Manufacturer","Locale":"es_ES"}},"Title":{"DisplayValue":"CONVERSE - CTAS Lift Clean OX 561681C - Black, Tamaño:39 EU","Label":"Title","Locale":"es_ES"}},"Offers":{"Summaries":[{"Condition":{"Value":"New"},"LowestPrice":{"Amount":77.0,"Currency":"EUR","DisplayAmount":"77,00 €"}}]}},{"ASIN":"B07C9R6LNW","DetailPageURL":"https://www.amazon.es/dp/B07C9R6LNW?tag=topinalambricos-21&linkCode=osi&th=1&psc=1","Images":{"Primary":{"Small":{"Height":56,"URL":"https://m.media-amazon.com/images/I/41XELztMndL._SL75_.jpg","Width":75}}},"ItemInfo":{"ByLineInfo":{"Brand":{"DisplayValue":"Converse","Label":"Brand","Locale":"es_ES"},"Manufacturer":{"DisplayValue":"Converse","Label":"Manufacturer","Locale":"es_ES"}},"Title":{"DisplayValue":"CONVERSE - CTAS Lift Clean OX 561680C - White Black, Tamaño:38 EU","Label":"Title","Locale":"es_ES"}},"Offers":{"Summaries":[{"Condition":{"Value":"New"},"LowestPrice":{"Amount":77.14,"Currency":"EUR","DisplayAmount":"77,14 €"}}]}},{"ASIN":"B07BTFX446","DetailPageURL":"https://www.amazon.es/dp/B07BTFX446?tag=topinalambricos-21&linkCode=osi&th=1&psc=1","Images":{"Primary":{"Small":{"Height":73,"URL":"https://m.media-amazon.com/images/I/417rMIp5E9L._SL75_.jpg","Width":75}}},"ItemInfo":{"ByLineInfo":{"Brand":{"DisplayValue":"Converse","Label":"Brand","Locale":"es_ES"},"Manufacturer":{"DisplayValue":"Converse","Label":"Manufacturer","Locale":"es_ES"}},"Title":{"DisplayValue":"CONVERSE - CTAS Lift Clean HI 561676C - White, Tamaño:38 EU","Label":"Title","Locale":"es_ES"}},"Offers":{"Summaries":[{"Condition":{"Value":"New"},"LowestPrice":{"Amount":85.74,"Currency":"EUR","DisplayAmount":"85,74 €"}}]}}],"SearchURL":"https://www.amazon.es/s?k=cuero+piel&rh=n%3A2008267031%2Cp_n_availability%3A-1&tag=topinalambricos-21&linkCode=osi","TotalResultCount":379}},"243":{"SearchResult":{"Items":[{"ASIN":"B09B2LFCZ7","DetailPageURL":"https://www.amazon.es/dp/B09B2LFCZ7?tag=topinalambricos-21&linkCode=osi&th=1&psc=1","Images":{"Primary":{"Small":{"Height":75,"URL":"https://m.media-amazon.com/images/I/41S+mxGhskL._SL75_.jpg","Width":75}}},"ItemInfo":{"ByLineInfo":{"Brand":{"DisplayValue":"GIOSEPPO","Label":"Brand","Locale":"es_ES"},"Manufacturer":{"DisplayValue":"La Siesta","Label":"Manufacturer","Locale":"es_ES"}},"Title":{"DisplayValue":"Gioseppo LS Cuerdas, Mocasín Plano Mujer, Amarillo, 39 EU","Label":"Title","Locale":"es_ES"}},"Offers":{"Summaries":[{"Condition":{"Value":"New"},"LowestPrice":{"Amount":47.96,"Currency":"EUR","DisplayAmount":"47,96 €"}}]}},{"ASIN":"B09QD6CNYX","DetailPageURL":"https://www.amazon.es/dp/B09QD6CNYX?tag=topinalambricos-21&linkCode=osi&th=1&psc=1","Images":{"Primary":{"Small":{"Height":54,"URL":"https://m.media-amazon.com/images/I/31FmdebA7RL._SL75_.jpg","Width":75}}},"ItemInfo":{"ByLineInfo":{"Brand":{"DisplayValue":"TONI PONS","Label":"Brand","Locale":"es_ES"}},"Title":{"DisplayValue":"Alpargata para Mujer en Piel - Emma Cuero, 36 EU","Label":"Title","Locale":"es_ES"}},"Offers":{"Summaries":[{"Condition":{"Value":"New"},"LowestPrice":{"Amount":53.98,"Currency":"EUR","DisplayAmount":"53,98 €"}}]}},{"ASIN":"B07P152L9N","DetailPageURL":"https://www.amazon.es/dp/B07P152L9N?tag=topinalambricos-21&linkCode=osi&th=1&psc=1","Images":{"Primary":{"Small":{"Height":59,"URL":"https://m.media-amazon.com/images/I/416J3gq-lHL._SL75_.jpg","Width":75}}},"ItemInfo":{"ByLineInfo":{"Brand":{"DisplayValue":"TONI PONS","Label":"Brand","Locale":"es_ES"}},"Title":{"DisplayValue":"Alpargata para Mujer en Piel - TEIDE-P Platino, 39 EU","Label":"Title","Locale":"es_ES"}},"Offers":{"Summaries":[{"Condition":{"Value":"New"},"LowestPrice":{"Amount":59.95,"Currency":"EUR","DisplayAmount":"59,95 €"}}]}},{"ASIN":"B085DD3YJK","DetailPageURL":"https://www.amazon.es/dp/B085DD3YJK?tag=topinalambricos-21&linkCode=osi&th=1&psc=1","Images":{"Primary":{"Small":{"Height":75,"URL":"https://m.media-amazon.com/images/I/31JRI02ayTL._SL75_.jpg","Width":75}}},"ItemInfo":{"ByLineInfo":{"Brand":{"DisplayValue":"TONI PONS","Label":"Brand","Locale":"es_ES"}},"Title":{"DisplayValue":"Alpargata para Mujer en Piel - Ella Menta, 39 EU","Label":"Title","Locale":"es_ES"}},"Offers":{"Summaries":[{"Condition":{"Value":"New"},"LowestPrice":{"Amount":55.0,"Currency":"EUR","DisplayAmount":"55,00 €"}}]}},{"ASIN":"B09QD6BY3Y","DetailPageURL":"https://www.amazon.es/dp/B09QD6BY3Y?tag=topinalambricos-21&linkCode=osi&th=1&psc=1","Images":{"Primary":{"Small":{"Height":75,"URL":"https://m.media-amazon.com/images/I/31HfEUMfr-L._SL75_.jpg","Width":75}}},"ItemInfo":{"ByLineInfo":{"Brand":{"DisplayValue":"TONI PONS","Label":"Brand","Locale":"es_ES"}},"Title":{"DisplayValue":"Alpargata para Mujer en Piel - ERLA-P Oliva, 38 EU","Label":"Title","Locale":"es_ES"}},"Offers":{"Summaries":[{"Condition":{"Value":"New"},"LowestPrice":{"Amount":65.0,"Currency":"EUR","DisplayAmount":"65,00 €"}}]}},{"ASIN":"B06W9KDP7Y","DetailPageURL":"https://www.amazon.es/dp/B06W9KDP7Y?tag=topinalambricos-21&linkCode=osi&th=1&psc=1","Images":{"Primary":{"Small":{"Height":75,"URL":"https://m.media-amazon.com/images/I/416dxb3eqdL._SL75_.jpg","Width":75}}},"ItemInfo":{"ByLineInfo":{"Brand":{"DisplayValue":"ANGKORLY","Label":"Brand","Locale":"es_ES"},"Manufacturer":{"DisplayValue":"Angkorly","Label":"Manufacturer","Locale":"es_ES"}},"Title":{"DisplayValue":"Angkorly - Zapatillas Moda Alpargata Mocasín Slip-on Mujer Piel de Serpiente Tacón Plano 2.5 CM - Negro LX128 T 37","Label":"Title","Locale":"es_ES"}},"Offers":{"Summaries":[{"Condition":{"Value":"New"},"LowestPrice":{"Amount":25.95,"Currency":"EUR","DisplayAmount":"25,95 €"}}]}},{"ASIN":"B084TQ6ZB9","DetailPageURL":"https://www.amazon.es/dp/B084TQ6ZB9?tag=topinalambricos-21&linkCode=osi&th=1&psc=1","Images":{"Primary":{"Small":{"Height":75,"URL":"https://m.media-amazon.com/images/I/31lllkmc8CL._SL75_.jpg","Width":75}}},"ItemInfo":{"ByLineInfo":{"Brand":{"DisplayValue":"TONI PONS","Label":"Brand","Locale":"es_ES"}},"Title":{"DisplayValue":"Alpargata para Mujer en Piel - BERNIA-P Cuero, 39 EU","Label":"Title","Locale":"es_ES"}},"Offers":{"Summaries":[{"Condition":{"Value":"New"},"LowestPrice":{"Amount":65.0,"Currency":"EUR","DisplayAmount":"65,00 €"}}]}},{"ASIN":"B07BHR4G5R","DetailPageURL":"https://www.amazon.es/dp/B07BHR4G5R?tag=topinalambricos-21&linkCode=osi&th=1&psc=1","Images":{"Primary":{"Small":{"Height":75,"URL":"https://m.media-amazon.com/images/I/31uhwVvBrDL._SL75_.jpg","Width":75}}},"ItemInfo":{"ByLineInfo":{"Brand":{"DisplayValue":"TONI PONS","Label":"Brand","Locale":"es_ES"}},"Title":{"DisplayValue":"Alpargata para Mujer en Piel - Costa-5 Blanco, 38 EU","Label":"Title","Locale":"es_ES"}},"Offers":{"Summaries":[{"Condition":{"Value":"New"},"LowestPrice":{"Amount":74.99,"Currency":"EUR","DisplayAmount":"74,99 €"}}]}},{"ASIN":"B09QD7P2NY","DetailPageURL":"https://www.amazon.es/dp/B09QD7P2NY?tag=topinalambricos-21&linkCode=osi&th=1&psc=1","Images":{"Primary":{"Small":{"Height":75,"URL":"https://m.media-amazon.com/images/I/414Ccru3AuL._SL75_.jpg","Width":75}}},"ItemInfo":{"ByLineInfo":{"Brand":{"DisplayValue":"TONI PONS","Label":"Brand","Locale":"es_ES"}},"Title":{"DisplayValue":"Alpargata para Mujer en Piel - Terra-DM Multi, 37 EU","Label":"Title","Locale":"es_ES"}},"Offers":{"Summaries":[{"Condition":{"Value":"New"},"LowestPrice":{"Amount":59.95,"Currency":"EUR","DisplayAmount":"59,95 €"}}]}},{"ASIN":"B09QD5GNVL","DetailPageURL":"https://www.amazon.es/dp/B09QD5GNVL?tag=topinalambricos-21&linkCode=osi&th=1&psc=1","Images":{"Primary":{"Small":{"Height":75,"URL":"https://m.media-amazon.com/images/I/310Om+2eNsL._SL75_.jpg","Width":75}}},"ItemInfo":{"ByLineInfo":{"Brand":{"DisplayValue":"TONI PONS","Label":"Brand","Locale":"es_ES"}},"Title":{"DisplayValue":"Alpargata para Mujer en Piel - Elda-P Blanco, 38 EU","Label":"Title","Locale":"es_ES"}},"Offers":{"Summaries":[{"Condition":{"Value":"New"},"LowestPrice":{"Amount":59.95,"Currency":"EUR","DisplayAmount":"59,95 €"}}]}}],"SearchURL":"https://www.amazon.es/s?k=piel&rh=n%3A2008259031%2Cp_n_availability%3A-1&tag=topinalambricos-21&linkCode=osi","TotalResultCount":201}},"246":{"SearchResult":{"Items":[{"ASIN":"B078R5V6CC","DetailPageURL":"https://www.amazon.es/dp/B078R5V6CC?tag=topinalambricos-21&linkCode=osi&th=1&psc=1","Images":{"Primary":{"Small":{"Height":75,"URL":"https://m.media-amazon.com/images/I/51LbbkgGVvL._SL75_.jpg","Width":75}}},"ItemInfo":{"ByLineInfo":{"Brand":{"DisplayValue":"perfk","Label":"Brand","Locale":"es_ES"},"Manufacturer":{"DisplayValue":"perfk","Label":"Manufacturer","Locale":"es_ES"}},"Title":{"DisplayValue":"perfk 10 Metros Tiras de Correa de Cuero de Artesanía de Bricolaje para Accesorios de Fabricación de Bolsa - Marrón Claro","Label":"Title","Locale":"es_ES"}},"Offers":{"Summaries":[{"Condition":{"Value":"New"},"LowestPrice":{"Amount":9.89,"Currency":"EUR","DisplayAmount":"9,89 €"}}]}},{"ASIN":"B0B6PTGJMG","DetailPageURL":"https://www.amazon.es/dp/B0B6PTGJMG?tag=topinalambricos-21&linkCode=osi&th=1&psc=1","Images":{"Primary":{"Small":{"Height":64,"URL":"https://m.media-amazon.com/images/I/41h1Ryk5enL._SL75_.jpg","Width":75}}},"ItemInfo":{"ByLineInfo":{"Brand":{"DisplayValue":"IPEA","Label":"Brand","Locale":"es_ES"},"Manufacturer":{"DisplayValue":"IPEA","Label":"Manufacturer","Locale":"es_ES"}},"Title":{"DisplayValue":"IPEA Cordón de Cuero Genuino Cuadrado para Accesorios, Zapatos, Moda - Cuero Premium Made in Italy - 3 Metros de Longitud - Cordónes de Piel Recortado de 3 mm para Creaciones - Color Marrón Oscuro","Label":"Title","Locale":"es_ES"}},"Offers":{"Summaries":[{"Condition":{"Value":"New"},"LowestPrice":{"Amount":8.99,"Currency":"EUR","DisplayAmount":"8,99 € (3,00 € / metro)","PricePerUnit":3.0}}]}},{"ASIN":"B006WQVJPQ","DetailPageURL":"https://www.amazon.es/dp/B006WQVJPQ?tag=topinalambricos-21&linkCode=osi&th=1&psc=1","Images":{"Primary":{"Small":{"Height":56,"URL":"https://m.media-amazon.com/images/I/51+FDgYCOWL._SL75_.jpg","Width":75}}},"ItemInfo":{"ByLineInfo":{"Brand":{"DisplayValue":"esnado","Label":"Brand","Locale":"es_ES"},"Manufacturer":{"DisplayValue":"esnado","Label":"Manufacturer","Locale":"es_ES"}},"Title":{"DisplayValue":"Banda de piel, correa de cuero 5 m. Ancho 9 – 10 mm. grosor 2,5 mm. color Marrón claro","Label":"Title","Locale":"es_ES"}},"Offers":{"Summaries":[{"Condition":{"Value":"New"},"LowestPrice":{"Amount":11.95,"Currency":"EUR","DisplayAmount":"11,95 €"}}]}},{"ASIN":"B086X49X2D","DetailPageURL":"https://www.amazon.es/dp/B086X49X2D?tag=topinalambricos-21&linkCode=osi&th=1&psc=1","Images":{"Primary":{"Small":{"Height":75,"URL":"https://m.media-amazon.com/images/I/51Z90RhbsvL._SL75_.jpg","Width":75}}},"ItemInfo":{"ByLineInfo":{"Brand":{"DisplayValue":"MoreChioce","Label":"Brand","Locale":"es_ES"},"Manufacturer":{"DisplayValue":"MoreChioce","Label":"Manufacturer","Locale":"es_ES"}},"Title":{"DisplayValue":"MoreChioce 5 metros Lederschnur,blanda PU Lederband Lederriemen para DIY Schulterriemen,Brieftasche, Haustier Halsband artesanía 1,5 cm Negro","Label":"Title","Locale":"es_ES"}},"Offers":{"Summaries":[{"Condition":{"Value":"New"},"LowestPrice":{"Amount":15.59,"Currency":"EUR","DisplayAmount":"15,59 €"}}]}},{"ASIN":"B07WD8ZF18","DetailPageURL":"https://www.amazon.es/dp/B07WD8ZF18?tag=topinalambricos-21&linkCode=osi&th=1&psc=1","Images":{"Primary":{"Small":{"Height":75,"URL":"https://m.media-amazon.com/images/I/41Gg5tbkCkL._SL75_.jpg","Width":75}}},"ItemInfo":{"ByLineInfo":{"Brand":{"DisplayValue":"DonDon","Label":"Brand","Locale":"es_ES"},"Manufacturer":{"DisplayValue":"Tradict GmbH","Label":"Manufacturer","Locale":"es_ES"}},"Title":{"DisplayValue":"DonDon Cinta de cuero marrón - DIY Rollo de 25 metro 3 mm de ancho","Label":"Title","Locale":"es_ES"}},"Offers":{"Summaries":[{"Condition":{"Value":"New"},"LowestPrice":{"Amount":14.97,"Currency":"EUR","DisplayAmount":"14,97 €"}}]}},{"ASIN":"B0BD88K4S7","DetailPageURL":"https://www.amazon.es/dp/B0BD88K4S7?tag=topinalambricos-21&linkCode=osi&th=1&psc=1","Images":{"Primary":{"Small":{"Height":75,"URL":"https://m.media-amazon.com/images/I/41P-9ncBB-L._SL75_.jpg","Width":75}}},"ItemInfo":{"ByLineInfo":{"Brand":{"DisplayValue":"RUBY","Label":"Brand","Locale":"es_ES"},"Manufacturer":{"DisplayValue":"Ruby Abalorios","Label":"Manufacturer","Locale":"es_ES"}},"Title":{"DisplayValue":"RUBY 10 mm x 2 mm x 5m Correa de Cuero Plana, Correa de Cuero Plana, Correa de Cuero, Correa de Cuero al Metro, Correa de Cuero Ancho, Cuero al Metro (5 Metros, marrón Antiguo)","Label":"Title","Locale":"es_ES"}},"Offers":{"Summaries":[{"Condition":{"Value":"New"},"LowestPrice":{"Amount":9.95,"Currency":"EUR","DisplayAmount":"9,95 €"}}]}},{"ASIN":"B06XSXXQX8","DetailPageURL":"https://www.amazon.es/dp/B06XSXXQX8?tag=topinalambricos-21&linkCode=osi&th=1&psc=1","Images":{"Primary":{"Small":{"Height":75,"URL":"https://m.media-amazon.com/images/I/51Ppy+cj+0L._SL75_.jpg","Width":75}}},"ItemInfo":{"ByLineInfo":{"Brand":{"DisplayValue":"MagiDeal","Label":"Brand","Locale":"es_ES"},"Manufacturer":{"DisplayValue":"MagiDeal","Label":"Manufacturer","Locale":"es_ES"}},"Title":{"DisplayValue":"MagiDeal 10 Metros de Correa de Cuero Poliuretano Accesorios Artesanía Manualidad Hogar Costura Decoración Bricolaje Arte Resistente Duradero Robusto - Marrón Oscuro","Label":"Title","Locale":"es_ES"}},"Offers":{"Summaries":[{"Condition":{"Value":"New"},"LowestPrice":{"Amount":10.99,"Currency":"EUR","DisplayAmount":"10,99 €"}}]}},{"ASIN":"B071NBYFTP","DetailPageURL":"https://www.amazon.es/dp/B071NBYFTP?tag=topinalambricos-21&linkCode=osi&th=1&psc=1","Images":{"Primary":{"Small":{"Height":56,"URL":"https://m.media-amazon.com/images/I/516OOLxPFwL._SL75_.jpg","Width":75}}},"ItemInfo":{"ByLineInfo":{"Brand":{"DisplayValue":"esnado","Label":"Brand","Locale":"es_ES"},"Manufacturer":{"DisplayValue":"esnado","Label":"Manufacturer","Locale":"es_ES"}},"Title":{"DisplayValue":"esnado Cordón de piel redondo, 1,5 mm, negro, 5 metros, piel auténtica, curtido vegetal, ideal para la fabricación de joyas y pulseras, manualidades o decoración, proyectos de bricolaje, medieval","Label":"Title","Locale":"es_ES"}},"Offers":{"Summaries":[{"Condition":{"Value":"New"},"LowestPrice":{"Amount":2.75,"Currency":"EUR","DisplayAmount":"2,75 €"}}]}},{"ASIN":"B00B3FW4JQ","DetailPageURL":"https://www.amazon.es/dp/B00B3FW4JQ?tag=topinalambricos-21&linkCode=osi&th=1&psc=1","Images":{"Primary":{"Small":{"Height":75,"URL":"https://m.media-amazon.com/images/I/41KMB+bvsjL._SL75_.jpg","Width":75}}},"ItemInfo":{"ByLineInfo":{"Brand":{"DisplayValue":"Auroris","Label":"Brand","Locale":"es_ES"},"Manufacturer":{"DisplayValue":"Auroris","Label":"Manufacturer","Locale":"es_ES"}},"Title":{"DisplayValue":"AURORIS - 10 Metros de Cuerda de Cuero Redondeada - diámetro 3 milímetros - de Color Natural","Label":"Title","Locale":"es_ES"}},"Offers":{"Summaries":[{"Condition":{"Value":"New"},"LowestPrice":{"Amount":15.71,"Currency":"EUR","DisplayAmount":"15,71 €"}}]}},{"ASIN":"B006IUW2IY","DetailPageURL":"https://www.amazon.es/dp/B006IUW2IY?tag=topinalambricos-21&linkCode=osi&th=1&psc=1","Images":{"Primary":{"Small":{"Height":71,"URL":"https://m.media-amazon.com/images/I/51WAn0z66+L._SL75_.jpg","Width":75}}},"ItemInfo":{"ByLineInfo":{"Brand":{"DisplayValue":"Auroris","Label":"Brand","Locale":"es_ES"},"Manufacturer":{"DisplayValue":"Auroris","Label":"Manufacturer","Locale":"es_ES"}},"Title":{"DisplayValue":"AURORIS - 10 Metros de Cuerda de Cuero Redondeada - diámetro 2 milímetros - Negro","Label":"Title","Locale":"es_ES"}},"Offers":{"Summaries":[{"Condition":{"Value":"New"},"LowestPrice":{"Amount":13.9,"Currency":"EUR","DisplayAmount":"13,90 €"}}]}}],"SearchURL":"https://www.amazon.es/s?k=metros&rh=n%3A4358251031%2Cp_n_availability%3A-1&tag=topinalambricos-21&linkCode=osi","TotalResultCount":1253}},"247":{"SearchResult":{"Items":[{"ASIN":"B07P7HY14Y","DetailPageURL":"https://www.amazon.es/dp/B07P7HY14Y?tag=topinalambricos-21&linkCode=osi&th=1&psc=1","Images":{"Primary":{"Small":{"Height":75,"URL":"https://m.media-amazon.com/images/I/31TwTtSgspL._SL75_.jpg","Width":61}}},"ItemInfo":{"ByLineInfo":{"Brand":{"DisplayValue":"Zerimar","Label":"Brand","Locale":"es_ES"},"Manufacturer":{"DisplayValue":"Zerimar","Label":"Manufacturer","Locale":"es_ES"}},"Title":{"DisplayValue":"Zerimar Piel Cuero | Pieles Cuero Natural | Retales de Piel para Manualidades | Piel para Artesanos | Retal Cuero | Retales de Cuero | Color: marron | Medidas: 80x75 cm (Marrón oscuro)","Label":"Title","Locale":"es_ES"}},"Offers":{"Summaries":[{"Condition":{"Value":"New"},"LowestPrice":{"Amount":20.0,"Currency":"EUR","DisplayAmount":"20,00 €"}}]}},{"ASIN":"B07X3K8ZPX","DetailPageURL":"https://www.amazon.es/dp/B07X3K8ZPX?tag=topinalambricos-21&linkCode=osi&th=1&psc=1","Images":{"Primary":{"Small":{"Height":63,"URL":"https://m.media-amazon.com/images/I/21VBzv9tyZL._SL75_.jpg","Width":75}}},"ItemInfo":{"ByLineInfo":{"Brand":{"DisplayValue":"Zerimar","Label":"Brand","Locale":"es_ES"},"Manufacturer":{"DisplayValue":"Zerimar","Label":"Manufacturer","Locale":"es_ES"}},"Title":{"DisplayValue":"Zerimar Piel Cuero | Pieles Cuero Natural | Retales de Piel para Manualidades | Piel para Artesanos | Retal Cuero | Retales de Cuero | Color: camel | Medidas: 105x70 cm.9.1 Pies","Label":"Title","Locale":"es_ES"}},"Offers":{"Summaries":[{"Condition":{"Value":"New"},"LowestPrice":{"Amount":22.99,"Currency":"EUR","DisplayAmount":"22,99 €"}}]}},{"ASIN":"B0B524LGT9","DetailPageURL":"https://www.amazon.es/dp/B0B524LGT9?tag=topinalambricos-21&linkCode=osi&th=1&psc=1","Images":{"Primary":{"Small":{"Height":75,"URL":"https://m.media-amazon.com/images/I/415QZiUBTGL._SL75_.jpg","Width":49}}},"ItemInfo":{"ByLineInfo":{"Brand":{"DisplayValue":"LA GARZARARA","Label":"Brand","Locale":"es_ES"},"Manufacturer":{"DisplayValue":"LA GARZARARA SRL","Label":"Manufacturer","Locale":"es_ES"}},"Title":{"DisplayValue":"LA GARZARARA Lote de 2 kg de Recortes de Piel auténtica en tamaños aleatorios Mixtos, retales Varias Formas, Medida mínima del Corte es de 25 x 20 cm, Grosor 0,5/1,1 mm, Ante, Color Liso","Label":"Title","Locale":"es_ES"}},"Offers":{"Summaries":[{"Condition":{"Value":"New"},"LowestPrice":{"Amount":44.99,"Currency":"EUR","DisplayAmount":"44,99 €"}}]}},{"ASIN":"B088MCMLFH","DetailPageURL":"https://www.amazon.es/dp/B088MCMLFH?tag=topinalambricos-21&linkCode=osi&th=1&psc=1","Images":{"Primary":{"Small":{"Height":64,"URL":"https://m.media-amazon.com/images/I/21-mZQhXmCL._SL75_.jpg","Width":75}}},"ItemInfo":{"ByLineInfo":{"Brand":{"DisplayValue":"Zerimar","Label":"Brand","Locale":"es_ES"},"Manufacturer":{"DisplayValue":"Zerimar","Label":"Manufacturer","Locale":"es_ES"}},"Title":{"DisplayValue":"Zerimar Piel Napa Cuero | Pieles Cuero Cordero Natural | Retales de Piel para Manualidades | Piel para Artesanos | Retal Cuero | Retales de Cuero | Medidas: 65x70 cm","Label":"Title","Locale":"es_ES"}},"Offers":{"Summaries":[{"Condition":{"Value":"New"},"LowestPrice":{"Amount":29.0,"Currency":"EUR","DisplayAmount":"29,00 €"}}]}},{"ASIN":"B0B5277B3L","DetailPageURL":"https://www.amazon.es/dp/B0B5277B3L?tag=topinalambricos-21&linkCode=osi&th=1&psc=1","Images":{"Primary":{"Small":{"Height":75,"URL":"https://m.media-amazon.com/images/I/51pAi8o1mRL._SL75_.jpg","Width":49}}},"ItemInfo":{"ByLineInfo":{"Brand":{"DisplayValue":"LA GARZARARA","Label":"Brand","Locale":"es_ES"},"Manufacturer":{"DisplayValue":"LA GARZARARA SRL","Label":"Manufacturer","Locale":"es_ES"}},"Title":{"DisplayValue":"LA GARZARARA Lote de 2 kg de Recortes de Piel auténtica en tamaños aleatorios y Colores Mixtos, retales laminados e Impresos, Medida mínima del Corte es de 25 x 20 cm, Grosor 0,5/1,2 mm","Label":"Title","Locale":"es_ES"}},"Offers":{"Summaries":[{"Condition":{"Value":"New"},"LowestPrice":{"Amount":35.41,"Currency":"EUR","DisplayAmount":"35,41 €"}}]}},{"ASIN":"B07SBD5C3S","DetailPageURL":"https://www.amazon.es/dp/B07SBD5C3S?tag=topinalambricos-21&linkCode=osi&th=1&psc=1","Images":{"Primary":{"Small":{"Height":63,"URL":"https://m.media-amazon.com/images/I/31YL4N+bgeL._SL75_.jpg","Width":75}}},"ItemInfo":{"ByLineInfo":{"Brand":{"DisplayValue":"Zerimar","Label":"Brand","Locale":"es_ES"},"Manufacturer":{"DisplayValue":"Zerimar","Label":"Manufacturer","Locale":"es_ES"}},"Title":{"DisplayValue":"Zerimar Piel Cuero | Pieles de Cuero Natural | Retales de Piel para Manualidades | Medidas:105x65cm","Label":"Title","Locale":"es_ES"}},"Offers":{"Summaries":[{"Condition":{"Value":"New"},"LowestPrice":{"Amount":22.99,"Currency":"EUR","DisplayAmount":"22,99 €"}}]}},{"ASIN":"B08255BP2J","DetailPageURL":"https://www.amazon.es/dp/B08255BP2J?tag=topinalambricos-21&linkCode=osi&th=1&psc=1","Images":{"Primary":{"Small":{"Height":75,"URL":"https://m.media-amazon.com/images/I/41HewA1x4vL._SL75_.jpg","Width":75}}},"ItemInfo":{"ByLineInfo":{"Brand":{"DisplayValue":"MUCHENG","Label":"Brand","Locale":"es_ES"},"Manufacturer":{"DisplayValue":"MUCHENG","Label":"Manufacturer","Locale":"es_ES"}},"Title":{"DisplayValue":"1 kg de cuero de varios tonos marrón surtidos y varios tamaños, piezas de manualidades ideales para cualquier trabajo de manualidades","Label":"Title","Locale":"es_ES"}},"Offers":{"Summaries":[{"Condition":{"Value":"New"},"LowestPrice":{"Amount":19.99,"Currency":"EUR","DisplayAmount":"19,99 €"}}]}},{"ASIN":"B084TLVXT1","DetailPageURL":"https://www.amazon.es/dp/B084TLVXT1?tag=topinalambricos-21&linkCode=osi&th=1&psc=1","Images":{"Primary":{"Small":{"Height":49,"URL":"https://m.media-amazon.com/images/I/31bwRdCdA7L._SL75_.jpg","Width":75}}},"ItemInfo":{"ByLineInfo":{"Brand":{"DisplayValue":"CLUB4BRANDS","Label":"Brand","Locale":"es_ES"},"Manufacturer":{"DisplayValue":"CLUB4BRANDS","Label":"Manufacturer","Locale":"es_ES"}},"Title":{"DisplayValue":"Recortes de cuero - restos de cuero marrón, restos de cuero, tamaños grandes, ideal para bolsos, zapatos, reparaciones, decoraciones, manualidades, 0,5 kg, tamaño A2","Label":"Title","Locale":"es_ES"}},"Offers":{"Summaries":[{"Condition":{"Value":"New"},"LowestPrice":{"Amount":35.99,"Currency":"EUR","DisplayAmount":"35,99 €"}}]}},{"ASIN":"B07F8GKR14","DetailPageURL":"https://www.amazon.es/dp/B07F8GKR14?tag=topinalambricos-21&linkCode=osi&th=1&psc=1","Images":{"Primary":{"Small":{"Height":49,"URL":"https://m.media-amazon.com/images/I/51Y26M100LL._SL75_.jpg","Width":75}}},"ItemInfo":{"ByLineInfo":{"Brand":{"DisplayValue":"Lederhandel.com","Label":"Brand","Locale":"es_ES"},"Manufacturer":{"DisplayValue":"Lederhandel.com","Label":"Manufacturer","Locale":"es_ES"}},"Title":{"DisplayValue":"Lederhandel.com Cuero Scraps Craft Leather 1 kg Marrón Todas las piezas al menos DIN A4 - Para manualidades o costura","Label":"Title","Locale":"es_ES"}},"Offers":{"Summaries":[{"Condition":{"Value":"New"},"LowestPrice":{"Amount":22.9,"Currency":"EUR","DisplayAmount":"22,90 €"}}]}},{"ASIN":"B07PCSLTFK","DetailPageURL":"https://www.amazon.es/dp/B07PCSLTFK?tag=topinalambricos-21&linkCode=osi&th=1&psc=1","Images":{"Primary":{"Small":{"Height":63,"URL":"https://m.media-amazon.com/images/I/31YL4N+bgeL._SL75_.jpg","Width":75}}},"ItemInfo":{"ByLineInfo":{"Brand":{"DisplayValue":"Zerimar","Label":"Brand","Locale":"es_ES"},"Manufacturer":{"DisplayValue":"Zerimar","Label":"Manufacturer","Locale":"es_ES"}},"Title":{"DisplayValue":"Zerimar Piel Cuero Natural Pack de 2 y 3 Pieles | Retales de Piel para Manualidades | Piel Cuero | Color: Cuero (cuero)","Label":"Title","Locale":"es_ES"}},"Offers":{"Summaries":[{"Condition":{"Value":"New"},"LowestPrice":{"Amount":22.99,"Currency":"EUR","DisplayAmount":"22,99 €"}}]}}],"SearchURL":"https://www.amazon.es/s?k=retales&rh=n%3A4358256031%2Cp_n_availability%3A-1&tag=topinalambricos-21&linkCode=osi","TotalResultCount":322}},"248":{"SearchResult":{"Items":[{"ASIN":"B08XJW7ZDR","DetailPageURL":"https://www.amazon.es/dp/B08XJW7ZDR?tag=topinalambricos-21&linkCode=osi&th=1&psc=1","Images":{"Primary":{"Small":{"Height":75,"URL":"https://m.media-amazon.com/images/I/315F6D7GdVS._SL75_.jpg","Width":75}}},"ItemInfo":{"ByLineInfo":{"Brand":{"DisplayValue":"moonster","Label":"Brand","Locale":"es_ES"},"Manufacturer":{"DisplayValue":"Moonster Products Ltd","Label":"Manufacturer","Locale":"es_ES"}},"Title":{"DisplayValue":"Moonster Piezas Cuero Genuino – Cuero para Manualidades, Pendientes, Carteras – Piezas de Piel de Búfalo Plena Flor Auténtico – Marrón Oscuro y Rojizo (1 Pieza de Cuero + Cuerda para Pulsera)","Label":"Title","Locale":"es_ES"}},"Offers":{"Summaries":[{"Condition":{"Value":"New"},"LowestPrice":{"Amount":24.95,"Currency":"EUR","DisplayAmount":"24,95 €"}}]}},{"ASIN":"B07Y5YBDDH","DetailPageURL":"https://www.amazon.es/dp/B07Y5YBDDH?tag=topinalambricos-21&linkCode=osi&th=1&psc=1","Images":{"Primary":{"Small":{"Height":75,"URL":"https://m.media-amazon.com/images/I/51xaMG19NOS._SL75_.jpg","Width":72}}},"ItemInfo":{"ByLineInfo":{"Brand":{"DisplayValue":"AIEX","Label":"Brand","Locale":"es_ES"}},"Title":{"DisplayValue":"AIEX 29 Cuero Artesanía de Cuero Kit de Costura Manual de Bricolaje con Agujas de Coser a Mano, Taladro, Hilo Encerado y dedal para Tapicería de Cuero Alfombra Lienzo DIY Accesorios de Costura","Label":"Title","Locale":"es_ES"}},"Offers":{"Summaries":[{"Condition":{"Value":"New"},"LowestPrice":{"Amount":11.99,"Currency":"EUR","DisplayAmount":"11,99 €"}}]}},{"ASIN":"B08FC51MF2","DetailPageURL":"https://www.amazon.es/dp/B08FC51MF2?tag=topinalambricos-21&linkCode=osi&th=1&psc=1","Images":{"Primary":{"Small":{"Height":75,"URL":"https://m.media-amazon.com/images/I/41vwwuBL6-L._SL75_.jpg","Width":75}}},"ItemInfo":{"ByLineInfo":{"Brand":{"DisplayValue":"SPEEDWOX","Label":"Brand","Locale":"es_ES"},"Manufacturer":{"DisplayValue":"SPEEDWOX","Label":"Manufacturer","Locale":"es_ES"}},"Title":{"DisplayValue":"SPEEDWOX - Juego de herramientas espaciadoras de piel para manualidades, espaciador, sistema de grabado en relieve con 4 ruedas de punzón de diamante para bricolaje y costura de piel","Label":"Title","Locale":"es_ES"}},"Offers":{"Summaries":[{"Condition":{"Value":"New"},"LowestPrice":{"Amount":13.99,"Currency":"EUR","DisplayAmount":"13,99 €"}}]}},{"ASIN":"B08VF3BSGT","DetailPageURL":"https://www.amazon.es/dp/B08VF3BSGT?tag=topinalambricos-21&linkCode=osi&th=1&psc=1","Images":{"Primary":{"Small":{"Height":75,"URL":"https://m.media-amazon.com/images/I/51QUXq1icaL._SL75_.jpg","Width":75}}},"ItemInfo":{"ByLineInfo":{"Brand":{"DisplayValue":"RUIYIQI","Label":"Brand","Locale":"es_ES"},"Manufacturer":{"DisplayValue":"RUIYIQI","Label":"Manufacturer","Locale":"es_ES"}},"Title":{"DisplayValue":"Kit de Herramientas para Manualidades en Cuero de 26 Piezas, Kit de Herramientas de Cuero para Coser a Mano con 12 Agujas de Coser, 5 Hilos Encerados, Cinta Métrica","Label":"Title","Locale":"es_ES"}},"Offers":{"Summaries":[{"Condition":{"Value":"New"},"LowestPrice":{"Amount":21.99,"Currency":"EUR","DisplayAmount":"21,99 €"}}]}},{"ASIN":"B06WD68W7S","DetailPageURL":"https://www.amazon.es/dp/B06WD68W7S?tag=topinalambricos-21&linkCode=osi&th=1&psc=1","Images":{"Primary":{"Small":{"Height":75,"URL":"https://m.media-amazon.com/images/I/51XMjmNPkbL._SL75_.jpg","Width":75}}},"ItemInfo":{"ByLineInfo":{"Brand":{"DisplayValue":"Duokon","Label":"Brand","Locale":"es_ES"},"Manufacturer":{"DisplayValue":"Yosoo","Label":"Manufacturer","Locale":"es_ES"}},"Title":{"DisplayValue":"Remaches de botón de metal, 10 piezas Remache de latón plateado para manualidades en cuero Remache de metal con anillo de tracción Hebilla para bolsos Cinturones Pulseras de cuero Zapatos Botas Bolsos","Label":"Title","Locale":"es_ES"}},"Offers":{"Summaries":[{"Condition":{"Value":"New"},"LowestPrice":{"Amount":7.43,"Currency":"EUR","DisplayAmount":"7,43 €"}}]}},{"ASIN":"B07ZK4VKP2","DetailPageURL":"https://www.amazon.es/dp/B07ZK4VKP2?tag=topinalambricos-21&linkCode=osi&th=1&psc=1","Images":{"Primary":{"Small":{"Height":75,"URL":"https://m.media-amazon.com/images/I/517P5fKLOsL._SL75_.jpg","Width":75}}},"ItemInfo":{"ByLineInfo":{"Brand":{"DisplayValue":"Anyasen","Label":"Brand","Locale":"es_ES"},"Manufacturer":{"DisplayValue":"Anyasen","Label":"Manufacturer","Locale":"es_ES"}},"Title":{"DisplayValue":"Anyasen Remaches tachuelas para ropa con pinchos cónicos y tornillos traseros de metal para proyectos y manualidades con ropa de piel 150 Piezas","Label":"Title","Locale":"es_ES"}},"Offers":{"Summaries":[{"Condition":{"Value":"New"},"LowestPrice":{"Amount":15.59,"Currency":"EUR","DisplayAmount":"15,59 €"}}]}},{"ASIN":"B088M9FPCL","DetailPageURL":"https://www.amazon.es/dp/B088M9FPCL?tag=topinalambricos-21&linkCode=osi&th=1&psc=1","Images":{"Primary":{"Small":{"Height":75,"URL":"https://m.media-amazon.com/images/I/61bN+DfPOXL._SL75_.jpg","Width":75}}},"ItemInfo":{"ByLineInfo":{"Brand":{"DisplayValue":"ZARRS","Label":"Brand","Locale":"es_ES"},"Manufacturer":{"DisplayValue":"ZARRS","Label":"Manufacturer","Locale":"es_ES"}},"Title":{"DisplayValue":"Remaches de Cuero,300 Piezas Remache de Doble Tapa con 3 Herramientas de Fijación para Manualidades de Cuero,Cinturón 3 Tamaños(Oro,Plata y Bronce)","Label":"Title","Locale":"es_ES"}},"Offers":{"Summaries":[{"Condition":{"Value":"New"},"LowestPrice":{"Amount":16.99,"Currency":"EUR","DisplayAmount":"16,99 €"}}]}},{"ASIN":"B08PQD289D","DetailPageURL":"https://www.amazon.es/dp/B08PQD289D?tag=topinalambricos-21&linkCode=osi&th=1&psc=1","Images":{"Primary":{"Small":{"Height":75,"URL":"https://m.media-amazon.com/images/I/51V8mV7Pf5L._SL75_.jpg","Width":75}}},"ItemInfo":{"ByLineInfo":{"Brand":{"DisplayValue":"PUDSIRN","Label":"Brand","Locale":"es_ES"},"Manufacturer":{"DisplayValue":"PUDSIRN","Label":"Manufacturer","Locale":"es_ES"}},"Title":{"DisplayValue":"PUDSIRN - Juego de herramientas de cuero para manualidades, 336 piezas, 33 piezas, herramienta de trabajo de cuero con 303 piezas, kit de cierres de cuero para perforación, perforación, costura, talla","Label":"Title","Locale":"es_ES"}},"Offers":{"Summaries":[{"Condition":{"Value":"New"},"LowestPrice":{"Amount":27.99,"Currency":"EUR","DisplayAmount":"27,99 €"}}]}},{"ASIN":"B07DGCZXF4","DetailPageURL":"https://www.amazon.es/dp/B07DGCZXF4?tag=topinalambricos-21&linkCode=osi&th=1&psc=1","Images":{"Primary":{"Small":{"Height":75,"URL":"https://m.media-amazon.com/images/I/41bLGBN9gVL._SL75_.jpg","Width":75}}},"ItemInfo":{"ByLineInfo":{"Brand":{"DisplayValue":"Hilitand","Label":"Brand","Locale":"es_ES"},"Manufacturer":{"DisplayValue":"Hilitand","Label":"Manufacturer","Locale":"es_ES"}},"Title":{"DisplayValue":"500 piezas de colores mezclados de 3 mm con forma redonda de metal ojales para hacer tarjetas de scrapbooking de cuero para hacer agujeros","Label":"Title","Locale":"es_ES"}},"Offers":{"Summaries":[{"Condition":{"Value":"New"},"LowestPrice":{"Amount":14.35,"Currency":"EUR","DisplayAmount":"14,35 €"}}]}},{"ASIN":"B08P1JFSZP","DetailPageURL":"https://www.amazon.es/dp/B08P1JFSZP?tag=topinalambricos-21&linkCode=osi&th=1&psc=1","Images":{"Primary":{"Small":{"Height":75,"URL":"https://m.media-amazon.com/images/I/41R5ZKTeQfL._SL75_.jpg","Width":75}}},"ItemInfo":{"ByLineInfo":{"Brand":{"DisplayValue":"Oumefar","Label":"Brand","Locale":"es_ES"}},"Title":{"DisplayValue":"Oumefar 2 uds, Molde para Troquel de Ojales, máquina de Prensa Manual, Perforadora de Ojales, Molde para Troqueles de Ojales, Herramienta de instalación Manual para Lonas de Cuero(4mm)","Label":"Title","Locale":"es_ES"}},"Offers":{"Summaries":[{"Condition":{"Value":"New"},"LowestPrice":{"Amount":11.19,"Currency":"EUR","DisplayAmount":"11,19 €"}}]}}],"SearchURL":"https://www.amazon.es/s?k=manualidades&rh=n%3A4358254031%2Cp_n_availability%3A-1&tag=topinalambricos-21&linkCode=osi","TotalResultCount":2730}},"249":{"SearchResult":{"Items":[{"ASIN":"B0823PVRYC","DetailPageURL":"https://www.amazon.es/dp/B0823PVRYC?tag=topinalambricos-21&linkCode=osi&th=1&psc=1","Images":{"Primary":{"Small":{"Height":60,"URL":"https://m.media-amazon.com/images/I/51SiwWbx2yL._SL75_.jpg","Width":75}}},"ItemInfo":{"ByLineInfo":{"Brand":{"DisplayValue":"Ekalee","Label":"Brand","Locale":"es_ES"},"Manufacturer":{"DisplayValue":"Ekalee","Label":"Manufacturer","Locale":"es_ES"}},"Title":{"DisplayValue":"273 piezas de herramientas y accesorios de cuero, juego de herramientas con caja de almacenamiento, alfombrilla de corte, martillo, sello de piel, cortar, manualidades","Label":"Title","Locale":"es_ES"}},"Offers":{"Summaries":[{"Condition":{"Value":"New"},"LowestPrice":{"Amount":134.18,"Currency":"EUR","DisplayAmount":"134,18 €"}}]}},{"ASIN":"B08Q88FK27","DetailPageURL":"https://www.amazon.es/dp/B08Q88FK27?tag=topinalambricos-21&linkCode=osi&th=1&psc=1","Images":{"Primary":{"Small":{"Height":75,"URL":"https://m.media-amazon.com/images/I/51x18KLLo4L._SL75_.jpg","Width":75}}},"ItemInfo":{"ByLineInfo":{"Brand":{"DisplayValue":"Panngu","Label":"Brand","Locale":"es_ES"},"Manufacturer":{"DisplayValue":"Panngu","Label":"Manufacturer","Locale":"es_ES"}},"Title":{"DisplayValue":"Panngu Kit de Parche de Piel, Autoadhesivo ReparacióN De Cuero Parches - para Asiento de Coche, Muebles, Chaqueta, Sofá, Mochila, Quemaduras, Rasgaduras, Manchas. 28 x20 cm (2 Piezas, Negro)","Label":"Title","Locale":"es_ES"}},"Offers":{"Summaries":[{"Condition":{"Value":"New"},"LowestPrice":{"Amount":8.99,"Currency":"EUR","DisplayAmount":"8,99 €"}}]}},{"ASIN":"B07P7HY14Y","DetailPageURL":"https://www.amazon.es/dp/B07P7HY14Y?tag=topinalambricos-21&linkCode=osi&th=1&psc=1","Images":{"Primary":{"Small":{"Height":75,"URL":"https://m.media-amazon.com/images/I/31TwTtSgspL._SL75_.jpg","Width":61}}},"ItemInfo":{"ByLineInfo":{"Brand":{"DisplayValue":"Zerimar","Label":"Brand","Locale":"es_ES"},"Manufacturer":{"DisplayValue":"Zerimar","Label":"Manufacturer","Locale":"es_ES"}},"Title":{"DisplayValue":"Zerimar Piel Cuero | Pieles Cuero Natural | Retales de Piel para Manualidades | Piel para Artesanos | Retal Cuero | Retales de Cuero | Color: marron | Medidas: 80x75 cm (Marrón oscuro)","Label":"Title","Locale":"es_ES"}},"Offers":{"Summaries":[{"Condition":{"Value":"New"},"LowestPrice":{"Amount":20.0,"Currency":"EUR","DisplayAmount":"20,00 €"}}]}},{"ASIN":"B08XJW7ZDR","DetailPageURL":"https://www.amazon.es/dp/B08XJW7ZDR?tag=topinalambricos-21&linkCode=osi&th=1&psc=1","Images":{"Primary":{"Small":{"Height":75,"URL":"https://m.media-amazon.com/images/I/315F6D7GdVS._SL75_.jpg","Width":75}}},"ItemInfo":{"ByLineInfo":{"Brand":{"DisplayValue":"moonster","Label":"Brand","Locale":"es_ES"},"Manufacturer":{"DisplayValue":"Moonster Products Ltd","Label":"Manufacturer","Locale":"es_ES"}},"Title":{"DisplayValue":"Moonster Piezas Cuero Genuino – Cuero para Manualidades, Pendientes, Carteras – Piezas de Piel de Búfalo Plena Flor Auténtico – Marrón Oscuro y Rojizo (1 Pieza de Cuero + Cuerda para Pulsera)","Label":"Title","Locale":"es_ES"}},"Offers":{"Summaries":[{"Condition":{"Value":"New"},"LowestPrice":{"Amount":24.95,"Currency":"EUR","DisplayAmount":"24,95 €"}}]}},{"ASIN":"B088ZLJL17","DetailPageURL":"https://www.amazon.es/dp/B088ZLJL17?tag=topinalambricos-21&linkCode=osi&th=1&psc=1","Images":{"Primary":{"Small":{"Height":75,"URL":"https://m.media-amazon.com/images/I/51HPMj0xumL._SL75_.jpg","Width":75}}},"ItemInfo":{"ByLineInfo":{"Brand":{"DisplayValue":"Unknow","Label":"Brand","Locale":"es_ES"},"Manufacturer":{"DisplayValue":"Unknow","Label":"Manufacturer","Locale":"es_ES"}},"Title":{"DisplayValue":"Juego de 150 herramientas de piel, artesanía de piel y manualidades, hilo de cera de colores, sello de piel, herramientas y otras herramientas para hacer cuero","Label":"Title","Locale":"es_ES"}},"Offers":{"Summaries":[{"Condition":{"Value":"New"},"LowestPrice":{"Amount":95.51,"Currency":"EUR","DisplayAmount":"95,51 €"}}]}},{"ASIN":"B08N1CJJ9W","DetailPageURL":"https://www.amazon.es/dp/B08N1CJJ9W?tag=topinalambricos-21&linkCode=osi&th=1&psc=1","Images":{"Primary":{"Small":{"Height":65,"URL":"https://m.media-amazon.com/images/I/31q7UajtHgL._SL75_.jpg","Width":75}}},"ItemInfo":{"ByLineInfo":{"Brand":{"DisplayValue":"YOJAN PIEL","Label":"Brand","Locale":"es_ES"},"Manufacturer":{"DisplayValue":"YOJAN PIEL","Label":"Manufacturer","Locale":"es_ES"}},"Title":{"DisplayValue":"YOJAN PIEL | Pieles Naturales | Retal de Cuero Para Manualidades o Artesanos | Pieles de Cuero Curtido y Teñido 100% Natural | Ideal para Manualidades y Reparaciones | En Color Marrón Claro","Label":"Title","Locale":"es_ES"}},"Offers":{"Summaries":[{"Condition":{"Value":"New"},"LowestPrice":{"Amount":28.95,"Currency":"EUR","DisplayAmount":"28,95 €"}}]}},{"ASIN":"B07KFDGG44","DetailPageURL":"https://www.amazon.es/dp/B07KFDGG44?tag=topinalambricos-21&linkCode=osi&th=1&psc=1","Images":{"Primary":{"Small":{"Height":75,"URL":"https://m.media-amazon.com/images/I/41U34cT+RNL._SL75_.jpg","Width":75}}},"ItemInfo":{"ByLineInfo":{"Brand":{"DisplayValue":"CHSEEO","Label":"Brand","Locale":"es_ES"},"Manufacturer":{"DisplayValue":"CHSEEO","Label":"Manufacturer","Locale":"es_ES"}},"Title":{"DisplayValue":"CHSEEO Artesanía del Cuero, 19 Piezas Juegos y Kits de Costura Kits de Repujado de Cuero Herramientas de Coser Perforadora de Cuero para Manualidades DIY Cuero Artesanía #3","Label":"Title","Locale":"es_ES"}},"Offers":{"Summaries":[{"Condition":{"Value":"New"},"LowestPrice":{"Amount":39.99,"Currency":"EUR","DisplayAmount":"39,99 €"}}]}},{"ASIN":"B07X3K8ZPX","DetailPageURL":"https://www.amazon.es/dp/B07X3K8ZPX?tag=topinalambricos-21&linkCode=osi&th=1&psc=1","Images":{"Primary":{"Small":{"Height":63,"URL":"https://m.media-amazon.com/images/I/21VBzv9tyZL._SL75_.jpg","Width":75}}},"ItemInfo":{"ByLineInfo":{"Brand":{"DisplayValue":"Zerimar","Label":"Brand","Locale":"es_ES"},"Manufacturer":{"DisplayValue":"Zerimar","Label":"Manufacturer","Locale":"es_ES"}},"Title":{"DisplayValue":"Zerimar Piel Cuero | Pieles Cuero Natural | Retales de Piel para Manualidades | Piel para Artesanos | Retal Cuero | Retales de Cuero | Color: camel | Medidas: 105x70 cm.9.1 Pies","Label":"Title","Locale":"es_ES"}},"Offers":{"Summaries":[{"Condition":{"Value":"New"},"LowestPrice":{"Amount":22.99,"Currency":"EUR","DisplayAmount":"22,99 €"}}]}},{"ASIN":"B09HJHDMPP","DetailPageURL":"https://www.amazon.es/dp/B09HJHDMPP?tag=topinalambricos-21&linkCode=osi&th=1&psc=1","Images":{"Primary":{"Small":{"Height":49,"URL":"https://m.media-amazon.com/images/I/31lFDCsqFcL._SL75_.jpg","Width":75}}},"ItemInfo":{"ByLineInfo":{"Brand":{"DisplayValue":"CLUB4BRANDS","Label":"Brand","Locale":"es_ES"},"Manufacturer":{"DisplayValue":"CLUB4BRANDS","Label":"Manufacturer","Locale":"es_ES"}},"Title":{"DisplayValue":"Cuero de Vaca, Piel Elegante, Grueso, Tallado, Piel de Vaca Curtido con Vegetales, Artesanía en Cuero, Artes y Manualidades, Decoración, Grosor del Cuero de 2,0-2,5 mm, Tamaño Mínimo A4, 1x piezas","Label":"Title","Locale":"es_ES"}},"Offers":{"Summaries":[{"Condition":{"Value":"New"},"LowestPrice":{"Amount":22.99,"Currency":"EUR","DisplayAmount":"22,99 €"}}]}},{"ASIN":"B07HKLYFL1","DetailPageURL":"https://www.amazon.es/dp/B07HKLYFL1?tag=topinalambricos-21&linkCode=osi&th=1&psc=1","Images":{"Primary":{"Small":{"Height":75,"URL":"https://m.media-amazon.com/images/I/41T4PRn+0GL._SL75_.jpg","Width":75}}},"ItemInfo":{"ByLineInfo":{"Brand":{"DisplayValue":"Akozon","Label":"Brand","Locale":"es_ES"},"Manufacturer":{"DisplayValue":"Akozon","Label":"Manufacturer","Locale":"es_ES"}},"Title":{"DisplayValue":"Akozon Madera bruñidor de cuero borde, Piel Artesanía Costura DIY Herramientas(3 In 1 Set)","Label":"Title","Locale":"es_ES"}},"Offers":{"Summaries":[{"Condition":{"Value":"New"},"LowestPrice":{"Amount":12.49,"Currency":"EUR","DisplayAmount":"12,49 €"}}]}}],"SearchURL":"https://www.amazon.es/s?k=piel+artesanos&rh=n%3A4358251031%2Cp_n_availability%3A-1&tag=topinalambricos-21&linkCode=osi","TotalResultCount":2305}},"250":{"SearchResult":{"Items":[{"ASIN":"B08454XNSC","DetailPageURL":"https://www.amazon.es/dp/B08454XNSC?tag=topinalambricos-21&linkCode=osi&th=1&psc=1","Images":{"Primary":{"Small":{"Height":75,"URL":"https://m.media-amazon.com/images/I/51RxC4LFiKL._SL75_.jpg","Width":75}}},"ItemInfo":{"ByLineInfo":{"Brand":{"DisplayValue":"moonster","Label":"Brand","Locale":"es_ES"},"Manufacturer":{"DisplayValue":"Moonster Products Ltd","Label":"Manufacturer","Locale":"es_ES"}},"Title":{"DisplayValue":"Tela de Cuero Genuino – Moonster Cuero para Pendientes y Otras Manualidades – Cuero de Búfalo de Plena Flor Genuino, No Sintético – Marrón Oscuro Rojizo (2 Trozos de Cuero + Cuerda de Cuero)","Label":"Title","Locale":"es_ES"}},"Offers":{"Summaries":[{"Condition":{"Value":"New"},"LowestPrice":{"Amount":22.95,"Currency":"EUR","DisplayAmount":"22,95 €"}}]}},{"ASIN":"B09FYCL3XH","DetailPageURL":"https://www.amazon.es/dp/B09FYCL3XH?tag=topinalambricos-21&linkCode=osi&th=1&psc=1","Images":{"Primary":{"Small":{"Height":75,"URL":"https://m.media-amazon.com/images/I/516HFyVyerL._SL75_.jpg","Width":59}}},"ItemInfo":{"ByLineInfo":{"Brand":{"DisplayValue":"IPEA","Label":"Brand","Locale":"es_ES"},"Manufacturer":{"DisplayValue":"IPEA","Label":"Manufacturer","Locale":"es_ES"}},"Title":{"DisplayValue":"IPEA 1 Kg de Recortes de Cuero – Piel Auténtica con Estampados Mixtos y Detalles en Tamaño Aleatorio – Fabricado en Italia – Retales Cortes de Formas Diferentes con Estampados Decorativos","Label":"Title","Locale":"es_ES"}},"Offers":{"Summaries":[{"Condition":{"Value":"New"},"LowestPrice":{"Amount":21.0,"Currency":"EUR","DisplayAmount":"21,00 €"}}]}},{"ASIN":"B07LB7Q33X","DetailPageURL":"https://www.amazon.es/dp/B07LB7Q33X?tag=topinalambricos-21&linkCode=osi&th=1&psc=1","Images":{"Primary":{"Small":{"Height":49,"URL":"https://m.media-amazon.com/images/I/31bwRdCdA7L._SL75_.jpg","Width":75}}},"ItemInfo":{"ByLineInfo":{"Brand":{"DisplayValue":"CLUB4BRANDS","Label":"Brand","Locale":"es_ES"},"Manufacturer":{"DisplayValue":"CLUB4BRANDS","Label":"Manufacturer","Locale":"es_ES"}},"Title":{"DisplayValue":"Recortes de cuero - restos de cuero marrón, restos de cuero, tamaños grandes, ideal para bolsos, zapatos, reparaciones, decoraciones, manualidades, 1 kg, tamaño A5","Label":"Title","Locale":"es_ES"}},"Offers":{"Summaries":[{"Condition":{"Value":"New"},"LowestPrice":{"Amount":22.99,"Currency":"EUR","DisplayAmount":"22,99 €"}}]}},{"ASIN":"B09FT78ZZD","DetailPageURL":"https://www.amazon.es/dp/B09FT78ZZD?tag=topinalambricos-21&linkCode=osi&th=1&psc=1","Images":{"Primary":{"Small":{"Height":75,"URL":"https://m.media-amazon.com/images/I/414wgiL8KUL._SL75_.jpg","Width":58}}},"ItemInfo":{"ByLineInfo":{"Brand":{"DisplayValue":"IPEA","Label":"Brand","Locale":"es_ES"},"Manufacturer":{"DisplayValue":"IPEA","Label":"Manufacturer","Locale":"es_ES"}},"Title":{"DisplayValue":"IPEA 1 Kg de Cortes de Cuero Genuino Colorido Piel Auténtica en Dimensiones Casuales y Colores Mixtos – Fabricado en Italia – Recortes con Formas Variadas – Restos de Producción Artesanal","Label":"Title","Locale":"es_ES"}},"Offers":{"Summaries":[{"Condition":{"Value":"New"},"LowestPrice":{"Amount":19.99,"Currency":"EUR","DisplayAmount":"19,99 €"}}]}},{"ASIN":"B09PZ9JQMY","DetailPageURL":"https://www.amazon.es/dp/B09PZ9JQMY?tag=topinalambricos-21&linkCode=osi&th=1&psc=1","Images":{"Primary":{"Small":{"Height":75,"URL":"https://m.media-amazon.com/images/I/41odp8ZnAXL._SL75_.jpg","Width":56}}},"ItemInfo":{"ByLineInfo":{"Brand":{"DisplayValue":"IPEA","Label":"Brand","Locale":"es_ES"},"Manufacturer":{"DisplayValue":"IPEA","Label":"Manufacturer","Locale":"es_ES"}},"Title":{"DisplayValue":"IPEA 1 Kg de Recortes de Cuero, Piel Auténtica en Tamaños Aleatorios y Colores Mixtos Clásicos, Fabricado en Italia, Retales Cortes con Formas Variadas, Restos de Producción Artesanal","Label":"Title","Locale":"es_ES"}},"Offers":{"Summaries":[{"Condition":{"Value":"New"},"LowestPrice":{"Amount":16.99,"Currency":"EUR","DisplayAmount":"16,99 €"}}]}},{"ASIN":"B0B42L4RDG","DetailPageURL":"https://www.amazon.es/dp/B0B42L4RDG?tag=topinalambricos-21&linkCode=osi&th=1&psc=1","Images":{"Primary":{"Small":{"Height":75,"URL":"https://m.media-amazon.com/images/I/41vZDpTRDeL._SL75_.jpg","Width":75}}},"ItemInfo":{"ByLineInfo":{"Brand":{"DisplayValue":"JPstraps","Label":"Brand","Locale":"es_ES"},"Manufacturer":{"DisplayValue":"JPstraps","Label":"Manufacturer","Locale":"es_ES"}},"Title":{"DisplayValue":"JPstraps - Cuero Natural Genuino Producción Regular para Marroquinería y Confección Ideal para Artesanos, Diseñadores, Manualidades, Bricolaje o Proyectos con detalles en Piel (40cmx25cm)","Label":"Title","Locale":"es_ES"}},"Offers":{"Summaries":[{"Condition":{"Value":"New"},"LowestPrice":{"Amount":11.99,"Currency":"EUR","DisplayAmount":"11,99 €"}}]}},{"ASIN":"B08NFGYWYL","DetailPageURL":"https://www.amazon.es/dp/B08NFGYWYL?tag=topinalambricos-21&linkCode=osi&th=1&psc=1","Images":{"Primary":{"Small":{"Height":74,"URL":"https://m.media-amazon.com/images/I/41gWPcC91NL._SL75_.jpg","Width":75}}},"ItemInfo":{"ByLineInfo":{"Brand":{"DisplayValue":"CLUB4BRANDS","Label":"Brand","Locale":"es_ES"},"Manufacturer":{"DisplayValue":"CLUB4BRANDS","Label":"Manufacturer","Locale":"es_ES"}},"Title":{"DisplayValue":"Cuero retro vintage | Marrón | Efecto pull-up, cuero engrasado, cuero grueso, cuero con aspecto antiguo | Marroquinería, para artesanía, tapicería, decoración | piezas de cuero | Formato A5","Label":"Title","Locale":"es_ES"}},"Offers":{"Summaries":[{"Condition":{"Value":"New"},"LowestPrice":{"Amount":11.99,"Currency":"EUR","DisplayAmount":"11,99 €"}}]}},{"ASIN":"B07X3K8ZPX","DetailPageURL":"https://www.amazon.es/dp/B07X3K8ZPX?tag=topinalambricos-21&linkCode=osi&th=1&psc=1","Images":{"Primary":{"Small":{"Height":63,"URL":"https://m.media-amazon.com/images/I/21VBzv9tyZL._SL75_.jpg","Width":75}}},"ItemInfo":{"ByLineInfo":{"Brand":{"DisplayValue":"Zerimar","Label":"Brand","Locale":"es_ES"},"Manufacturer":{"DisplayValue":"Zerimar","Label":"Manufacturer","Locale":"es_ES"}},"Title":{"DisplayValue":"Zerimar Piel Cuero | Pieles Cuero Natural | Retales de Piel para Manualidades | Piel para Artesanos | Retal Cuero | Retales de Cuero | Color: camel | Medidas: 105x70 cm.9.1 Pies","Label":"Title","Locale":"es_ES"}},"Offers":{"Summaries":[{"Condition":{"Value":"New"},"LowestPrice":{"Amount":22.99,"Currency":"EUR","DisplayAmount":"22,99 €"}}]}},{"ASIN":"B08NFHC56C","DetailPageURL":"https://www.amazon.es/dp/B08NFHC56C?tag=topinalambricos-21&linkCode=osi&th=1&psc=1","Images":{"Primary":{"Small":{"Height":74,"URL":"https://m.media-amazon.com/images/I/41bLXPmG+DL._SL75_.jpg","Width":75}}},"ItemInfo":{"ByLineInfo":{"Brand":{"DisplayValue":"CLUB4BRANDS","Label":"Brand","Locale":"es_ES"},"Manufacturer":{"DisplayValue":"CLUB4BRANDS","Label":"Manufacturer","Locale":"es_ES"}},"Title":{"DisplayValue":"Cuero, cuero grueso | Marrón |Cuero precortado, piezas extra grandes | Marroquinería, para artesanía, tapicería, decoración | piezas de cuero, varios tamaños y colores | Formato A5","Label":"Title","Locale":"es_ES"}},"Offers":{"Summaries":[{"Condition":{"Value":"New"},"LowestPrice":{"Amount":14.99,"Currency":"EUR","DisplayAmount":"14,99 €"}}]}},{"ASIN":"B01DSBR4RY","DetailPageURL":"https://www.amazon.es/dp/B01DSBR4RY?tag=topinalambricos-21&linkCode=osi&th=1&psc=1","Images":{"Primary":{"Small":{"Height":75,"URL":"https://m.media-amazon.com/images/I/41MOcKr-KAL._SL75_.jpg","Width":65}}},"ItemInfo":{"ByLineInfo":{"Brand":{"DisplayValue":"Förster-Fellnest","Label":"Brand","Locale":"es_ES"},"Manufacturer":{"DisplayValue":"FÖRSTER GmbH","Label":"Manufacturer","Locale":"es_ES"}},"Title":{"DisplayValue":"Förster-Fellnest Piel auténtica, corte de 24 x 32 cm, piel blanda, piel gruesa, piel de vacuno curtida vegetal, piel de vacuno con aproximadamente 3,2 mm de grosor y cicatrices reales","Label":"Title","Locale":"es_ES"}},"Offers":{"Summaries":[{"Condition":{"Value":"New"},"LowestPrice":{"Amount":12.29,"Currency":"EUR","DisplayAmount":"12,29 €"}}]}}],"SearchURL":"https://www.amazon.es/s?k=cuero&rh=n%3A4358256031%2Cp_n_availability%3A-1&tag=topinalambricos-21&linkCode=osi","TotalResultCount":942}},"251":{"SearchResult":{"Items":[{"ASIN":"B00FOKONJ0","DetailPageURL":"https://www.amazon.es/dp/B00FOKONJ0?tag=topinalambricos-21&linkCode=osi&th=1&psc=1","Images":{"Primary":{"Small":{"Height":75,"URL":"https://m.media-amazon.com/images/I/4150lXp41oL._SL75_.jpg","Width":75}}},"ItemInfo":{"ByLineInfo":{"Brand":{"DisplayValue":"Furniture Clinic","Label":"Brand","Locale":"es_ES"},"Manufacturer":{"DisplayValue":"Furniture Clinic","Label":"Manufacturer","Locale":"es_ES"}},"Title":{"DisplayValue":"Furniture Clinic. Bálsamo recolorante para Cuero - Restaurador del Color del Cuero para Muebles, para Cuero de sofá Desgastado y Rayado, automóviles (marrón Oscuro)","Label":"Title","Locale":"es_ES"}},"Offers":{"Summaries":[{"Condition":{"Value":"New"},"LowestPrice":{"Amount":26.95,"Currency":"EUR","DisplayAmount":"26,95 €"}}]}},{"ASIN":"B00YAXS0SW","DetailPageURL":"https://www.amazon.es/dp/B00YAXS0SW?tag=topinalambricos-21&linkCode=osi&th=1&psc=1","Images":{"Primary":{"Small":{"Height":68,"URL":"https://m.media-amazon.com/images/I/41PoZgvARzL._SL75_.jpg","Width":75}}},"ItemInfo":{"ByLineInfo":{"Brand":{"DisplayValue":"KITAUTOS","Label":"Brand","Locale":"es_ES"},"Manufacturer":{"DisplayValue":"KITAUTOS","Label":"Manufacturer","Locale":"es_ES"}},"Title":{"DisplayValue":"KITAUTOS KRTP1 Kit restauracion tapicerias de Piel,Color Negro, 15","Label":"Title","Locale":"es_ES"}},"Offers":{"Summaries":[{"Condition":{"Value":"New"},"LowestPrice":{"Amount":15.0,"Currency":"EUR","DisplayAmount":"15,00 €"}}]}},{"ASIN":"B01ID1UHIW","DetailPageURL":"https://www.amazon.es/dp/B01ID1UHIW?tag=topinalambricos-21&linkCode=osi&th=1&psc=1","Images":{"Primary":{"Small":{"Height":75,"URL":"https://m.media-amazon.com/images/I/41ny1g6A-5L._SL75_.jpg","Width":75}}},"ItemInfo":{"ByLineInfo":{"Brand":{"DisplayValue":"1-2-3 REPAIR","Label":"Brand","Locale":"es_ES"},"Manufacturer":{"DisplayValue":"1-2-3 REPAIR","Label":"Manufacturer","Locale":"es_ES"}},"Title":{"DisplayValue":"1-2-3 REPAIR Color de Cuero, sofá de Cuero como Nuevo, Tinte de Cuero, Cuidado del Cuero del Coche, Beige, 57ml","Label":"Title","Locale":"es_ES"}},"Offers":{"Summaries":[{"Condition":{"Value":"New"},"LowestPrice":{"Amount":14.99,"Currency":"EUR","DisplayAmount":"14,99 €"}}]}},{"ASIN":"B09KRTQZFW","DetailPageURL":"https://www.amazon.es/dp/B09KRTQZFW?tag=topinalambricos-21&linkCode=osi&th=1&psc=1","Images":{"Primary":{"Small":{"Height":73,"URL":"https://m.media-amazon.com/images/I/51JlAepfuSL._SL75_.jpg","Width":75}}},"ItemInfo":{"ByLineInfo":{"Brand":{"DisplayValue":"Endhokn","Label":"Brand","Locale":"es_ES"},"Manufacturer":{"DisplayValue":"Hangzhou Guyang Technology Co., Ltd","Label":"Manufacturer","Locale":"es_ES"}},"Title":{"DisplayValue":"Kits de Reparación de Cuero, Endhokn Kit de Renovación de Cuero y Polipiel Asientos Para Automóviles Sofá Zapatos Arañazos, Abrasiones, Relleno Agujeros Crema de Reparación de Cuero（3 Negro 2 Blanco）","Label":"Title","Locale":"es_ES"}},"Offers":{"Summaries":[{"Condition":{"Value":"New"},"LowestPrice":{"Amount":22.99,"Currency":"EUR","DisplayAmount":"22,99 €"}},{"Condition":{"Value":"Used"},"LowestPrice":{"Amount":21.38,"Currency":"EUR","DisplayAmount":"21,38 €"}}]}},{"ASIN":"B09BF3TZLY","DetailPageURL":"https://www.amazon.es/dp/B09BF3TZLY?tag=topinalambricos-21&linkCode=osi&th=1&psc=1","Images":{"Primary":{"Small":{"Height":70,"URL":"https://m.media-amazon.com/images/I/41lktHMs04L._SL75_.jpg","Width":75}}},"ItemInfo":{"ByLineInfo":{"Brand":{"DisplayValue":"SEISSO","Label":"Brand","Locale":"es_ES"},"Manufacturer":{"DisplayValue":"SEISSO","Label":"Manufacturer","Locale":"es_ES"}},"Title":{"DisplayValue":"SEISSO Kit de Reparación de Piel y Piel Sintética, kit de Reparación de Vinilo de Piel negra para Sofás, Asientos de Coche, Restauración de Arañazos, Lágrimas, Agujeros, Marcas de Garras de Mascotas","Label":"Title","Locale":"es_ES"}},"Offers":{"Summaries":[{"Condition":{"Value":"New"},"LowestPrice":{"Amount":17.99,"Currency":"EUR","DisplayAmount":"17,99 €"}}]}},{"ASIN":"B09FF6VG1M","DetailPageURL":"https://www.amazon.es/dp/B09FF6VG1M?tag=topinalambricos-21&linkCode=osi&th=1&psc=1","Images":{"Primary":{"Small":{"Height":75,"URL":"https://m.media-amazon.com/images/I/31xQauoI4FL._SL75_.jpg","Width":75}}},"ItemInfo":{"ByLineInfo":{"Brand":{"DisplayValue":"SOFOLK DEPUIS 1989","Label":"Brand","Locale":"es_ES"},"Manufacturer":{"DisplayValue":"SOFOLK","Label":"Manufacturer","Locale":"es_ES"}},"Title":{"DisplayValue":"Sofolk - Kit de retoque Pintura Cuero/Cuero de imitación - Tinte para Volante de Coche, Asiento de Coche, sofás, Zapatos, Chaquetas y Ropa - Cuero dañado, Rayado, arañado, Descolorido","Label":"Title","Locale":"es_ES"}},"Offers":{"Summaries":[{"Condition":{"Value":"New"},"LowestPrice":{"Amount":17.99,"Currency":"EUR","DisplayAmount":"17,99 €"}}]}},{"ASIN":"B019QMITSM","DetailPageURL":"https://www.amazon.es/dp/B019QMITSM?tag=topinalambricos-21&linkCode=osi&th=1&psc=1","Images":{"Primary":{"Small":{"Height":75,"URL":"https://m.media-amazon.com/images/I/51ns0b6BWmL._SL75_.jpg","Width":75}}},"ItemInfo":{"ByLineInfo":{"Brand":{"DisplayValue":"COLOURLOCK","Label":"Brand","Locale":"es_ES"}},"Title":{"DisplayValue":"COLOURLOCK Tinte reparador Cuero/Piel F034 (Negro), 30 ml restaura el Color del Cuero en Coches, sofás, Ropa, Bolsos","Label":"Title","Locale":"es_ES"}},"Offers":{"Summaries":[{"Condition":{"Value":"New"},"LowestPrice":{"Amount":13.25,"Currency":"EUR","DisplayAmount":"13,25 € (441,67 € / l)","PricePerUnit":441.67}}]}},{"ASIN":"B08T1F9HHY","DetailPageURL":"https://www.amazon.es/dp/B08T1F9HHY?tag=topinalambricos-21&linkCode=osi&th=1&psc=1","Images":{"Primary":{"Small":{"Height":75,"URL":"https://m.media-amazon.com/images/I/41Y80ZyBfGL._SL75_.jpg","Width":75}}},"ItemInfo":{"ByLineInfo":{"Brand":{"DisplayValue":"Runsmooth","Label":"Brand","Locale":"es_ES"},"Manufacturer":{"DisplayValue":"Runsmooth","Label":"Manufacturer","Locale":"es_ES"}},"Title":{"DisplayValue":"Runsmooth Kit de reparación de Cuero Blanco y Vinilo de 2 Piezas, Crema de reparación de arañazos de Cuero para Muebles, sofá, Asientos de Coche, sofá, Chaqueta, Zapatos, Bolsas","Label":"Title","Locale":"es_ES"}},"Offers":{"Summaries":[{"Condition":{"Value":"New"},"LowestPrice":{"Amount":8.09,"Currency":"EUR","DisplayAmount":"8,09 €"}}]}},{"ASIN":"B0953HGNXL","DetailPageURL":"https://www.amazon.es/dp/B0953HGNXL?tag=topinalambricos-21&linkCode=osi&th=1&psc=1","Images":{"Primary":{"Small":{"Height":75,"URL":"https://m.media-amazon.com/images/I/41k049Oy7YS._SL75_.jpg","Width":75}}},"ItemInfo":{"ByLineInfo":{"Brand":{"DisplayValue":"BUDOCI","Label":"Brand","Locale":"es_ES"},"Manufacturer":{"DisplayValue":"BUDOCI","Label":"Manufacturer","Locale":"es_ES"}},"Title":{"DisplayValue":"BUDOCI Kits de reparación de Cuero,12 Colores Crema De Reparación De Cuero, Kit de reparación para Asientos de Automóvil,Muebles, Abrigos de sofá, Chaqueta de Cuero","Label":"Title","Locale":"es_ES"}},"Offers":{"Summaries":[{"Condition":{"Value":"New"},"LowestPrice":{"Amount":16.99,"Currency":"EUR","DisplayAmount":"16,99 €"}}]}},{"ASIN":"B005O7TW80","DetailPageURL":"https://www.amazon.es/dp/B005O7TW80?tag=topinalambricos-21&linkCode=osi&th=1&psc=1","Images":{"Primary":{"Small":{"Height":75,"URL":"https://m.media-amazon.com/images/I/41vHYnQ7QrL._SL75_.jpg","Width":75}}},"ItemInfo":{"ByLineInfo":{"Brand":{"DisplayValue":"ATG","Label":"Brand","Locale":"es_ES"},"Manufacturer":{"DisplayValue":"ATG GmbH & Co. KG","Label":"Manufacturer","Locale":"es_ES"}},"Title":{"DisplayValue":"ATG Autozubehör-Teile-Gerl Acondicionador de Cuero, Elimina los arañazos en el sofá, Set de reparación de Cuero sofá con Esponja y Cepillo, Beige Claro","Label":"Title","Locale":"es_ES"}},"Offers":{"Summaries":[{"Condition":{"Value":"New"},"LowestPrice":{"Amount":14.99,"Currency":"EUR","DisplayAmount":"14,99 €"}}]}}],"SearchURL":"https://www.amazon.es/s?k=tintes+cuero&rh=n%3A2424866031%2Cp_n_availability%3A-1&tag=topinalambricos-21&linkCode=osi","TotalResultCount":526}},"252":{"SearchResult":{"Items":[{"ASIN":"B01ID1JXPK","DetailPageURL":"https://www.amazon.es/dp/B01ID1JXPK?tag=topinalambricos-21&linkCode=osi&th=1&psc=1","Images":{"Primary":{"Small":{"Height":75,"URL":"https://m.media-amazon.com/images/I/41NLt1WfSLL._SL75_.jpg","Width":75}}},"ItemInfo":{"ByLineInfo":{"Brand":{"DisplayValue":"1-2-3 REPAIR","Label":"Brand","Locale":"es_ES"},"Manufacturer":{"DisplayValue":"123Repair","Label":"Manufacturer","Locale":"es_ES"}},"Title":{"DisplayValue":"1-2-3 REPAIR Tinte para Cuero, Cuidado del Cuero, Tinte para Zapatos de Bolso, Cuidado del Cuero de sofá, Cuero Fresco, Tinte para Cuero de imitación, Blanco, 57 ml","Label":"Title","Locale":"es_ES"}},"Offers":{"Summaries":[{"Condition":{"Value":"New"},"LowestPrice":{"Amount":14.99,"Currency":"EUR","DisplayAmount":"14,99 €"}}]}},{"ASIN":"B09FF6VG1M","DetailPageURL":"https://www.amazon.es/dp/B09FF6VG1M?tag=topinalambricos-21&linkCode=osi&th=1&psc=1","Images":{"Primary":{"Small":{"Height":75,"URL":"https://m.media-amazon.com/images/I/31xQauoI4FL._SL75_.jpg","Width":75}}},"ItemInfo":{"ByLineInfo":{"Brand":{"DisplayValue":"SOFOLK DEPUIS 1989","Label":"Brand","Locale":"es_ES"},"Manufacturer":{"DisplayValue":"SOFOLK","Label":"Manufacturer","Locale":"es_ES"}},"Title":{"DisplayValue":"Sofolk - Kit de retoque Pintura Cuero/Cuero de imitación - Tinte para Volante de Coche, Asiento de Coche, sofás, Zapatos, Chaquetas y Ropa - Cuero dañado, Rayado, arañado, Descolorido","Label":"Title","Locale":"es_ES"}},"Offers":{"Summaries":[{"Condition":{"Value":"New"},"LowestPrice":{"Amount":17.99,"Currency":"EUR","DisplayAmount":"17,99 €"}}]}},{"ASIN":"B07BG3XZ3X","DetailPageURL":"https://www.amazon.es/dp/B07BG3XZ3X?tag=topinalambricos-21&linkCode=osi&th=1&psc=1","Images":{"Primary":{"Small":{"Height":60,"URL":"https://m.media-amazon.com/images/I/417wXj8-xAL._SL75_.jpg","Width":75}}},"ItemInfo":{"ByLineInfo":{"Brand":{"DisplayValue":"Foliatec","Label":"Brand","Locale":"es_ES"},"Manufacturer":{"DisplayValue":"Foliatec","Label":"Manufacturer","Locale":"es_ES"}},"Title":{"DisplayValue":"Foliatec 2402 Spray Color para Asiento y Cuero, negro 400 ml (Paquete de 1)","Label":"Title","Locale":"es_ES"}},"Offers":{"Summaries":[{"Condition":{"Value":"New"},"LowestPrice":{"Amount":18.95,"Currency":"EUR","DisplayAmount":"18,95 € (47,38 € / l)","PricePerUnit":47.38}}]}},{"ASIN":"B079P65B76","DetailPageURL":"https://www.amazon.es/dp/B079P65B76?tag=topinalambricos-21&linkCode=osi&th=1&psc=1","Images":{"Primary":{"Small":{"Height":75,"URL":"https://m.media-amazon.com/images/I/31t981pQmdL._SL75_.jpg","Width":75}}},"ItemInfo":{"ByLineInfo":{"Brand":{"DisplayValue":"SOFOLK DEPUIS 1989","Label":"Brand","Locale":"es_ES"},"Manufacturer":{"DisplayValue":"SOFOLK","Label":"Manufacturer","Locale":"es_ES"}},"Title":{"DisplayValue":"Sofolk - Pintura Cuero/Cuero de imitación - Recoloración para Cuero dañado, Rayado, arañado, Descolorido - Volante de Coche, Asiento de Coche, sofá, Zapatos, Chaquetas y Ropa - 125 ml - 01-Black","Label":"Title","Locale":"es_ES"}},"Offers":{"Summaries":[{"Condition":{"Value":"New"},"LowestPrice":{"Amount":24.99,"Currency":"EUR","DisplayAmount":"24,99 €"}}]}},{"ASIN":"B082Q1J1YL","DetailPageURL":"https://www.amazon.es/dp/B082Q1J1YL?tag=topinalambricos-21&linkCode=osi&th=1&psc=1","Images":{"Primary":{"Small":{"Height":75,"URL":"https://m.media-amazon.com/images/I/41BYkCXTyFL._SL75_.jpg","Width":75}}},"ItemInfo":{"ByLineInfo":{"Brand":{"DisplayValue":"SOFOLK DEPUIS 1989","Label":"Brand","Locale":"es_ES"},"Manufacturer":{"DisplayValue":"SOFOLK","Label":"Manufacturer","Locale":"es_ES"}},"Title":{"DisplayValue":"Sofolk - Pintura para Cuero con Barniz Integrado - Recoloración de Cuero dañado, Rayado y Descolorido: Volante, Asiento de Coche, sofá, Zapatos, Chaqueta y Ropa - Aerosol 400ml - 01-Black","Label":"Title","Locale":"es_ES"}},"Offers":{"Summaries":[{"Condition":{"Value":"New"},"LowestPrice":{"Amount":34.99,"Currency":"EUR","DisplayAmount":"34,99 € (34,99 € / unidad)","PricePerUnit":34.99}}]}},{"ASIN":"B0949M2VQJ","DetailPageURL":"https://www.amazon.es/dp/B0949M2VQJ?tag=topinalambricos-21&linkCode=osi&th=1&psc=1","Images":{"Primary":{"Small":{"Height":75,"URL":"https://m.media-amazon.com/images/I/31yKWSei-KL._SL75_.jpg","Width":75}}},"ItemInfo":{"ByLineInfo":{"Brand":{"DisplayValue":"SOFOLK DEPUIS 1989","Label":"Brand","Locale":"es_ES"},"Manufacturer":{"DisplayValue":"SOFOLK","Label":"Manufacturer","Locale":"es_ES"}},"Title":{"DisplayValue":"Sofolk - Pintura Cuero/Cuero de imitación - Recoloración para cuero dañado, rayado, arañado, descolorido - Volante de coche, asiento de coche, sofá, zapatos, chaquetas y ropa - 125 ml - 08-LIGHT BEIGE","Label":"Title","Locale":"es_ES"}},"Offers":{"Summaries":[{"Condition":{"Value":"New"},"LowestPrice":{"Amount":24.99,"Currency":"EUR","DisplayAmount":"24,99 €"}}]}},{"ASIN":"B08MMV7QGR","DetailPageURL":"https://www.amazon.es/dp/B08MMV7QGR?tag=topinalambricos-21&linkCode=osi&th=1&psc=1","Images":{"Primary":{"Small":{"Height":75,"URL":"https://m.media-amazon.com/images/I/41V8Z2-FwGL._SL75_.jpg","Width":75}}},"ItemInfo":{"ByLineInfo":{"Brand":{"DisplayValue":"SRS TECHNOLOGY","Label":"Brand","Locale":"es_ES"},"Manufacturer":{"DisplayValue":"SRS technology","Label":"Manufacturer","Locale":"es_ES"}},"Title":{"DisplayValue":"SRS TECHNOLOGY Pintura de Cuero MB Classico (100ml) Tinte Específicas para Pintar Superficies de Cuero Piel Polipiel Super Elástico Leder (Negro clásico)","Label":"Title","Locale":"es_ES"}},"Offers":{"Summaries":[{"Condition":{"Value":"New"},"LowestPrice":{"Amount":25.97,"Currency":"EUR","DisplayAmount":"25,97 €"}}]}},{"ASIN":"B0B9W75YXG","DetailPageURL":"https://www.amazon.es/dp/B0B9W75YXG?tag=topinalambricos-21&linkCode=osi&th=1&psc=1","Images":{"Primary":{"Small":{"Height":75,"URL":"https://m.media-amazon.com/images/I/31bi4oqmjpL._SL75_.jpg","Width":75}}},"ItemInfo":{"ByLineInfo":{"Brand":{"DisplayValue":"Pisamhid","Label":"Brand","Locale":"es_ES"},"Manufacturer":{"DisplayValue":"Pisamhid","Label":"Manufacturer","Locale":"es_ES"}},"Title":{"DisplayValue":"Pisamhid Gel reparador de Cuero avanzado | Gel Reparador De Cuero para Sofás | Pasta de reparación de Color complementario, Gel de Pintura de reparación de Cuero PU para sofá, Chaqueta, Muebles","Label":"Title","Locale":"es_ES"}},"Offers":{"Summaries":[{"Condition":{"Value":"New"},"LowestPrice":{"Amount":4.42,"Currency":"EUR","DisplayAmount":"4,42 €"}}]}},{"ASIN":"B079RKTCCL","DetailPageURL":"https://www.amazon.es/dp/B079RKTCCL?tag=topinalambricos-21&linkCode=osi&th=1&psc=1","Images":{"Primary":{"Small":{"Height":75,"URL":"https://m.media-amazon.com/images/I/31WsGjxlZnL._SL75_.jpg","Width":75}}},"ItemInfo":{"ByLineInfo":{"Brand":{"DisplayValue":"SOFOLK DEPUIS 1989","Label":"Brand","Locale":"es_ES"},"Manufacturer":{"DisplayValue":"SOFOLK","Label":"Manufacturer","Locale":"es_ES"}},"Title":{"DisplayValue":"Sofolk - Kit Reparación Todo Tipo de Cueros - Pasta de reparación RépaCuir 20 gr + 1 trozo de Cuero 10x20 cm + 1 Hoja de Papel abrasivo - para Cuero Desgastado, Arañazos, Cortes, Grietas","Label":"Title","Locale":"es_ES"}},"Offers":{"Summaries":[{"Condition":{"Value":"New"},"LowestPrice":{"Amount":24.99,"Currency":"EUR","DisplayAmount":"24,99 €"}}]}},{"ASIN":"B094R4CPVX","DetailPageURL":"https://www.amazon.es/dp/B094R4CPVX?tag=topinalambricos-21&linkCode=osi&th=1&psc=1","Images":{"Primary":{"Small":{"Height":75,"URL":"https://m.media-amazon.com/images/I/31ErGYEWLgL._SL75_.jpg","Width":75}}},"ItemInfo":{"ByLineInfo":{"Brand":{"DisplayValue":"Furniture Clinic","Label":"Brand","Locale":"es_ES"},"Manufacturer":{"DisplayValue":"Furniture Clinic","Label":"Manufacturer","Locale":"es_ES"}},"Title":{"DisplayValue":"Pintura de tela FabriCoat – Se utiliza para restaurar o cambiar el color de la tapicería, muebles suaves, interiores del coche, ropa y calzado. (500 ml, gris oscuro)","Label":"Title","Locale":"es_ES"}},"Offers":{"Summaries":[{"Condition":{"Value":"New"},"LowestPrice":{"Amount":25.95,"Currency":"EUR","DisplayAmount":"25,95 € (51,90 € / l)","PricePerUnit":51.9}}]}}],"SearchURL":"https://www.amazon.es/s?k=pinturas+cuero&rh=n%3A2424866031%2Cp_n_availability%3A-1&tag=topinalambricos-21&linkCode=osi","TotalResultCount":505}},"253":{"SearchResult":{"Items":[{"ASIN":"B07H3XJ5LW","DetailPageURL":"https://www.amazon.es/dp/B07H3XJ5LW?tag=topinalambricos-21&linkCode=osi&th=1&psc=1","Images":{"Primary":{"Small":{"Height":75,"URL":"https://m.media-amazon.com/images/I/31H2JubWkSS._SL75_.jpg","Width":75}}},"ItemInfo":{"ByLineInfo":{"Brand":{"DisplayValue":"Leather Assist","Label":"Brand","Locale":"es_ES"},"Manufacturer":{"DisplayValue":"Leather Assist","Label":"Manufacturer","Locale":"es_ES"}},"Title":{"DisplayValue":"Leather Assist Reparación de pegamento de cuero adhesivo extra fuerte profesional rasga cortes de cuero","Label":"Title","Locale":"es_ES"}},"Offers":{"Summaries":[{"Condition":{"Value":"New"},"LowestPrice":{"Amount":5.55,"Currency":"EUR","DisplayAmount":"5,55 €"}}]}},{"ASIN":"B07JBDFLBG","DetailPageURL":"https://www.amazon.es/dp/B07JBDFLBG?tag=topinalambricos-21&linkCode=osi&th=1&psc=1","Images":{"Primary":{"Small":{"Height":75,"URL":"https://m.media-amazon.com/images/I/41v-Qko36iL._SL75_.jpg","Width":75}}},"ItemInfo":{"ByLineInfo":{"Brand":{"DisplayValue":"COLOURLOCK","Label":"Brand","Locale":"es_ES"},"Manufacturer":{"DisplayValue":"Lederzentrum GmbH","Label":"Manufacturer","Locale":"es_ES"}},"Title":{"DisplayValue":"COLOURLOCK Kit de reparación de grietas con pegamento de cuero sin disolventes de 20 g, tensor y 3 minipinceles para la reparación de agujeros y grietas en piel y piel sintética","Label":"Title","Locale":"es_ES"}},"Offers":{"Summaries":[{"Condition":{"Value":"New"},"LowestPrice":{"Amount":18.25,"Currency":"EUR","DisplayAmount":"18,25 €"}}]}},{"ASIN":"B09HH9PF62","DetailPageURL":"https://www.amazon.es/dp/B09HH9PF62?tag=topinalambricos-21&linkCode=osi&th=1&psc=1","Images":{"Primary":{"Small":{"Height":75,"URL":"https://m.media-amazon.com/images/I/51B0yxkiMPL._SL75_.jpg","Width":75}}},"ItemInfo":{"ByLineInfo":{"Brand":{"DisplayValue":"RIXOW","Label":"Brand","Locale":"es_ES"},"Manufacturer":{"DisplayValue":"RIXOW","Label":"Manufacturer","Locale":"es_ES"}},"Title":{"DisplayValue":"Parche de Cuero, RIXOW 40x150cm Pegatinas de Cuero Autoadhesivas Parche, Reparación de Cuero Simulación de Piel para Sofá, Asiento de Coche, Muebles, Rasgaduras, Manchas, Negro (con Accesorios)","Label":"Title","Locale":"es_ES"}},"Offers":{"Summaries":[{"Condition":{"Value":"New"},"LowestPrice":{"Amount":17.99,"Currency":"EUR","DisplayAmount":"17,99 €"}}]}},{"ASIN":"B08C572KFH","DetailPageURL":"https://www.amazon.es/dp/B08C572KFH?tag=topinalambricos-21&linkCode=osi&th=1&psc=1","Images":{"Primary":{"Small":{"Height":75,"URL":"https://m.media-amazon.com/images/I/31Wu7bEXUVL._SL75_.jpg","Width":75}}},"ItemInfo":{"ByLineInfo":{"Brand":{"DisplayValue":"Welltobuy","Label":"Brand","Locale":"es_ES"},"Manufacturer":{"DisplayValue":"Welltobuy","Label":"Manufacturer","Locale":"es_ES"}},"Title":{"DisplayValue":"Welltobuy Relleno de cuero impermeable duradero de reparación de cuero pegamento de restauración de cuero para muebles asientos de coche chaquetas","Label":"Title","Locale":"es_ES"}},"Offers":{"Summaries":[{"Condition":{"Value":"New"},"LowestPrice":{"Amount":8.89,"Currency":"EUR","DisplayAmount":"8,89 €"}}]}},{"ASIN":"B09TNM3BH3","DetailPageURL":"https://www.amazon.es/dp/B09TNM3BH3?tag=topinalambricos-21&linkCode=osi&th=1&psc=1","Images":{"Primary":{"Small":{"Height":75,"URL":"https://m.media-amazon.com/images/I/41g2mDzCFoL._SL75_.jpg","Width":75}}},"ItemInfo":{"ByLineInfo":{"Brand":{"DisplayValue":"MY99 USHOMI","Label":"Brand","Locale":"es_ES"},"Manufacturer":{"DisplayValue":"MY99 USHOMI","Label":"Manufacturer","Locale":"es_ES"}},"Title":{"DisplayValue":"MY99 USHOMI Pegamento de reparación de Cuero para Asientos de Coche - 30ml/50ml Reparación de Cuero - Agente de Mantenimiento de Cuero para sofás, Muebles, Asientos de Coche, Chaquetas,","Label":"Title","Locale":"es_ES"}},"Offers":{"Summaries":[{"Condition":{"Value":"New"},"LowestPrice":{"Amount":7.99,"Currency":"EUR","DisplayAmount":"7,99 €"}}]}},{"ASIN":"B09X33B69H","DetailPageURL":"https://www.amazon.es/dp/B09X33B69H?tag=topinalambricos-21&linkCode=osi&th=1&psc=1","Images":{"Primary":{"Small":{"Height":75,"URL":"https://m.media-amazon.com/images/I/41g2mDzCFoL._SL75_.jpg","Width":75}}},"ItemInfo":{"ByLineInfo":{"Brand":{"DisplayValue":"Orogoo","Label":"Brand","Locale":"es_ES"},"Manufacturer":{"DisplayValue":"Orogoo","Label":"Manufacturer","Locale":"es_ES"}},"Title":{"DisplayValue":"Orogoo 30 ml/50 ml Líquido reparador de cuero, kit de reparación de pegamento para cuero, práctico ambientador de cuero para muebles, asientos de coche, sofá, carteras, bolsos, chaquetas, abrigos","Label":"Title","Locale":"es_ES"}},"Offers":{"Summaries":[{"Condition":{"Value":"New"},"LowestPrice":{"Amount":11.69,"Currency":"EUR","DisplayAmount":"11,69 €"}}]}},{"ASIN":"B089NJP7FB","DetailPageURL":"https://www.amazon.es/dp/B089NJP7FB?tag=topinalambricos-21&linkCode=osi&th=1&psc=1","Images":{"Primary":{"Small":{"Height":75,"URL":"https://m.media-amazon.com/images/I/31MdnzOzB2L._SL75_.jpg","Width":75}}},"ItemInfo":{"ByLineInfo":{"Brand":{"DisplayValue":"Leather Assist","Label":"Brand","Locale":"es_ES"},"Manufacturer":{"DisplayValue":"Leather Assist","Label":"Manufacturer","Locale":"es_ES"}},"Title":{"DisplayValue":"Pegamento de cuero adhesivo negro profesional cuero reparación pegamento","Label":"Title","Locale":"es_ES"}},"Offers":{"Summaries":[{"Condition":{"Value":"New"},"LowestPrice":{"Amount":4.64,"Currency":"EUR","DisplayAmount":"4,64 € (309,33 € / l)","PricePerUnit":309.33}}]}},{"ASIN":"B08CSZKR57","DetailPageURL":"https://www.amazon.es/dp/B08CSZKR57?tag=topinalambricos-21&linkCode=osi&th=1&psc=1","Images":{"Primary":{"Small":{"Height":75,"URL":"https://m.media-amazon.com/images/I/41m9feq5dcL._SL75_.jpg","Width":75}}},"ItemInfo":{"ByLineInfo":{"Brand":{"DisplayValue":"Coconix","Label":"Brand","Locale":"es_ES"},"Manufacturer":{"DisplayValue":"Coconix","Label":"Manufacturer","Locale":"es_ES"}},"Title":{"DisplayValue":"Coconix Bálsamo para colorear de piel marrón oscuro – Recolor, Renovación, Reparación y Restauración Envejecido, Descolorido, agrietado, asientos de barco o coche, muebles 8 onzas","Label":"Title","Locale":"es_ES"}},"Offers":{"Summaries":[{"Condition":{"Value":"New"},"LowestPrice":{"Amount":34.87,"Currency":"EUR","DisplayAmount":"34,87 €"}}]}},{"ASIN":"B08C4TJXYG","DetailPageURL":"https://www.amazon.es/dp/B08C4TJXYG?tag=topinalambricos-21&linkCode=osi&th=1&psc=1","Images":{"Primary":{"Small":{"Height":75,"URL":"https://m.media-amazon.com/images/I/41Yx-Tdcp5L._SL75_.jpg","Width":75}}},"ItemInfo":{"ByLineInfo":{"Brand":{"DisplayValue":"Leather Assist","Label":"Brand","Locale":"es_ES"},"Manufacturer":{"DisplayValue":"Leather Assist","Label":"Manufacturer","Locale":"es_ES"}},"Title":{"DisplayValue":"Kit de reparación de cuero para asientos de coche interior | Relleno de pegamento y parche para MERCEDES BENZ S-CLASS SL SLK SLR SLS AMG","Label":"Title","Locale":"es_ES"}},"Offers":{"Summaries":[{"Condition":{"Value":"New"},"LowestPrice":{"Amount":10.98,"Currency":"EUR","DisplayAmount":"10,98 €"}}]}},{"ASIN":"B09BFQWNWD","DetailPageURL":"https://www.amazon.es/dp/B09BFQWNWD?tag=topinalambricos-21&linkCode=osi&th=1&psc=1","Images":{"Primary":{"Small":{"Height":75,"URL":"https://m.media-amazon.com/images/I/21fed0NX-GL._SL75_.jpg","Width":75}}},"ItemInfo":{"ByLineInfo":{"Brand":{"DisplayValue":"JUNCHUANG","Label":"Brand","Locale":"es_ES"},"Manufacturer":{"DisplayValue":"JUNCHUANG","Label":"Manufacturer","Locale":"es_ES"}},"Title":{"DisplayValue":"JUNCHUANG Gel de reparación de Cuero Asiento de Cuero de Coche Crema de reparación de sofá de Cuero Crema de renovación de Cuero para el hogar Pegamento de reparación 20ml","Label":"Title","Locale":"es_ES"}},"Offers":{"Summaries":[{"Condition":{"Value":"New"},"LowestPrice":{"Amount":4.99,"Currency":"EUR","DisplayAmount":"4,99 €"}}]}}],"SearchURL":"https://www.amazon.es/s?k=pegamento+cuero&rh=n%3A2424866031%2Cp_n_availability%3A-1&tag=topinalambricos-21&linkCode=osi","TotalResultCount":199}},"254":{"SearchResult":{"Items":[{"ASIN":"B07SL4WY1W","DetailPageURL":"https://www.amazon.es/dp/B07SL4WY1W?tag=topinalambricos-21&linkCode=osi&th=1&psc=1","Images":{"Primary":{"Small":{"Height":75,"URL":"https://m.media-amazon.com/images/I/4150jn7SysL._SL75_.jpg","Width":75}}},"ItemInfo":{"ByLineInfo":{"Brand":{"DisplayValue":"Maddox Detail","Label":"Brand","Locale":"es_ES"},"Manufacturer":{"DisplayValue":"Maddox Automoción SL","Label":"Manufacturer","Locale":"es_ES"}},"Title":{"DisplayValue":"Maddox Detail - Leather Detailer - Limpiador de Cuero y Piel. 500 ml. Limpia Tapicerias de Cuero y Piel de forma Rápido y sin Esfuerzo. Limpia Asientos Coche Cuero y Piel","Label":"Title","Locale":"es_ES"}},"Offers":{"Summaries":[{"Condition":{"Value":"New"},"LowestPrice":{"Amount":8.69,"Currency":"EUR","DisplayAmount":"8,69 € (17,38 € / l)","PricePerUnit":17.38}}]}},{"ASIN":"B08ZT2NCCN","DetailPageURL":"https://www.amazon.es/dp/B08ZT2NCCN?tag=topinalambricos-21&linkCode=osi&th=1&psc=1","Images":{"Primary":{"Small":{"Height":75,"URL":"https://m.media-amazon.com/images/I/41wFjAPisVL._SL75_.jpg","Width":75}}},"ItemInfo":{"ByLineInfo":{"Brand":{"DisplayValue":"VEHICULUX","Label":"Brand","Locale":"es_ES"},"Manufacturer":{"DisplayValue":"Vivere GmbH","Label":"Manufacturer","Locale":"es_ES"}},"Title":{"DisplayValue":"VEHICULUX Acondicionador Cuero Coche Natural - Hidratador de Cuero Coche, Crema para Asientos de Cuero Coche - Tratamiento Cuero Coche sin Residuos Grasos - Complemento a Limpiador Cuero Coche, 250ml","Label":"Title","Locale":"es_ES"}},"Offers":{"Summaries":[{"Condition":{"Value":"New"},"LowestPrice":{"Amount":13.3,"Currency":"EUR","DisplayAmount":"13,30 €"}}]}},{"ASIN":"B007VAKR5A","DetailPageURL":"https://www.amazon.es/dp/B007VAKR5A?tag=topinalambricos-21&linkCode=osi&th=1&psc=1","Images":{"Primary":{"Small":{"Height":75,"URL":"https://m.media-amazon.com/images/I/41J5JGWzKHL._SL75_.jpg","Width":75}}},"ItemInfo":{"ByLineInfo":{"Brand":{"DisplayValue":"Armor All","Label":"Brand","Locale":"es_ES"},"Manufacturer":{"DisplayValue":"Energizer Trading Ltd","Label":"Manufacturer","Locale":"es_ES"}},"Title":{"DisplayValue":"Armor All® - Toallitas para las tapicerías de piel para el cuidado de tu coche - Limpia, restaura y protege rápido en un paso - 20 unidades","Label":"Title","Locale":"es_ES"}},"Offers":{"Summaries":[{"Condition":{"Value":"New"},"LowestPrice":{"Amount":3.95,"Currency":"EUR","DisplayAmount":"3,95 € (0,20 € / unidad)","PricePerUnit":0.2}}]}},{"ASIN":"B0847T8RX5","DetailPageURL":"https://www.amazon.es/dp/B0847T8RX5?tag=topinalambricos-21&linkCode=osi&th=1&psc=1","Images":{"Primary":{"Small":{"Height":75,"URL":"https://m.media-amazon.com/images/I/515LIADIqBL._SL75_.jpg","Width":75}}},"ItemInfo":{"ByLineInfo":{"Brand":{"DisplayValue":"Sisbrill","Label":"Brand","Locale":"es_ES"},"Manufacturer":{"DisplayValue":"Sislim","Label":"Manufacturer","Locale":"es_ES"}},"Title":{"DisplayValue":"Sisbrill 361 Todo Uso Coche - Limpiador Interior y Exterior del Vehículo - Tapicería, Salpicadero, Cuero, Mosquitos - 750 ml (Pack 3 Unidades 361)","Label":"Title","Locale":"es_ES"}},"Offers":{"Summaries":[{"Condition":{"Value":"New"},"LowestPrice":{"Amount":21.74,"Currency":"EUR","DisplayAmount":"21,74 € (28,99 € / l)","PricePerUnit":28.99}}]}},{"ASIN":"B07JWHH61W","DetailPageURL":"https://www.amazon.es/dp/B07JWHH61W?tag=topinalambricos-21&linkCode=osi&th=1&psc=1","Images":{"Primary":{"Small":{"Height":75,"URL":"https://m.media-amazon.com/images/I/51mbQkPkmeL._SL75_.jpg","Width":75}}},"ItemInfo":{"ByLineInfo":{"Brand":{"DisplayValue":"Maddox Detail","Label":"Brand","Locale":"es_ES"},"Manufacturer":{"DisplayValue":"Maddox Automoción","Label":"Manufacturer","Locale":"es_ES"}},"Title":{"DisplayValue":"Maddox Detail - Leather Care Kit - Limpiador y Acondicionador de Cuero y Piel. Incluye Microfibra Gratis. Kit Limpiador Tapiceria Coche. Limpia Tapicerias. Limpiador Tapiceria Coche.","Label":"Title","Locale":"es_ES"}},"Offers":{"Summaries":[{"Condition":{"Value":"New"},"LowestPrice":{"Amount":24.99,"Currency":"EUR","DisplayAmount":"24,99 € (24,99 € / l)","PricePerUnit":24.99}}]}},{"ASIN":"B07K9XPXF8","DetailPageURL":"https://www.amazon.es/dp/B07K9XPXF8?tag=topinalambricos-21&linkCode=osi&th=1&psc=1","Images":{"Primary":{"Small":{"Height":75,"URL":"https://m.media-amazon.com/images/I/51LILNy0GzL._SL75_.jpg","Width":75}}},"ItemInfo":{"ByLineInfo":{"Brand":{"DisplayValue":"QM Cleaner","Label":"Brand","Locale":"es_ES"},"Manufacturer":{"DisplayValue":"QMCLEANER","Label":"Manufacturer","Locale":"es_ES"}},"Title":{"DisplayValue":"QM Cleaner Pack Leather | Kit de Limpieza e hidratación del Cuero, Piel y Polipiel - Incluye Limpiador y Crema hidratante para el Cuidado del Cuero","Label":"Title","Locale":"es_ES"}},"Offers":{"Summaries":[{"Condition":{"Value":"New"},"LowestPrice":{"Amount":28.49,"Currency":"EUR","DisplayAmount":"28,49 €"}}]}},{"ASIN":"B00HU6N3LK","DetailPageURL":"https://www.amazon.es/dp/B00HU6N3LK?tag=topinalambricos-21&linkCode=osi&th=1&psc=1","Images":{"Primary":{"Small":{"Height":75,"URL":"https://m.media-amazon.com/images/I/31ENxP9tHXL._SL75_.jpg","Width":75}}},"ItemInfo":{"ByLineInfo":{"Brand":{"DisplayValue":"Leather Honey","Label":"Brand","Locale":"es_ES"},"Manufacturer":{"DisplayValue":"Leather Honey","Label":"Manufacturer","Locale":"es_ES"}},"Title":{"DisplayValue":"Leather Honey Limpiador de Cuero - Producto de Primera Calidad para Ropa de Vinilo y Cuero, Muebles, Interiores de Automóviles, Zapatos y Accesorios, Fórmula Concentrada, de 946 ml Cuando se Diluye","Label":"Title","Locale":"es_ES"}},"Offers":{"Summaries":[{"Condition":{"Value":"New"},"LowestPrice":{"Amount":24.95,"Currency":"EUR","DisplayAmount":"24,95 € (211,08 € / l)","PricePerUnit":211.08}}]}},{"ASIN":"B00381BS3Q","DetailPageURL":"https://www.amazon.es/dp/B00381BS3Q?tag=topinalambricos-21&linkCode=osi&th=1&psc=1","Images":{"Primary":{"Small":{"Height":75,"URL":"https://m.media-amazon.com/images/I/41pucdZf7jL._SL75_.jpg","Width":27}}},"ItemInfo":{"ByLineInfo":{"Brand":{"DisplayValue":"Meguiar´s","Label":"Brand","Locale":"es_ES"},"Manufacturer":{"DisplayValue":"Meguiar's Car Care Products","Label":"Manufacturer","Locale":"es_ES"}},"Title":{"DisplayValue":"Meguiar's Gold Class Limpiador de cuero - 400 ml","Label":"Title","Locale":"es_ES"}},"Offers":{"Summaries":[{"Condition":{"Value":"New"},"LowestPrice":{"Amount":13.1,"Currency":"EUR","DisplayAmount":"13,10 € (32,75 € / l)","PricePerUnit":32.75}}]}},{"ASIN":"B08ZNDGMN7","DetailPageURL":"https://www.amazon.es/dp/B08ZNDGMN7?tag=topinalambricos-21&linkCode=osi&th=1&psc=1","Images":{"Primary":{"Small":{"Height":75,"URL":"https://m.media-amazon.com/images/I/31w7c3blrdL._SL75_.jpg","Width":75}}},"ItemInfo":{"ByLineInfo":{"Brand":{"DisplayValue":"LTr","Label":"Brand","Locale":"es_ES"},"Manufacturer":{"DisplayValue":"Vivere GmbH","Label":"Manufacturer","Locale":"es_ES"}},"Title":{"DisplayValue":"LeatherRanch Spray Limpiador Cuero Coche, Bolsos, Zapatos, Chaquetas, 500ml - Limpiador Cuero Sofas, Elmina la Suciedad y Previene la Decoloración - Limpia Tapicerias Coche, Volante y Asientos Cuero","Label":"Title","Locale":"es_ES"}},"Offers":{"Summaries":[{"Condition":{"Value":"New"},"LowestPrice":{"Amount":13.99,"Currency":"EUR","DisplayAmount":"13,99 €"}}]}},{"ASIN":"B074KKZVMF","DetailPageURL":"https://www.amazon.es/dp/B074KKZVMF?tag=topinalambricos-21&linkCode=osi&th=1&psc=1","Images":{"Primary":{"Small":{"Height":75,"URL":"https://m.media-amazon.com/images/I/410nKkuP99L._SL75_.jpg","Width":75}}},"ItemInfo":{"ByLineInfo":{"Brand":{"DisplayValue":"Maddox Detail","Label":"Brand","Locale":"es_ES"},"Manufacturer":{"DisplayValue":"Maddox Automocion Sl","Label":"Manufacturer","Locale":"es_ES"}},"Title":{"DisplayValue":"Maddox Detail - Leather Conditioner - Acondicionador de Cuero y Piel, Hidratante de Cuero. Interior del Coche Nuevo. Producto Profesional, 500 ml. Limpiador Tapiceria Coche.","Label":"Title","Locale":"es_ES"}},"Offers":{"Summaries":[{"Condition":{"Value":"New"},"LowestPrice":{"Amount":14.2,"Currency":"EUR","DisplayAmount":"14,20 € (28,40 € / l)","PricePerUnit":28.4}},{"Condition":{"Value":"Used"},"LowestPrice":{"Amount":11.99,"Currency":"EUR","DisplayAmount":"11,99 € (23,98 € / l)","PricePerUnit":23.98}}]}}],"SearchURL":"https://www.amazon.es/s?k=limpiar+cuero&rh=n%3A2424866031%2Cp_n_availability%3A-1&tag=topinalambricos-21&linkCode=osi","TotalResultCount":307}},"255":{"SearchResult":{"Items":[{"ASIN":"B07SL4WY1W","DetailPageURL":"https://www.amazon.es/dp/B07SL4WY1W?tag=topinalambricos-21&linkCode=osi&th=1&psc=1","Images":{"Primary":{"Small":{"Height":75,"URL":"https://m.media-amazon.com/images/I/4150jn7SysL._SL75_.jpg","Width":75}}},"ItemInfo":{"ByLineInfo":{"Brand":{"DisplayValue":"Maddox Detail","Label":"Brand","Locale":"es_ES"},"Manufacturer":{"DisplayValue":"Maddox Automoción SL","Label":"Manufacturer","Locale":"es_ES"}},"Title":{"DisplayValue":"Maddox Detail - Leather Detailer - Limpiador de Cuero y Piel. 500 ml. Limpia Tapicerias de Cuero y Piel de forma Rápido y sin Esfuerzo. Limpia Asientos Coche Cuero y Piel","Label":"Title","Locale":"es_ES"}},"Offers":{"Summaries":[{"Condition":{"Value":"New"},"LowestPrice":{"Amount":8.69,"Currency":"EUR","DisplayAmount":"8,69 € (17,38 € / l)","PricePerUnit":17.38}}]}},{"ASIN":"B07JWHH61W","DetailPageURL":"https://www.amazon.es/dp/B07JWHH61W?tag=topinalambricos-21&linkCode=osi&th=1&psc=1","Images":{"Primary":{"Small":{"Height":75,"URL":"https://m.media-amazon.com/images/I/51mbQkPkmeL._SL75_.jpg","Width":75}}},"ItemInfo":{"ByLineInfo":{"Brand":{"DisplayValue":"Maddox Detail","Label":"Brand","Locale":"es_ES"},"Manufacturer":{"DisplayValue":"Maddox Automoción","Label":"Manufacturer","Locale":"es_ES"}},"Title":{"DisplayValue":"Maddox Detail - Leather Care Kit - Limpiador y Acondicionador de Cuero y Piel. Incluye Microfibra Gratis. Kit Limpiador Tapiceria Coche. Limpia Tapicerias. Limpiador Tapiceria Coche.","Label":"Title","Locale":"es_ES"}},"Offers":{"Summaries":[{"Condition":{"Value":"New"},"LowestPrice":{"Amount":24.99,"Currency":"EUR","DisplayAmount":"24,99 € (24,99 € / l)","PricePerUnit":24.99}}]}},{"ASIN":"B07K9XPXF8","DetailPageURL":"https://www.amazon.es/dp/B07K9XPXF8?tag=topinalambricos-21&linkCode=osi&th=1&psc=1","Images":{"Primary":{"Small":{"Height":75,"URL":"https://m.media-amazon.com/images/I/51LILNy0GzL._SL75_.jpg","Width":75}}},"ItemInfo":{"ByLineInfo":{"Brand":{"DisplayValue":"QM Cleaner","Label":"Brand","Locale":"es_ES"},"Manufacturer":{"DisplayValue":"QMCLEANER","Label":"Manufacturer","Locale":"es_ES"}},"Title":{"DisplayValue":"QM Cleaner Pack Leather | Kit de Limpieza e hidratación del Cuero, Piel y Polipiel - Incluye Limpiador y Crema hidratante para el Cuidado del Cuero","Label":"Title","Locale":"es_ES"}},"Offers":{"Summaries":[{"Condition":{"Value":"New"},"LowestPrice":{"Amount":28.49,"Currency":"EUR","DisplayAmount":"28,49 €"}}]}},{"ASIN":"B0BHT8LCCP","DetailPageURL":"https://www.amazon.es/dp/B0BHT8LCCP?tag=topinalambricos-21&linkCode=osi&th=1&psc=1","Images":{"Primary":{"Small":{"Height":75,"URL":"https://m.media-amazon.com/images/I/31vFEUUo0OL._SL75_.jpg","Width":75}}},"ItemInfo":{"ByLineInfo":{"Brand":{"DisplayValue":"LAAV","Label":"Brand","Locale":"es_ES"},"Manufacturer":{"DisplayValue":"CSG Sp. z o.o.","Label":"Manufacturer","Locale":"es_ES"}},"Title":{"DisplayValue":"LAAV Limpiador de Cuero (250 ml) Leather Cleaner Limpieza de Sofás de Cuero, Tapicerías de Coches y Muebles","Label":"Title","Locale":"es_ES"}},"Offers":{"Summaries":[{"Condition":{"Value":"New"},"LowestPrice":{"Amount":6.9,"Currency":"EUR","DisplayAmount":"6,90 € (27,60 € / l)","PricePerUnit":27.6}}]}},{"ASIN":"B00HU6N3LK","DetailPageURL":"https://www.amazon.es/dp/B00HU6N3LK?tag=topinalambricos-21&linkCode=osi&th=1&psc=1","Images":{"Primary":{"Small":{"Height":75,"URL":"https://m.media-amazon.com/images/I/31ENxP9tHXL._SL75_.jpg","Width":75}}},"ItemInfo":{"ByLineInfo":{"Brand":{"DisplayValue":"Leather Honey","Label":"Brand","Locale":"es_ES"},"Manufacturer":{"DisplayValue":"Leather Honey","Label":"Manufacturer","Locale":"es_ES"}},"Title":{"DisplayValue":"Leather Honey Limpiador de Cuero - Producto de Primera Calidad para Ropa de Vinilo y Cuero, Muebles, Interiores de Automóviles, Zapatos y Accesorios, Fórmula Concentrada, de 946 ml Cuando se Diluye","Label":"Title","Locale":"es_ES"}},"Offers":{"Summaries":[{"Condition":{"Value":"New"},"LowestPrice":{"Amount":24.95,"Currency":"EUR","DisplayAmount":"24,95 € (211,08 € / l)","PricePerUnit":211.08}}]}},{"ASIN":"B00381BS3Q","DetailPageURL":"https://www.amazon.es/dp/B00381BS3Q?tag=topinalambricos-21&linkCode=osi&th=1&psc=1","Images":{"Primary":{"Small":{"Height":75,"URL":"https://m.media-amazon.com/images/I/41pucdZf7jL._SL75_.jpg","Width":27}}},"ItemInfo":{"ByLineInfo":{"Brand":{"DisplayValue":"Meguiar´s","Label":"Brand","Locale":"es_ES"},"Manufacturer":{"DisplayValue":"Meguiar's Car Care Products","Label":"Manufacturer","Locale":"es_ES"}},"Title":{"DisplayValue":"Meguiar's Gold Class Limpiador de cuero - 400 ml","Label":"Title","Locale":"es_ES"}},"Offers":{"Summaries":[{"Condition":{"Value":"New"},"LowestPrice":{"Amount":13.1,"Currency":"EUR","DisplayAmount":"13,10 € (32,75 € / l)","PricePerUnit":32.75}}]}},{"ASIN":"B00C42M54G","DetailPageURL":"https://www.amazon.es/dp/B00C42M54G?tag=topinalambricos-21&linkCode=osi&th=1&psc=1","Images":{"Primary":{"Small":{"Height":75,"URL":"https://m.media-amazon.com/images/I/31noQ-SUP9L._SL75_.jpg","Width":75}}},"ItemInfo":{"ByLineInfo":{"Brand":{"DisplayValue":"Furniture Clinic","Label":"Brand","Locale":"es_ES"},"Manufacturer":{"DisplayValue":"GroceryCentre","Label":"Manufacturer","Locale":"es_ES"}},"Title":{"DisplayValue":"Furniture Clinic Limpiador de Cuero - Limpiador de Cuero Multiuso, Limpiador de Interiores de Coches y Limpiador de Cuero para Muebles, Sofás, Zapatos, Botas, Bolsos, Carteras (500ml)","Label":"Title","Locale":"es_ES"}},"Offers":{"Summaries":[{"Condition":{"Value":"New"},"LowestPrice":{"Amount":24.5,"Currency":"EUR","DisplayAmount":"24,50 €"}}]}},{"ASIN":"B00CMQY05G","DetailPageURL":"https://www.amazon.es/dp/B00CMQY05G?tag=topinalambricos-21&linkCode=osi&th=1&psc=1","Images":{"Primary":{"Small":{"Height":75,"URL":"https://m.media-amazon.com/images/I/4108XdLEKIL._SL75_.jpg","Width":49}}},"ItemInfo":{"ByLineInfo":{"Brand":{"DisplayValue":"Armor All","Label":"Brand","Locale":"es_ES"},"Manufacturer":{"DisplayValue":"Armored Auto UK","Label":"Manufacturer","Locale":"es_ES"}},"Title":{"DisplayValue":"Armor All® - Cuidado de la piel cuero de la tapicería de tu coche, hidrata y conserva - Limpia, acondiciona y ayuda a restaurar su aspecto original y natural - 530 ml","Label":"Title","Locale":"es_ES"}},"Offers":{"Summaries":[{"Condition":{"Value":"New"},"LowestPrice":{"Amount":10.95,"Currency":"EUR","DisplayAmount":"10,95 € (20,66 € / l)","PricePerUnit":20.66}}]}},{"ASIN":"B00114T7QC","DetailPageURL":"https://www.amazon.es/dp/B00114T7QC?tag=topinalambricos-21&linkCode=osi&th=1&psc=1","Images":{"Primary":{"Small":{"Height":75,"URL":"https://m.media-amazon.com/images/I/31lMr+l4rfL._SL75_.jpg","Width":31}}},"ItemInfo":{"ByLineInfo":{"Brand":{"DisplayValue":"Best Price Square","Label":"Brand","Locale":"es_ES"},"Manufacturer":{"DisplayValue":"Autoglym","Label":"Manufacturer","Locale":"es_ES"}},"Title":{"DisplayValue":"Best Price Square Leather Cleaner 500ML LC500 by Auto GLYM","Label":"Title","Locale":"es_ES"}},"Offers":{"Summaries":[{"Condition":{"Value":"New"},"LowestPrice":{"Amount":13.0,"Currency":"EUR","DisplayAmount":"13,00 € (26,00 € / l)","PricePerUnit":26.0}}]}},{"ASIN":"B09VRYVYD6","DetailPageURL":"https://www.amazon.es/dp/B09VRYVYD6?tag=topinalambricos-21&linkCode=osi&th=1&psc=1","Images":{"Primary":{"Small":{"Height":75,"URL":"https://m.media-amazon.com/images/I/41BnZITRP5L._SL75_.jpg","Width":75}}},"ItemInfo":{"ByLineInfo":{"Brand":{"DisplayValue":"LIONSWAY","Label":"Brand","Locale":"es_ES"},"Manufacturer":{"DisplayValue":"LIONSWAY","Label":"Manufacturer","Locale":"es_ES"}},"Title":{"DisplayValue":"LIONSWAY - Lion Clean & Revive | Kit de Limpieza, Mantenimiento e Hidratación de Cuero, Piel o Polipiel Coche - Limpiador Cuero Coche e Hidratador de Cuero Coche Completo","Label":"Title","Locale":"es_ES"}},"Offers":{"Summaries":[{"Condition":{"Value":"New"},"LowestPrice":{"Amount":19.99,"Currency":"EUR","DisplayAmount":"19,99 €"}}]}}],"SearchURL":"https://www.amazon.es/s?k=limpiadores+cuero&rh=n%3A2424866031%2Cp_n_availability%3A-1&tag=topinalambricos-21&linkCode=osi","TotalResultCount":1588}},"256":{"SearchResult":{"Items":[{"ASIN":"B01M0E5OC6","DetailPageURL":"https://www.amazon.es/dp/B01M0E5OC6?tag=topinalambricos-21&linkCode=osi&th=1&psc=1","Images":{"Primary":{"Small":{"Height":75,"URL":"https://m.media-amazon.com/images/I/41F-9ZRR+vL._SL75_.jpg","Width":75}}},"ItemInfo":{"ByLineInfo":{"Brand":{"DisplayValue":"QM Cleaner","Label":"Brand","Locale":"es_ES"},"Manufacturer":{"DisplayValue":"QMCLEANER","Label":"Manufacturer","Locale":"es_ES"}},"Title":{"DisplayValue":"QM Cleaner LEATHER | Limpiador para cuero, piel y polipiel - Ideal para sillones, tapicerías de vehículos y complementos (Bolsos, chaquetas...) - 500ml","Label":"Title","Locale":"es_ES"}},"Offers":{"Summaries":[{"Condition":{"Value":"New"},"LowestPrice":{"Amount":15.99,"Currency":"EUR","DisplayAmount":"15,99 €"}}]}},{"ASIN":"B00114T7QC","DetailPageURL":"https://www.amazon.es/dp/B00114T7QC?tag=topinalambricos-21&linkCode=osi&th=1&psc=1","Images":{"Primary":{"Small":{"Height":75,"URL":"https://m.media-amazon.com/images/I/31lMr+l4rfL._SL75_.jpg","Width":31}}},"ItemInfo":{"ByLineInfo":{"Brand":{"DisplayValue":"Best Price Square","Label":"Brand","Locale":"es_ES"},"Manufacturer":{"DisplayValue":"Autoglym","Label":"Manufacturer","Locale":"es_ES"}},"Title":{"DisplayValue":"Best Price Square Leather Cleaner 500ML LC500 by Auto GLYM","Label":"Title","Locale":"es_ES"}},"Offers":{"Summaries":[{"Condition":{"Value":"New"},"LowestPrice":{"Amount":13.0,"Currency":"EUR","DisplayAmount":"13,00 € (26,00 € / l)","PricePerUnit":26.0}}]}},{"ASIN":"B077MCG1DX","DetailPageURL":"https://www.amazon.es/dp/B077MCG1DX?tag=topinalambricos-21&linkCode=osi&th=1&psc=1","Images":{"Primary":{"Small":{"Height":75,"URL":"https://m.media-amazon.com/images/I/31Cc43pX59L._SL75_.jpg","Width":75}}},"ItemInfo":{"ByLineInfo":{"Brand":{"DisplayValue":"SOFOLK DEPUIS 1989","Label":"Brand","Locale":"es_ES"},"Manufacturer":{"DisplayValue":"SOFOLK","Label":"Manufacturer","Locale":"es_ES"}},"Title":{"DisplayValue":"Sofolk - Limpiador, quitamanchas, desengrasante para Cuero - Mantenimiento del Cuero - Spray Limpiador del Cuero Inodoro e incoloro - 750 ml","Label":"Title","Locale":"es_ES"}},"Offers":{"Summaries":[{"Condition":{"Value":"New"},"LowestPrice":{"Amount":17.99,"Currency":"EUR","DisplayAmount":"17,99 €"}}]}},{"ASIN":"B01ID1JXPK","DetailPageURL":"https://www.amazon.es/dp/B01ID1JXPK?tag=topinalambricos-21&linkCode=osi&th=1&psc=1","Images":{"Primary":{"Small":{"Height":75,"URL":"https://m.media-amazon.com/images/I/41NLt1WfSLL._SL75_.jpg","Width":75}}},"ItemInfo":{"ByLineInfo":{"Brand":{"DisplayValue":"1-2-3 REPAIR","Label":"Brand","Locale":"es_ES"},"Manufacturer":{"DisplayValue":"123Repair","Label":"Manufacturer","Locale":"es_ES"}},"Title":{"DisplayValue":"1-2-3 REPAIR Tinte para Cuero, Cuidado del Cuero, Tinte para Zapatos de Bolso, Cuidado del Cuero de sofá, Cuero Fresco, Tinte para Cuero de imitación, Blanco, 57 ml","Label":"Title","Locale":"es_ES"}},"Offers":{"Summaries":[{"Condition":{"Value":"New"},"LowestPrice":{"Amount":14.99,"Currency":"EUR","DisplayAmount":"14,99 €"}}]}},{"ASIN":"B07SL4WY1W","DetailPageURL":"https://www.amazon.es/dp/B07SL4WY1W?tag=topinalambricos-21&linkCode=osi&th=1&psc=1","Images":{"Primary":{"Small":{"Height":75,"URL":"https://m.media-amazon.com/images/I/4150jn7SysL._SL75_.jpg","Width":75}}},"ItemInfo":{"ByLineInfo":{"Brand":{"DisplayValue":"Maddox Detail","Label":"Brand","Locale":"es_ES"},"Manufacturer":{"DisplayValue":"Maddox Automoción SL","Label":"Manufacturer","Locale":"es_ES"}},"Title":{"DisplayValue":"Maddox Detail - Leather Detailer - Limpiador de Cuero y Piel. 500 ml. Limpia Tapicerias de Cuero y Piel de forma Rápido y sin Esfuerzo. Limpia Asientos Coche Cuero y Piel","Label":"Title","Locale":"es_ES"}},"Offers":{"Summaries":[{"Condition":{"Value":"New"},"LowestPrice":{"Amount":8.69,"Currency":"EUR","DisplayAmount":"8,69 € (17,38 € / l)","PricePerUnit":17.38}}]}},{"ASIN":"B08ZNDGMN7","DetailPageURL":"https://www.amazon.es/dp/B08ZNDGMN7?tag=topinalambricos-21&linkCode=osi&th=1&psc=1","Images":{"Primary":{"Small":{"Height":75,"URL":"https://m.media-amazon.com/images/I/31w7c3blrdL._SL75_.jpg","Width":75}}},"ItemInfo":{"ByLineInfo":{"Brand":{"DisplayValue":"LTr","Label":"Brand","Locale":"es_ES"},"Manufacturer":{"DisplayValue":"Vivere GmbH","Label":"Manufacturer","Locale":"es_ES"}},"Title":{"DisplayValue":"LeatherRanch Spray Limpiador Cuero Coche, Bolsos, Zapatos, Chaquetas, 500ml - Limpiador Cuero Sofas, Elmina la Suciedad y Previene la Decoloración - Limpia Tapicerias Coche, Volante y Asientos Cuero","Label":"Title","Locale":"es_ES"}},"Offers":{"Summaries":[{"Condition":{"Value":"New"},"LowestPrice":{"Amount":13.99,"Currency":"EUR","DisplayAmount":"13,99 €"}}]}},{"ASIN":"B011IYJDS6","DetailPageURL":"https://www.amazon.es/dp/B011IYJDS6?tag=topinalambricos-21&linkCode=osi&th=1&psc=1","Images":{"Primary":{"Small":{"Height":46,"URL":"https://m.media-amazon.com/images/I/31q71CsFXwL._SL75_.jpg","Width":75}}},"ItemInfo":{"ByLineInfo":{"Brand":{"DisplayValue":"Lettro","Label":"Brand","Locale":"es_ES"},"Manufacturer":{"DisplayValue":"Lettro","Label":"Manufacturer","Locale":"es_ES"}},"Title":{"DisplayValue":"Lettro Bálsamo Reparador – Restaura la Piel y Recupera el Color de Muebles Asientos de Coches Zapatos Tapicería Guarnicionería – 200ml (Transparente/Neutro)","Label":"Title","Locale":"es_ES"}},"Offers":{"Summaries":[{"Condition":{"Value":"New"},"LowestPrice":{"Amount":16.99,"Currency":"EUR","DisplayAmount":"16,99 €"}}]}},{"ASIN":"B07K9XPXF8","DetailPageURL":"https://www.amazon.es/dp/B07K9XPXF8?tag=topinalambricos-21&linkCode=osi&th=1&psc=1","Images":{"Primary":{"Small":{"Height":75,"URL":"https://m.media-amazon.com/images/I/51LILNy0GzL._SL75_.jpg","Width":75}}},"ItemInfo":{"ByLineInfo":{"Brand":{"DisplayValue":"QM Cleaner","Label":"Brand","Locale":"es_ES"},"Manufacturer":{"DisplayValue":"QMCLEANER","Label":"Manufacturer","Locale":"es_ES"}},"Title":{"DisplayValue":"QM Cleaner Pack Leather | Kit de Limpieza e hidratación del Cuero, Piel y Polipiel - Incluye Limpiador y Crema hidratante para el Cuidado del Cuero","Label":"Title","Locale":"es_ES"}},"Offers":{"Summaries":[{"Condition":{"Value":"New"},"LowestPrice":{"Amount":28.49,"Currency":"EUR","DisplayAmount":"28,49 €"}}]}},{"ASIN":"B00HU6N3LK","DetailPageURL":"https://www.amazon.es/dp/B00HU6N3LK?tag=topinalambricos-21&linkCode=osi&th=1&psc=1","Images":{"Primary":{"Small":{"Height":75,"URL":"https://m.media-amazon.com/images/I/31ENxP9tHXL._SL75_.jpg","Width":75}}},"ItemInfo":{"ByLineInfo":{"Brand":{"DisplayValue":"Leather Honey","Label":"Brand","Locale":"es_ES"},"Manufacturer":{"DisplayValue":"Leather Honey","Label":"Manufacturer","Locale":"es_ES"}},"Title":{"DisplayValue":"Leather Honey Limpiador de Cuero - Producto de Primera Calidad para Ropa de Vinilo y Cuero, Muebles, Interiores de Automóviles, Zapatos y Accesorios, Fórmula Concentrada, de 946 ml Cuando se Diluye","Label":"Title","Locale":"es_ES"}},"Offers":{"Summaries":[{"Condition":{"Value":"New"},"LowestPrice":{"Amount":24.95,"Currency":"EUR","DisplayAmount":"24,95 € (211,08 € / l)","PricePerUnit":211.08}}]}},{"ASIN":"B00C42M54G","DetailPageURL":"https://www.amazon.es/dp/B00C42M54G?tag=topinalambricos-21&linkCode=osi&th=1&psc=1","Images":{"Primary":{"Small":{"Height":75,"URL":"https://m.media-amazon.com/images/I/31noQ-SUP9L._SL75_.jpg","Width":75}}},"ItemInfo":{"ByLineInfo":{"Brand":{"DisplayValue":"Furniture Clinic","Label":"Brand","Locale":"es_ES"},"Manufacturer":{"DisplayValue":"GroceryCentre","Label":"Manufacturer","Locale":"es_ES"}},"Title":{"DisplayValue":"Furniture Clinic Limpiador de Cuero - Limpiador de Cuero Multiuso, Limpiador de Interiores de Coches y Limpiador de Cuero para Muebles, Sofás, Zapatos, Botas, Bolsos, Carteras (500ml)","Label":"Title","Locale":"es_ES"}},"Offers":{"Summaries":[{"Condition":{"Value":"New"},"LowestPrice":{"Amount":24.5,"Currency":"EUR","DisplayAmount":"24,50 €"}}]}}],"SearchURL":"https://www.amazon.es/s?k=limpiar+cuero+blanco&rh=n%3A2424866031%2Cp_n_availability%3A-1&tag=topinalambricos-21&linkCode=osi","TotalResultCount":51}},"257":{"SearchResult":{"Items":[{"ASIN":"B074KKZVMF","DetailPageURL":"https://www.amazon.es/dp/B074KKZVMF?tag=topinalambricos-21&linkCode=osi&th=1&psc=1","Images":{"Primary":{"Small":{"Height":75,"URL":"https://m.media-amazon.com/images/I/410nKkuP99L._SL75_.jpg","Width":75}}},"ItemInfo":{"ByLineInfo":{"Brand":{"DisplayValue":"Maddox Detail","Label":"Brand","Locale":"es_ES"},"Manufacturer":{"DisplayValue":"Maddox Automocion Sl","Label":"Manufacturer","Locale":"es_ES"}},"Title":{"DisplayValue":"Maddox Detail - Leather Conditioner - Acondicionador de Cuero y Piel, Hidratante de Cuero. Interior del Coche Nuevo. Producto Profesional, 500 ml. Limpiador Tapiceria Coche.","Label":"Title","Locale":"es_ES"}},"Offers":{"Summaries":[{"Condition":{"Value":"New"},"LowestPrice":{"Amount":14.2,"Currency":"EUR","DisplayAmount":"14,20 € (28,40 € / l)","PricePerUnit":28.4}},{"Condition":{"Value":"Used"},"LowestPrice":{"Amount":11.99,"Currency":"EUR","DisplayAmount":"11,99 € (23,98 € / l)","PricePerUnit":23.98}}]}},{"ASIN":"B07SL4WY1W","DetailPageURL":"https://www.amazon.es/dp/B07SL4WY1W?tag=topinalambricos-21&linkCode=osi&th=1&psc=1","Images":{"Primary":{"Small":{"Height":75,"URL":"https://m.media-amazon.com/images/I/4150jn7SysL._SL75_.jpg","Width":75}}},"ItemInfo":{"ByLineInfo":{"Brand":{"DisplayValue":"Maddox Detail","Label":"Brand","Locale":"es_ES"},"Manufacturer":{"DisplayValue":"Maddox Automoción SL","Label":"Manufacturer","Locale":"es_ES"}},"Title":{"DisplayValue":"Maddox Detail - Leather Detailer - Limpiador de Cuero y Piel. 500 ml. Limpia Tapicerias de Cuero y Piel de forma Rápido y sin Esfuerzo. Limpia Asientos Coche Cuero y Piel","Label":"Title","Locale":"es_ES"}},"Offers":{"Summaries":[{"Condition":{"Value":"New"},"LowestPrice":{"Amount":8.69,"Currency":"EUR","DisplayAmount":"8,69 € (17,38 € / l)","PricePerUnit":17.38}}]}},{"ASIN":"B07JWHH61W","DetailPageURL":"https://www.amazon.es/dp/B07JWHH61W?tag=topinalambricos-21&linkCode=osi&th=1&psc=1","Images":{"Primary":{"Small":{"Height":75,"URL":"https://m.media-amazon.com/images/I/51mbQkPkmeL._SL75_.jpg","Width":75}}},"ItemInfo":{"ByLineInfo":{"Brand":{"DisplayValue":"Maddox Detail","Label":"Brand","Locale":"es_ES"},"Manufacturer":{"DisplayValue":"Maddox Automoción","Label":"Manufacturer","Locale":"es_ES"}},"Title":{"DisplayValue":"Maddox Detail - Leather Care Kit - Limpiador y Acondicionador de Cuero y Piel. Incluye Microfibra Gratis. Kit Limpiador Tapiceria Coche. Limpia Tapicerias. Limpiador Tapiceria Coche.","Label":"Title","Locale":"es_ES"}},"Offers":{"Summaries":[{"Condition":{"Value":"New"},"LowestPrice":{"Amount":24.99,"Currency":"EUR","DisplayAmount":"24,99 € (24,99 € / l)","PricePerUnit":24.99}}]}},{"ASIN":"B00CMQY05G","DetailPageURL":"https://www.amazon.es/dp/B00CMQY05G?tag=topinalambricos-21&linkCode=osi&th=1&psc=1","Images":{"Primary":{"Small":{"Height":75,"URL":"https://m.media-amazon.com/images/I/4108XdLEKIL._SL75_.jpg","Width":49}}},"ItemInfo":{"ByLineInfo":{"Brand":{"DisplayValue":"Armor All","Label":"Brand","Locale":"es_ES"},"Manufacturer":{"DisplayValue":"Armored Auto UK","Label":"Manufacturer","Locale":"es_ES"}},"Title":{"DisplayValue":"Armor All® - Cuidado de la piel cuero de la tapicería de tu coche, hidrata y conserva - Limpia, acondiciona y ayuda a restaurar su aspecto original y natural - 530 ml","Label":"Title","Locale":"es_ES"}},"Offers":{"Summaries":[{"Condition":{"Value":"New"},"LowestPrice":{"Amount":10.95,"Currency":"EUR","DisplayAmount":"10,95 € (20,66 € / l)","PricePerUnit":20.66}}]}},{"ASIN":"B07K9XPXF8","DetailPageURL":"https://www.amazon.es/dp/B07K9XPXF8?tag=topinalambricos-21&linkCode=osi&th=1&psc=1","Images":{"Primary":{"Small":{"Height":75,"URL":"https://m.media-amazon.com/images/I/51LILNy0GzL._SL75_.jpg","Width":75}}},"ItemInfo":{"ByLineInfo":{"Brand":{"DisplayValue":"QM Cleaner","Label":"Brand","Locale":"es_ES"},"Manufacturer":{"DisplayValue":"QMCLEANER","Label":"Manufacturer","Locale":"es_ES"}},"Title":{"DisplayValue":"QM Cleaner Pack Leather | Kit de Limpieza e hidratación del Cuero, Piel y Polipiel - Incluye Limpiador y Crema hidratante para el Cuidado del Cuero","Label":"Title","Locale":"es_ES"}},"Offers":{"Summaries":[{"Condition":{"Value":"New"},"LowestPrice":{"Amount":28.49,"Currency":"EUR","DisplayAmount":"28,49 €"}}]}},{"ASIN":"B0BHT8LCCP","DetailPageURL":"https://www.amazon.es/dp/B0BHT8LCCP?tag=topinalambricos-21&linkCode=osi&th=1&psc=1","Images":{"Primary":{"Small":{"Height":75,"URL":"https://m.media-amazon.com/images/I/31vFEUUo0OL._SL75_.jpg","Width":75}}},"ItemInfo":{"ByLineInfo":{"Brand":{"DisplayValue":"LAAV","Label":"Brand","Locale":"es_ES"},"Manufacturer":{"DisplayValue":"CSG Sp. z o.o.","Label":"Manufacturer","Locale":"es_ES"}},"Title":{"DisplayValue":"LAAV Limpiador de Cuero (250 ml) Leather Cleaner Limpieza de Sofás de Cuero, Tapicerías de Coches y Muebles","Label":"Title","Locale":"es_ES"}},"Offers":{"Summaries":[{"Condition":{"Value":"New"},"LowestPrice":{"Amount":6.9,"Currency":"EUR","DisplayAmount":"6,90 € (27,60 € / l)","PricePerUnit":27.6}}]}},{"ASIN":"B09VRYVYD6","DetailPageURL":"https://www.amazon.es/dp/B09VRYVYD6?tag=topinalambricos-21&linkCode=osi&th=1&psc=1","Images":{"Primary":{"Small":{"Height":75,"URL":"https://m.media-amazon.com/images/I/41BnZITRP5L._SL75_.jpg","Width":75}}},"ItemInfo":{"ByLineInfo":{"Brand":{"DisplayValue":"LIONSWAY","Label":"Brand","Locale":"es_ES"},"Manufacturer":{"DisplayValue":"LIONSWAY","Label":"Manufacturer","Locale":"es_ES"}},"Title":{"DisplayValue":"LIONSWAY - Lion Clean & Revive | Kit de Limpieza, Mantenimiento e Hidratación de Cuero, Piel o Polipiel Coche - Limpiador Cuero Coche e Hidratador de Cuero Coche Completo","Label":"Title","Locale":"es_ES"}},"Offers":{"Summaries":[{"Condition":{"Value":"New"},"LowestPrice":{"Amount":19.99,"Currency":"EUR","DisplayAmount":"19,99 €"}}]}},{"ASIN":"B08ZT2NCCN","DetailPageURL":"https://www.amazon.es/dp/B08ZT2NCCN?tag=topinalambricos-21&linkCode=osi&th=1&psc=1","Images":{"Primary":{"Small":{"Height":75,"URL":"https://m.media-amazon.com/images/I/41wFjAPisVL._SL75_.jpg","Width":75}}},"ItemInfo":{"ByLineInfo":{"Brand":{"DisplayValue":"VEHICULUX","Label":"Brand","Locale":"es_ES"},"Manufacturer":{"DisplayValue":"Vivere GmbH","Label":"Manufacturer","Locale":"es_ES"}},"Title":{"DisplayValue":"VEHICULUX Acondicionador Cuero Coche Natural - Hidratador de Cuero Coche, Crema para Asientos de Cuero Coche - Tratamiento Cuero Coche sin Residuos Grasos - Complemento a Limpiador Cuero Coche, 250ml","Label":"Title","Locale":"es_ES"}},"Offers":{"Summaries":[{"Condition":{"Value":"New"},"LowestPrice":{"Amount":13.3,"Currency":"EUR","DisplayAmount":"13,30 €"}}]}},{"ASIN":"B013BCF0EY","DetailPageURL":"https://www.amazon.es/dp/B013BCF0EY?tag=topinalambricos-21&linkCode=osi&th=1&psc=1","Images":{"Primary":{"Small":{"Height":75,"URL":"https://m.media-amazon.com/images/I/31IZ3JjofqL._SL75_.jpg","Width":41}}},"ItemInfo":{"ByLineInfo":{"Brand":{"DisplayValue":"Autoglym","Label":"Brand","Locale":"es_ES"},"Manufacturer":{"DisplayValue":"Autoglym","Label":"Manufacturer","Locale":"es_ES"}},"Title":{"DisplayValue":"Autoglym Kit de Limpieza y Protección para Piel y Cuero, Limpieza Profunda para Tapicería & Interiores de Vehículos, pH Neutro, Accesorios Premium para Limpieza de Asientos de Coche","Label":"Title","Locale":"es_ES"}},"Offers":{"Summaries":[{"Condition":{"Value":"New"},"LowestPrice":{"Amount":39.99,"Currency":"EUR","DisplayAmount":"39,99 €"}}]}},{"ASIN":"B08MWK1CP3","DetailPageURL":"https://www.amazon.es/dp/B08MWK1CP3?tag=topinalambricos-21&linkCode=osi&th=1&psc=1","Images":{"Primary":{"Small":{"Height":75,"URL":"https://m.media-amazon.com/images/I/31LuxvE42cL._SL75_.jpg","Width":75}}},"ItemInfo":{"ByLineInfo":{"Brand":{"DisplayValue":"Furniture Clinic","Label":"Brand","Locale":"es_ES"},"Manufacturer":{"DisplayValue":"Furniture Clinic","Label":"Manufacturer","Locale":"es_ES"}},"Title":{"DisplayValue":"Furniture Clinic, Masilla de Reparación de Cueros: Para Rellenar Agujeros, Rozaduras, Arañazos, Grietas (negro, 50 ml)","Label":"Title","Locale":"es_ES"}},"Offers":{"Summaries":[{"Condition":{"Value":"New"},"LowestPrice":{"Amount":13.5,"Currency":"EUR","DisplayAmount":"13,50 € (270,00 € / l)","PricePerUnit":270.0}}]}}],"SearchURL":"https://www.amazon.es/s?k=tapiceria+cuero&rh=n%3A2424866031%2Cp_n_availability%3A-1&tag=topinalambricos-21&linkCode=osi","TotalResultCount":3165}},"258":{"SearchResult":{"Items":[{"ASIN":"B00HU6N3LK","DetailPageURL":"https://www.amazon.es/dp/B00HU6N3LK?tag=topinalambricos-21&linkCode=osi&th=1&psc=1","Images":{"Primary":{"Small":{"Height":75,"URL":"https://m.media-amazon.com/images/I/31ENxP9tHXL._SL75_.jpg","Width":75}}},"ItemInfo":{"ByLineInfo":{"Brand":{"DisplayValue":"Leather Honey","Label":"Brand","Locale":"es_ES"},"Manufacturer":{"DisplayValue":"Leather Honey","Label":"Manufacturer","Locale":"es_ES"}},"Title":{"DisplayValue":"Leather Honey Limpiador de Cuero - Producto de Primera Calidad para Ropa de Vinilo y Cuero, Muebles, Interiores de Automóviles, Zapatos y Accesorios, Fórmula Concentrada, de 946 ml Cuando se Diluye","Label":"Title","Locale":"es_ES"}},"Offers":{"Summaries":[{"Condition":{"Value":"New"},"LowestPrice":{"Amount":24.95,"Currency":"EUR","DisplayAmount":"24,95 € (211,08 € / l)","PricePerUnit":211.08}}]}},{"ASIN":"B079P65B76","DetailPageURL":"https://www.amazon.es/dp/B079P65B76?tag=topinalambricos-21&linkCode=osi&th=1&psc=1","Images":{"Primary":{"Small":{"Height":75,"URL":"https://m.media-amazon.com/images/I/31t981pQmdL._SL75_.jpg","Width":75}}},"ItemInfo":{"ByLineInfo":{"Brand":{"DisplayValue":"SOFOLK DEPUIS 1989","Label":"Brand","Locale":"es_ES"},"Manufacturer":{"DisplayValue":"SOFOLK","Label":"Manufacturer","Locale":"es_ES"}},"Title":{"DisplayValue":"Sofolk - Pintura Cuero/Cuero de imitación - Recoloración para Cuero dañado, Rayado, arañado, Descolorido - Volante de Coche, Asiento de Coche, sofá, Zapatos, Chaquetas y Ropa - 125 ml - 01-Black","Label":"Title","Locale":"es_ES"}},"Offers":{"Summaries":[{"Condition":{"Value":"New"},"LowestPrice":{"Amount":24.99,"Currency":"EUR","DisplayAmount":"24,99 €"}}]}},{"ASIN":"B00C42M54G","DetailPageURL":"https://www.amazon.es/dp/B00C42M54G?tag=topinalambricos-21&linkCode=osi&th=1&psc=1","Images":{"Primary":{"Small":{"Height":75,"URL":"https://m.media-amazon.com/images/I/31noQ-SUP9L._SL75_.jpg","Width":75}}},"ItemInfo":{"ByLineInfo":{"Brand":{"DisplayValue":"Furniture Clinic","Label":"Brand","Locale":"es_ES"},"Manufacturer":{"DisplayValue":"GroceryCentre","Label":"Manufacturer","Locale":"es_ES"}},"Title":{"DisplayValue":"Furniture Clinic Limpiador de Cuero - Limpiador de Cuero Multiuso, Limpiador de Interiores de Coches y Limpiador de Cuero para Muebles, Sofás, Zapatos, Botas, Bolsos, Carteras (500ml)","Label":"Title","Locale":"es_ES"}},"Offers":{"Summaries":[{"Condition":{"Value":"New"},"LowestPrice":{"Amount":24.5,"Currency":"EUR","DisplayAmount":"24,50 €"}}]}},{"ASIN":"B005EBNZTI","DetailPageURL":"https://www.amazon.es/dp/B005EBNZTI?tag=topinalambricos-21&linkCode=osi&th=1&psc=1","Images":{"Primary":{"Small":{"Height":75,"URL":"https://m.media-amazon.com/images/I/31yjiCe1-uS._SL75_.jpg","Width":75}}},"ItemInfo":{"ByLineInfo":{"Brand":{"DisplayValue":"Renapur","Label":"Brand","Locale":"es_ES"},"Manufacturer":{"DisplayValue":"Renapur Ltd","Label":"Manufacturer","Locale":"es_ES"}},"Title":{"DisplayValue":"Renapur Bálsamo Natural, Protector y Restaurador - 200 ml","Label":"Title","Locale":"es_ES"}},"Offers":{"Summaries":[{"Condition":{"Value":"New"},"LowestPrice":{"Amount":15.0,"Currency":"EUR","DisplayAmount":"15,00 €"}}]}},{"ASIN":"B07H2JD1CK","DetailPageURL":"https://www.amazon.es/dp/B07H2JD1CK?tag=topinalambricos-21&linkCode=osi&th=1&psc=1","Images":{"Primary":{"Small":{"Height":62,"URL":"https://m.media-amazon.com/images/I/41M+Mg3YNfL._SL75_.jpg","Width":75}}},"ItemInfo":{"ByLineInfo":{"Brand":{"DisplayValue":"Green Hero","Label":"Brand","Locale":"es_ES"},"Manufacturer":{"DisplayValue":"Futura GmbH","Label":"Manufacturer","Locale":"es_ES"}},"Title":{"DisplayValue":"Green Hero Jabón de cuero 500 ml de limpiador de piel, incluye esponja de limpieza para piel lisa, limpiador de piel, jabón eficaz para sillín de cuero, práctico jabón para sillín con esponja","Label":"Title","Locale":"es_ES"}},"Offers":{"Summaries":[{"Condition":{"Value":"New"},"LowestPrice":{"Amount":23.07,"Currency":"EUR","DisplayAmount":"23,07 € (46,14 € / l)","PricePerUnit":46.14}}]}},{"ASIN":"B07CZHTXQR","DetailPageURL":"https://www.amazon.es/dp/B07CZHTXQR?tag=topinalambricos-21&linkCode=osi&th=1&psc=1","Images":{"Primary":{"Small":{"Height":75,"URL":"https://m.media-amazon.com/images/I/313jUhNx+4L._SL75_.jpg","Width":46}}},"ItemInfo":{"ByLineInfo":{"Brand":{"DisplayValue":"Wren's Since 1889","Label":"Brand","Locale":"es_ES"},"Manufacturer":{"DisplayValue":"Wren's Since 1889","Label":"Manufacturer","Locale":"es_ES"}},"Title":{"DisplayValue":"Wren’s Loción para el cuero - Cuidado de bolsos, restauración limpia y nutrir el cuidado del cuero, calidad y prestigio desde 1889, para todos los colores, Botella práctica, 125 ml - 4.22 fl oz.","Label":"Title","Locale":"es_ES"}},"Offers":{"Summaries":[{"Condition":{"Value":"New"},"LowestPrice":{"Amount":8.39,"Currency":"EUR","DisplayAmount":"8,39 €"}}]}},{"ASIN":"B089THD17Y","DetailPageURL":"https://www.amazon.es/dp/B089THD17Y?tag=topinalambricos-21&linkCode=osi&th=1&psc=1","Images":{"Primary":{"Small":{"Height":75,"URL":"https://m.media-amazon.com/images/I/21GouEIebmL._SL75_.jpg","Width":49}}},"ItemInfo":{"ByLineInfo":{"Brand":{"DisplayValue":"Renapur","Label":"Brand","Locale":"es_ES"},"Manufacturer":{"DisplayValue":"Renapur Ltd","Label":"Manufacturer","Locale":"es_ES"}},"Title":{"DisplayValue":"Renapur Ltd - Limpiador de cuero concentrado (250ml)","Label":"Title","Locale":"es_ES"}},"Offers":{"Summaries":[{"Condition":{"Value":"New"},"LowestPrice":{"Amount":20.0,"Currency":"EUR","DisplayAmount":"20,00 €"}}]}},{"ASIN":"B00CMQY0HE","DetailPageURL":"https://www.amazon.es/dp/B00CMQY0HE?tag=topinalambricos-21&linkCode=osi&th=1&psc=1","Images":{"Primary":{"Small":{"Height":75,"URL":"https://m.media-amazon.com/images/I/41Ddf95SupL._SL75_.jpg","Width":49}}},"ItemInfo":{"ByLineInfo":{"Brand":{"DisplayValue":"Armor All","Label":"Brand","Locale":"es_ES"},"Manufacturer":{"DisplayValue":"Armored Auto UK","Label":"Manufacturer","Locale":"es_ES"}},"Title":{"DisplayValue":"Armor All® - Espuma limpiadora para alfombras y asientos para el cuidado de tu coche - Elimina suciedad, grasa y residuos sin perder el color de tu tapicería - 500 ml","Label":"Title","Locale":"es_ES"}},"Offers":{"Summaries":[{"Condition":{"Value":"New"},"LowestPrice":{"Amount":9.92,"Currency":"EUR","DisplayAmount":"9,92 €"}}]}},{"ASIN":"B082XB3DMM","DetailPageURL":"https://www.amazon.es/dp/B082XB3DMM?tag=topinalambricos-21&linkCode=osi&th=1&psc=1","Images":{"Primary":{"Small":{"Height":75,"URL":"https://m.media-amazon.com/images/I/41aEdQ8MfMS._SL75_.jpg","Width":75}}},"ItemInfo":{"ByLineInfo":{"Brand":{"DisplayValue":"BIOHY","Label":"Brand","Locale":"es_ES"},"Manufacturer":{"DisplayValue":"BiOHY","Label":"Manufacturer","Locale":"es_ES"}},"Title":{"DisplayValue":"BiOHY Limpiador tapicerías (480 botellas de 1 litro) | Ideal para asientos de coche, sofás, colchones, etc. | También es adecuado para las lavadoras (Polsterreiniger)","Label":"Title","Locale":"es_ES"}},"Offers":{"Summaries":[{"Condition":{"Value":"New"},"LowestPrice":{"Amount":3747.6,"Currency":"EUR","DisplayAmount":"3.747,60 € (7,81 € / l)","PricePerUnit":7.81}}]}},{"ASIN":"B07288LD9V","DetailPageURL":"https://www.amazon.es/dp/B07288LD9V?tag=topinalambricos-21&linkCode=osi&th=1&psc=1","Images":{"Primary":{"Small":{"Height":75,"URL":"https://m.media-amazon.com/images/I/41HVmPCVJgL._SL75_.jpg","Width":57}}},"ItemInfo":{"ByLineInfo":{"Brand":{"DisplayValue":"Alta Cuir","Label":"Brand","Locale":"es_ES"},"Manufacturer":{"DisplayValue":"Alta Cuir","Label":"Manufacturer","Locale":"es_ES"}},"Title":{"DisplayValue":"Alta Cuir – Kit para teñir pieles - Coloración para cuero de automóviles, miel, 200 ml","Label":"Title","Locale":"es_ES"}},"Offers":{"Summaries":[{"Condition":{"Value":"New"},"LowestPrice":{"Amount":84.84,"Currency":"EUR","DisplayAmount":"84,84 € (424,20 € / l)","PricePerUnit":424.2}}]}}],"SearchURL":"https://www.amazon.es/s?k=tapiceria+cuero+sofa&rh=n%3A2165656031%2Cp_n_availability%3A-1&tag=topinalambricos-21&linkCode=osi","TotalResultCount":11}},"259":{"SearchResult":{"Items":[{"ASIN":"B08ZNDGMN7","DetailPageURL":"https://www.amazon.es/dp/B08ZNDGMN7?tag=topinalambricos-21&linkCode=osi&th=1&psc=1","Images":{"Primary":{"Small":{"Height":75,"URL":"https://m.media-amazon.com/images/I/31w7c3blrdL._SL75_.jpg","Width":75}}},"ItemInfo":{"ByLineInfo":{"Brand":{"DisplayValue":"LTr","Label":"Brand","Locale":"es_ES"},"Manufacturer":{"DisplayValue":"Vivere GmbH","Label":"Manufacturer","Locale":"es_ES"}},"Title":{"DisplayValue":"LeatherRanch Spray Limpiador Cuero Coche, Bolsos, Zapatos, Chaquetas, 500ml - Limpiador Cuero Sofas, Elmina la Suciedad y Previene la Decoloración - Limpia Tapicerias Coche, Volante y Asientos Cuero","Label":"Title","Locale":"es_ES"}},"Offers":{"Summaries":[{"Condition":{"Value":"New"},"LowestPrice":{"Amount":13.99,"Currency":"EUR","DisplayAmount":"13,99 €"}}]}},{"ASIN":"B011IYJDS6","DetailPageURL":"https://www.amazon.es/dp/B011IYJDS6?tag=topinalambricos-21&linkCode=osi&th=1&psc=1","Images":{"Primary":{"Small":{"Height":46,"URL":"https://m.media-amazon.com/images/I/31q71CsFXwL._SL75_.jpg","Width":75}}},"ItemInfo":{"ByLineInfo":{"Brand":{"DisplayValue":"Lettro","Label":"Brand","Locale":"es_ES"},"Manufacturer":{"DisplayValue":"Lettro","Label":"Manufacturer","Locale":"es_ES"}},"Title":{"DisplayValue":"Lettro Bálsamo Reparador – Restaura la Piel y Recupera el Color de Muebles Asientos de Coches Zapatos Tapicería Guarnicionería – 200ml (Transparente/Neutro)","Label":"Title","Locale":"es_ES"}},"Offers":{"Summaries":[{"Condition":{"Value":"New"},"LowestPrice":{"Amount":16.99,"Currency":"EUR","DisplayAmount":"16,99 €"}}]}},{"ASIN":"B06VX633CX","DetailPageURL":"https://www.amazon.es/dp/B06VX633CX?tag=topinalambricos-21&linkCode=osi&th=1&psc=1","Images":{"Primary":{"Small":{"Height":75,"URL":"https://m.media-amazon.com/images/I/51pptAygP9L._SL75_.jpg","Width":75}}},"ItemInfo":{"ByLineInfo":{"Brand":{"DisplayValue":"EMMA","Label":"Brand","Locale":"es_ES"},"Manufacturer":{"DisplayValue":"EMMA","Label":"Manufacturer","Locale":"es_ES"}},"Title":{"DisplayValue":"EMMA ♥ Jabón para la Silla de Montar Cuidado del Cuero para el sillín y la Brida, Botas, Zapatos, Ropa de Motocicleta, Cuero de Coche, Bolsos y Muebles, etc. 500 ml.","Label":"Title","Locale":"es_ES"}},"Offers":{"Summaries":[{"Condition":{"Value":"New"},"LowestPrice":{"Amount":12.9,"Currency":"EUR","DisplayAmount":"12,90 €"}}]}},{"ASIN":"B08R687HKH","DetailPageURL":"https://www.amazon.es/dp/B08R687HKH?tag=topinalambricos-21&linkCode=osi&th=1&psc=1","Images":{"Primary":{"Small":{"Height":75,"URL":"https://m.media-amazon.com/images/I/51ENw026A0S._SL75_.jpg","Width":75}}},"ItemInfo":{"ByLineInfo":{"Brand":{"DisplayValue":"Maison Paul","Label":"Brand","Locale":"es_ES"}},"Title":{"DisplayValue":"Kit de mantenimiento Maison Paul para cuero para limpiar, nutrir e impermeabilizar abrigos, chaquetas, bolsas de mano y ropas para motoristas","Label":"Title","Locale":"es_ES"}},"Offers":{"Summaries":[{"Condition":{"Value":"New"},"LowestPrice":{"Amount":29.95,"Currency":"EUR","DisplayAmount":"29,95 €"}}]}},{"ASIN":"B08Z88BRBH","DetailPageURL":"https://www.amazon.es/dp/B08Z88BRBH?tag=topinalambricos-21&linkCode=osi&th=1&psc=1","Images":{"Primary":{"Small":{"Height":49,"URL":"https://m.media-amazon.com/images/I/31ucSriGhFL._SL75_.jpg","Width":75}}},"ItemInfo":{"ByLineInfo":{"Brand":{"DisplayValue":"COLOURLOCK","Label":"Brand","Locale":"es_ES"},"Manufacturer":{"DisplayValue":"Lederzentrum GmbH","Label":"Manufacturer","Locale":"es_ES"}},"Title":{"DisplayValue":"Colourlock Cepillo de limpieza de cuero y textil | Cuero limpio, textil y alcantara | Para coches, muebles, ropa, zapatos, bolsos y accesorios | Negro","Label":"Title","Locale":"es_ES"}},"Offers":{"Summaries":[{"Condition":{"Value":"New"},"LowestPrice":{"Amount":6.75,"Currency":"EUR","DisplayAmount":"6,75 €"}}]}},{"ASIN":"B019IO0QGQ","DetailPageURL":"https://www.amazon.es/dp/B019IO0QGQ?tag=topinalambricos-21&linkCode=osi&th=1&psc=1","Images":{"Primary":{"Small":{"Height":75,"URL":"https://m.media-amazon.com/images/I/41ls88ipMNL._SL75_.jpg","Width":75}}},"ItemInfo":{"ByLineInfo":{"Brand":{"DisplayValue":"COLOURLOCK","Label":"Brand","Locale":"es_ES"},"Manufacturer":{"DisplayValue":"Lederzentrum","Label":"Manufacturer","Locale":"es_ES"}},"Title":{"DisplayValue":"COLOURLOCK Kit Mantenimiento Cuero/Piel con Limpiador Suave Limpia, Mantiene y Protege el Cuero de sofás, Coches, Bolsos, Ropa","Label":"Title","Locale":"es_ES"}},"Offers":{"Summaries":[{"Condition":{"Value":"New"},"LowestPrice":{"Amount":30.0,"Currency":"EUR","DisplayAmount":"30,00 €"}}]}},{"ASIN":"B019QBEPUO","DetailPageURL":"https://www.amazon.es/dp/B019QBEPUO?tag=topinalambricos-21&linkCode=osi&th=1&psc=1","Images":{"Primary":{"Small":{"Height":75,"URL":"https://m.media-amazon.com/images/I/41-sgphKIZL._SL75_.jpg","Width":75}}},"ItemInfo":{"ByLineInfo":{"Brand":{"DisplayValue":"COLOURLOCK","Label":"Brand","Locale":"es_ES"},"Manufacturer":{"DisplayValue":"Lederzentrum","Label":"Manufacturer","Locale":"es_ES"}},"Title":{"DisplayValue":"COLOURLOCK Kit restauración Cuero/Piel F034 (Negro), Limpia, restaura el Color y Protege el Cuero en Coches, sofás, Ropa, Bolsos …","Label":"Title","Locale":"es_ES"}},"Offers":{"Summaries":[{"Condition":{"Value":"New"},"LowestPrice":{"Amount":59.0,"Currency":"EUR","DisplayAmount":"59,00 €"}}]}},{"ASIN":"B01EYUMQOY","DetailPageURL":"https://www.amazon.es/dp/B01EYUMQOY?tag=topinalambricos-21&linkCode=osi&th=1&psc=1","Images":{"Primary":{"Small":{"Height":75,"URL":"https://m.media-amazon.com/images/I/41RHAlKE20L._SL75_.jpg","Width":75}}},"ItemInfo":{"ByLineInfo":{"Brand":{"DisplayValue":"COLOURLOCK","Label":"Brand","Locale":"es_ES"},"Manufacturer":{"DisplayValue":"Lederzentrum","Label":"Manufacturer","Locale":"es_ES"}},"Title":{"DisplayValue":"COLOURLOCK Kit restauración Cuero/Piel F002 (Blanco Roto ESTÁNDAR), Limpia, restaura el Color y Protege el Cuero en Coches, sofás, Ropa, Bolsos","Label":"Title","Locale":"es_ES"}},"Offers":{"Summaries":[{"Condition":{"Value":"New"},"LowestPrice":{"Amount":60.0,"Currency":"EUR","DisplayAmount":"60,00 €"}}]}},{"ASIN":"B07SL4WY1W","DetailPageURL":"https://www.amazon.es/dp/B07SL4WY1W?tag=topinalambricos-21&linkCode=osi&th=1&psc=1","Images":{"Primary":{"Small":{"Height":75,"URL":"https://m.media-amazon.com/images/I/4150jn7SysL._SL75_.jpg","Width":75}}},"ItemInfo":{"ByLineInfo":{"Brand":{"DisplayValue":"Maddox Detail","Label":"Brand","Locale":"es_ES"},"Manufacturer":{"DisplayValue":"Maddox Automoción SL","Label":"Manufacturer","Locale":"es_ES"}},"Title":{"DisplayValue":"Maddox Detail - Leather Detailer - Limpiador de Cuero y Piel. 500 ml. Limpia Tapicerias de Cuero y Piel de forma Rápido y sin Esfuerzo. Limpia Asientos Coche Cuero y Piel","Label":"Title","Locale":"es_ES"}},"Offers":{"Summaries":[{"Condition":{"Value":"New"},"LowestPrice":{"Amount":8.69,"Currency":"EUR","DisplayAmount":"8,69 € (17,38 € / l)","PricePerUnit":17.38}}]}},{"ASIN":"B00HU6N3LK","DetailPageURL":"https://www.amazon.es/dp/B00HU6N3LK?tag=topinalambricos-21&linkCode=osi&th=1&psc=1","Images":{"Primary":{"Small":{"Height":75,"URL":"https://m.media-amazon.com/images/I/31ENxP9tHXL._SL75_.jpg","Width":75}}},"ItemInfo":{"ByLineInfo":{"Brand":{"DisplayValue":"Leather Honey","Label":"Brand","Locale":"es_ES"},"Manufacturer":{"DisplayValue":"Leather Honey","Label":"Manufacturer","Locale":"es_ES"}},"Title":{"DisplayValue":"Leather Honey Limpiador de Cuero - Producto de Primera Calidad para Ropa de Vinilo y Cuero, Muebles, Interiores de Automóviles, Zapatos y Accesorios, Fórmula Concentrada, de 946 ml Cuando se Diluye","Label":"Title","Locale":"es_ES"}},"Offers":{"Summaries":[{"Condition":{"Value":"New"},"LowestPrice":{"Amount":24.95,"Currency":"EUR","DisplayAmount":"24,95 € (211,08 € / l)","PricePerUnit":211.08}}]}}],"SearchURL":"https://www.amazon.es/s?k=limpiar+ropa+cuero&rh=n%3A2424866031%2Cp_n_availability%3A-1&tag=topinalambricos-21&linkCode=osi","TotalResultCount":79}},"261":{"SearchResult":{"Items":[{"ASIN":"B0953HGNXL","DetailPageURL":"https://www.amazon.es/dp/B0953HGNXL?tag=topinalambricos-21&linkCode=osi&th=1&psc=1","Images":{"Primary":{"Small":{"Height":75,"URL":"https://m.media-amazon.com/images/I/41k049Oy7YS._SL75_.jpg","Width":75}}},"ItemInfo":{"ByLineInfo":{"Brand":{"DisplayValue":"BUDOCI","Label":"Brand","Locale":"es_ES"},"Manufacturer":{"DisplayValue":"BUDOCI","Label":"Manufacturer","Locale":"es_ES"}},"Title":{"DisplayValue":"BUDOCI Kits de reparación de Cuero,12 Colores Crema De Reparación De Cuero, Kit de reparación para Asientos de Automóvil,Muebles, Abrigos de sofá, Chaqueta de Cuero","Label":"Title","Locale":"es_ES"}},"Offers":{"Summaries":[{"Condition":{"Value":"New"},"LowestPrice":{"Amount":16.99,"Currency":"EUR","DisplayAmount":"16,99 €"}}]}},{"ASIN":"B09ZDRQKBK","DetailPageURL":"https://www.amazon.es/dp/B09ZDRQKBK?tag=topinalambricos-21&linkCode=osi&th=1&psc=1","Images":{"Primary":{"Small":{"Height":75,"URL":"https://m.media-amazon.com/images/I/41dp4UeZ6XL._SL75_.jpg","Width":75}}},"ItemInfo":{"ByLineInfo":{"Brand":{"DisplayValue":"TUKNON","Label":"Brand","Locale":"es_ES"},"Manufacturer":{"DisplayValue":"TUKNON","Label":"Manufacturer","Locale":"es_ES"}},"Title":{"DisplayValue":"Reparador Cuero, Limpiador Cuero Coche, Reparador Cuero Coche, Limpiador De Cuero, Leather Repair Kit, Reparador Cuero Negro, Leather Repair Cream, Limpia Cuero Coche, Kits De Reparación De Cuero","Label":"Title","Locale":"es_ES"}},"Offers":{"Summaries":[{"Condition":{"Value":"New"},"LowestPrice":{"Amount":13.99,"Currency":"EUR","DisplayAmount":"13,99 €"}}]}},{"ASIN":"B09KRTQZFW","DetailPageURL":"https://www.amazon.es/dp/B09KRTQZFW?tag=topinalambricos-21&linkCode=osi&th=1&psc=1","Images":{"Primary":{"Small":{"Height":73,"URL":"https://m.media-amazon.com/images/I/51JlAepfuSL._SL75_.jpg","Width":75}}},"ItemInfo":{"ByLineInfo":{"Brand":{"DisplayValue":"Endhokn","Label":"Brand","Locale":"es_ES"},"Manufacturer":{"DisplayValue":"Hangzhou Guyang Technology Co., Ltd","Label":"Manufacturer","Locale":"es_ES"}},"Title":{"DisplayValue":"Kits de Reparación de Cuero, Endhokn Kit de Renovación de Cuero y Polipiel Asientos Para Automóviles Sofá Zapatos Arañazos, Abrasiones, Relleno Agujeros Crema de Reparación de Cuero（3 Negro 2 Blanco）","Label":"Title","Locale":"es_ES"}},"Offers":{"Summaries":[{"Condition":{"Value":"Used"},"LowestPrice":{"Amount":21.38,"Currency":"EUR","DisplayAmount":"21,38 €"}},{"Condition":{"Value":"New"},"LowestPrice":{"Amount":22.99,"Currency":"EUR","DisplayAmount":"22,99 €"}}]}},{"ASIN":"B00X80R28C","DetailPageURL":"https://www.amazon.es/dp/B00X80R28C?tag=topinalambricos-21&linkCode=osi&th=1&psc=1","Images":{"Primary":{"Small":{"Height":60,"URL":"https://m.media-amazon.com/images/I/41L7mq1TTjL._SL75_.jpg","Width":75}}},"ItemInfo":{"ByLineInfo":{"Brand":{"DisplayValue":"KITAUTOS","Label":"Brand","Locale":"es_ES"},"Manufacturer":{"DisplayValue":"KITAUTOS","Label":"Manufacturer","Locale":"es_ES"}},"Title":{"DisplayValue":"KITAUTOS kivp Kit Restaurador Volantes De Piel Y Plastico Color Negro","Label":"Title","Locale":"es_ES"}},"Offers":{"Summaries":[{"Condition":{"Value":"New"},"LowestPrice":{"Amount":24.5,"Currency":"EUR","DisplayAmount":"24,50 €"}}]}},{"ASIN":"B08LG99CC5","DetailPageURL":"https://www.amazon.es/dp/B08LG99CC5?tag=topinalambricos-21&linkCode=osi&th=1&psc=1","Images":{"Primary":{"Small":{"Height":75,"URL":"https://m.media-amazon.com/images/I/41iKXmFte7L._SL75_.jpg","Width":75}}},"ItemInfo":{"ByLineInfo":{"Brand":{"DisplayValue":"SCOBUTY","Label":"Brand","Locale":"es_ES"},"Manufacturer":{"DisplayValue":"SCOBUTY","Label":"Manufacturer","Locale":"es_ES"}},"Title":{"DisplayValue":"SCOBUTY Crema De Reparación De Cuero,Crema Reparadora De Cuero,Crema de Renovación de Cuero, Reparación y Protección de Arañazos en Cuero para Asientos de Automóvil, Sofás, Abrigos de Cuero, Negro","Label":"Title","Locale":"es_ES"}},"Offers":{"Summaries":[{"Condition":{"Value":"New"},"LowestPrice":{"Amount":17.49,"Currency":"EUR","DisplayAmount":"17,49 €"}}]}},{"ASIN":"B08T1F9HHY","DetailPageURL":"https://www.amazon.es/dp/B08T1F9HHY?tag=topinalambricos-21&linkCode=osi&th=1&psc=1","Images":{"Primary":{"Small":{"Height":75,"URL":"https://m.media-amazon.com/images/I/41Y80ZyBfGL._SL75_.jpg","Width":75}}},"ItemInfo":{"ByLineInfo":{"Brand":{"DisplayValue":"Runsmooth","Label":"Brand","Locale":"es_ES"},"Manufacturer":{"DisplayValue":"Runsmooth","Label":"Manufacturer","Locale":"es_ES"}},"Title":{"DisplayValue":"Runsmooth Kit de reparación de Cuero Blanco y Vinilo de 2 Piezas, Crema de reparación de arañazos de Cuero para Muebles, sofá, Asientos de Coche, sofá, Chaqueta, Zapatos, Bolsas","Label":"Title","Locale":"es_ES"}},"Offers":{"Summaries":[{"Condition":{"Value":"New"},"LowestPrice":{"Amount":8.09,"Currency":"EUR","DisplayAmount":"8,09 €"}}]}},{"ASIN":"B08GSBCMMJ","DetailPageURL":"https://www.amazon.es/dp/B08GSBCMMJ?tag=topinalambricos-21&linkCode=osi&th=1&psc=1","Images":{"Primary":{"Small":{"Height":75,"URL":"https://m.media-amazon.com/images/I/41CWAAkt-kL._SL75_.jpg","Width":75}}},"ItemInfo":{"ByLineInfo":{"Brand":{"DisplayValue":"Vintoney","Label":"Brand","Locale":"es_ES"},"Manufacturer":{"DisplayValue":"Vintoney","Label":"Manufacturer","Locale":"es_ES"}},"Title":{"DisplayValue":"Bálsamo Recolorante de Cuero, Crema Reparadora de Cuero para Limpiador de Cuero para Proteger y Restaurar Adecuado para ser Utilizado en Sofá de Piel, Chaqueta, Zapatos e Interior del Coche","Label":"Title","Locale":"es_ES"}},"Offers":{"Summaries":[{"Condition":{"Value":"New"},"LowestPrice":{"Amount":12.99,"Currency":"EUR","DisplayAmount":"12,99 €"}}]}},{"ASIN":"B08ZT2NCCN","DetailPageURL":"https://www.amazon.es/dp/B08ZT2NCCN?tag=topinalambricos-21&linkCode=osi&th=1&psc=1","Images":{"Primary":{"Small":{"Height":75,"URL":"https://m.media-amazon.com/images/I/41wFjAPisVL._SL75_.jpg","Width":75}}},"ItemInfo":{"ByLineInfo":{"Brand":{"DisplayValue":"VEHICULUX","Label":"Brand","Locale":"es_ES"},"Manufacturer":{"DisplayValue":"Vivere GmbH","Label":"Manufacturer","Locale":"es_ES"}},"Title":{"DisplayValue":"VEHICULUX Acondicionador Cuero Coche Natural - Hidratador de Cuero Coche, Crema para Asientos de Cuero Coche - Tratamiento Cuero Coche sin Residuos Grasos - Complemento a Limpiador Cuero Coche, 250ml","Label":"Title","Locale":"es_ES"}},"Offers":{"Summaries":[{"Condition":{"Value":"New"},"LowestPrice":{"Amount":13.3,"Currency":"EUR","DisplayAmount":"13,30 €"}}]}},{"ASIN":"B077M88H6F","DetailPageURL":"https://www.amazon.es/dp/B077M88H6F?tag=topinalambricos-21&linkCode=osi&th=1&psc=1","Images":{"Primary":{"Small":{"Height":75,"URL":"https://m.media-amazon.com/images/I/31B1a68vOpL._SL75_.jpg","Width":19}}},"ItemInfo":{"ByLineInfo":{"Brand":{"DisplayValue":"SOFOLK DEPUIS 1989","Label":"Brand","Locale":"es_ES"},"Manufacturer":{"DisplayValue":"SOFOLK","Label":"Manufacturer","Locale":"es_ES"}},"Title":{"DisplayValue":"Sofolk - Aceite nutritivo para Cuero de Buey - Cuidado e impermeabilización del Cuero - hidrata y suaviza Incluso el Cuero Agrietado - Sin Olor, fabricación Francesa - 200 ml","Label":"Title","Locale":"es_ES"}},"Offers":{"Summaries":[{"Condition":{"Value":"New"},"LowestPrice":{"Amount":19.99,"Currency":"EUR","DisplayAmount":"19,99 €"}}]}},{"ASIN":"B007DJ566O","DetailPageURL":"https://www.amazon.es/dp/B007DJ566O?tag=topinalambricos-21&linkCode=osi&th=1&psc=1","Images":{"Primary":{"Small":{"Height":75,"URL":"https://m.media-amazon.com/images/I/51xdLm2FQNL._SL75_.jpg","Width":67}}},"ItemInfo":{"ByLineInfo":{"Brand":{"DisplayValue":"DELARA","Label":"Brand","Locale":"es_ES"},"Manufacturer":{"DisplayValue":"SportsCentre","Label":"Manufacturer","Locale":"es_ES"}},"Title":{"DisplayValue":"DELARA Protector intensivo de Cuero 75 ml, Color: incoloro – Made in Germany","Label":"Title","Locale":"es_ES"}},"Offers":{"Summaries":[{"Condition":{"Value":"New"},"LowestPrice":{"Amount":10.99,"Currency":"EUR","DisplayAmount":"10,99 €"}}]}}],"SearchURL":"https://www.amazon.es/s?k=productos+reparacion&rh=n%3A2424866031%2Cp_n_availability%3A-1&tag=topinalambricos-21&linkCode=osi","TotalResultCount":222}},"262":{"SearchResult":{"Items":[{"ASIN":"B08Z3MVN21","DetailPageURL":"https://www.amazon.es/dp/B08Z3MVN21?tag=topinalambricos-21&linkCode=osi&th=1&psc=1","Images":{"Primary":{"Small":{"Height":75,"URL":"https://m.media-amazon.com/images/I/31TUmpkFViS._SL75_.jpg","Width":59}}},"ItemInfo":{"ByLineInfo":{"Brand":{"DisplayValue":"QWORK","Label":"Brand","Locale":"es_ES"},"Manufacturer":{"DisplayValue":"QWORK","Label":"Manufacturer","Locale":"es_ES"}},"Title":{"DisplayValue":"QWORK Juego de Cuero Skiver con 6 Piezas de Cuchillas Reemplazables para la Fabricación de Artesanías de Cuero","Label":"Title","Locale":"es_ES"}},"Offers":{"Summaries":[{"Condition":{"Value":"New"},"LowestPrice":{"Amount":14.99,"Currency":"EUR","DisplayAmount":"14,99 €"}}]}},{"ASIN":"B08SLTXL13","DetailPageURL":"https://www.amazon.es/dp/B08SLTXL13?tag=topinalambricos-21&linkCode=osi&th=1&psc=1","Images":{"Primary":{"Small":{"Height":75,"URL":"https://m.media-amazon.com/images/I/41PmnRYk3EL._SL75_.jpg","Width":75}}},"ItemInfo":{"ByLineInfo":{"Brand":{"DisplayValue":"Hztyyier","Label":"Brand","Locale":"es_ES"},"Manufacturer":{"DisplayValue":"Hztyyier","Label":"Manufacturer","Locale":"es_ES"}},"Title":{"DisplayValue":"400 juegos de tachuelas de punta cuadrada de cuatro mandíbulas, remaches de punta cuadrada para manualidades en cuero DIY, tachuelas de punta cuadrada(6mm-Plata)","Label":"Title","Locale":"es_ES"}},"Offers":{"Summaries":[{"Condition":{"Value":"New"},"LowestPrice":{"Amount":10.1,"Currency":"EUR","DisplayAmount":"10,10 €"}}]}},{"ASIN":"B09ZXT5DP8","DetailPageURL":"https://www.amazon.es/dp/B09ZXT5DP8?tag=topinalambricos-21&linkCode=osi&th=1&psc=1","Images":{"Primary":{"Small":{"Height":75,"URL":"https://m.media-amazon.com/images/I/515F4-X7xCL._SL75_.jpg","Width":75}}},"ItemInfo":{"ByLineInfo":{"Brand":{"DisplayValue":"Techfection","Label":"Brand","Locale":"es_ES"},"Manufacturer":{"DisplayValue":"Techfection","Label":"Manufacturer","Locale":"es_ES"}},"Title":{"DisplayValue":"Techfection Kit de Cuero Herramientas de Costura de Cuero para Costura artesanía Herramienta de Bricolaje de artesanía de Cuero para Manualidades Juegos Herramienta de Artesanía para Bricolaje DIY","Label":"Title","Locale":"es_ES"}},"Offers":{"Summaries":[{"Condition":{"Value":"New"},"LowestPrice":{"Amount":55.99,"Currency":"EUR","DisplayAmount":"55,99 €"}}]}},{"ASIN":"B07YQSLN2C","DetailPageURL":"https://www.amazon.es/dp/B07YQSLN2C?tag=topinalambricos-21&linkCode=osi&th=1&psc=1","Images":{"Primary":{"Small":{"Height":75,"URL":"https://m.media-amazon.com/images/I/41x06FXFG4L._SL75_.jpg","Width":75}}},"ItemInfo":{"ByLineInfo":{"Brand":{"DisplayValue":"Hztyyier","Label":"Brand","Locale":"es_ES"},"Manufacturer":{"DisplayValue":"Hztyyier","Label":"Manufacturer","Locale":"es_ES"}},"Title":{"DisplayValue":"20 piezas Remaches metálicos planos Tornillos de fijación de Postes Kit de surtido para álbumes de fotos Álbumes de fotos Reparación de cuero(8mm)","Label":"Title","Locale":"es_ES"}},"Offers":{"Summaries":[{"Condition":{"Value":"New"},"LowestPrice":{"Amount":6.84,"Currency":"EUR","DisplayAmount":"6,84 €"}}]}},{"ASIN":"B07BJKT4X4","DetailPageURL":"https://www.amazon.es/dp/B07BJKT4X4?tag=topinalambricos-21&linkCode=osi&th=1&psc=1","Images":{"Primary":{"Small":{"Height":75,"URL":"https://m.media-amazon.com/images/I/41YKVUSc5cL._SL75_.jpg","Width":75}}},"ItemInfo":{"ByLineInfo":{"Brand":{"DisplayValue":"ULTNICE","Label":"Brand","Locale":"es_ES"}},"Title":{"DisplayValue":"ULTNICE 7pcs Leather Craft Stitching Groover Edger Beveler Leather Working Kit de Herramientas","Label":"Title","Locale":"es_ES"}},"Offers":{"Summaries":[{"Condition":{"Value":"New"},"LowestPrice":{"Amount":10.99,"Currency":"EUR","DisplayAmount":"10,99 €"}}]}},{"ASIN":"B08CZVQ2DG","DetailPageURL":"https://www.amazon.es/dp/B08CZVQ2DG?tag=topinalambricos-21&linkCode=osi&th=1&psc=1","Images":{"Primary":{"Small":{"Height":75,"URL":"https://m.media-amazon.com/images/I/419EZ507UAL._SL75_.jpg","Width":75}}},"ItemInfo":{"ByLineInfo":{"Brand":{"DisplayValue":"Garosa","Label":"Brand","Locale":"es_ES"},"Manufacturer":{"DisplayValue":"Garosa","Label":"Manufacturer","Locale":"es_ES"}},"Title":{"DisplayValue":"Herramienta de costura de cuero con cabeza de punta diferente Juego de herramientas de punzón de agujero de espaciado de 3 piezas para costura artesanal de cuero de cincel de bricolaje(8mm)","Label":"Title","Locale":"es_ES"}},"Offers":{"Summaries":[{"Condition":{"Value":"New"},"LowestPrice":{"Amount":29.71,"Currency":"EUR","DisplayAmount":"29,71 €"}}]}},{"ASIN":"B094QYXYYX","DetailPageURL":"https://www.amazon.es/dp/B094QYXYYX?tag=topinalambricos-21&linkCode=osi&th=1&psc=1","Images":{"Primary":{"Small":{"Height":75,"URL":"https://m.media-amazon.com/images/I/51+ErBGW5ML._SL75_.jpg","Width":75}}},"ItemInfo":{"ByLineInfo":{"Brand":{"DisplayValue":"Tnfeeon","Label":"Brand","Locale":"es_ES"},"Manufacturer":{"DisplayValue":"Tnfeeon","Label":"Manufacturer","Locale":"es_ES"}},"Title":{"DisplayValue":"Tnfeeon 100 Piezas de Doble Tapa Remache Tubular Metal Cuero artesanía Reparaciones Tachuelas decoración artesanía DIY(Latón Antiguo)","Label":"Title","Locale":"es_ES"}},"Offers":{"Summaries":[{"Condition":{"Value":"New"},"LowestPrice":{"Amount":6.06,"Currency":"EUR","DisplayAmount":"6,06 €"}}]}},{"ASIN":"B09VGRZMM8","DetailPageURL":"https://www.amazon.es/dp/B09VGRZMM8?tag=topinalambricos-21&linkCode=osi&th=1&psc=1","Images":{"Primary":{"Small":{"Height":75,"URL":"https://m.media-amazon.com/images/I/51z9SmKr8tL._SL75_.jpg","Width":75}}},"ItemInfo":{"ByLineInfo":{"Brand":{"DisplayValue":"Basetousual","Label":"Brand","Locale":"es_ES"},"Manufacturer":{"DisplayValue":"Basetousual","Label":"Manufacturer","Locale":"es_ES"}},"Title":{"DisplayValue":"Basetousual 20 Piezas Remaches de Cuero, Remaches de Cabeza Plana, Remaches de Seta Planos de Metal, Para Billetera Artesanía de Cuero DIY Accesorios Decorativos Hechos a Mano","Label":"Title","Locale":"es_ES"}},"Offers":{"Summaries":[{"Condition":{"Value":"New"},"LowestPrice":{"Amount":9.99,"Currency":"EUR","DisplayAmount":"9,99 €"}}]}},{"ASIN":"B0BDXP1ZYX","DetailPageURL":"https://www.amazon.es/dp/B0BDXP1ZYX?tag=topinalambricos-21&linkCode=osi&th=1&psc=1","Images":{"Primary":{"Small":{"Height":75,"URL":"https://m.media-amazon.com/images/I/51M8ifEidNL._SL75_.jpg","Width":75}}},"ItemInfo":{"ByLineInfo":{"Brand":{"DisplayValue":"TAIYOU","Label":"Brand","Locale":"es_ES"},"Manufacturer":{"DisplayValue":"TAIYOU","Label":"Manufacturer","Locale":"es_ES"}},"Title":{"DisplayValue":"TAIYOU 50 Conjuntos Botón Remache Cuero Remaches Redondos Remache de Dorado Botones de Cabeza Redonda para Bricolaje Cinturón Cartera Pantalones Cuero Cinturones Artesanía Cuaderno Retro 5.5 mm","Label":"Title","Locale":"es_ES"}},"Offers":{"Summaries":[{"Condition":{"Value":"New"},"LowestPrice":{"Amount":8.59,"Currency":"EUR","DisplayAmount":"8,59 €"}}]}},{"ASIN":"B07X2XCMDM","DetailPageURL":"https://www.amazon.es/dp/B07X2XCMDM?tag=topinalambricos-21&linkCode=osi&th=1&psc=1","Images":{"Primary":{"Small":{"Height":75,"URL":"https://m.media-amazon.com/images/I/416PrVVvEgL._SL75_.jpg","Width":75}}},"ItemInfo":{"ByLineInfo":{"Brand":{"DisplayValue":"Opaltool","Label":"Brand","Locale":"es_ES"},"Manufacturer":{"DisplayValue":"Movospeed","Label":"Manufacturer","Locale":"es_ES"}},"Title":{"DisplayValue":"27 piezas Herramientas de trabajo de estampado de cuero, Kit de tallado manual para manualidades, conjunto de sellos de diferentes formas, fabricación de sillines, perforador de bricolaje","Label":"Title","Locale":"es_ES"}},"Offers":{"Summaries":[{"Condition":{"Value":"New"},"LowestPrice":{"Amount":38.99,"Currency":"EUR","DisplayAmount":"38,99 €"}}]}}],"SearchURL":"https://www.amazon.es/s?k=cuero&rh=n%3A4358253031%2Cp_n_availability%3A-1&tag=topinalambricos-21&linkCode=osi","TotalResultCount":10587}},"263":{"SearchResult":{"Items":[{"ASIN":"B00X80R28C","DetailPageURL":"https://www.amazon.es/dp/B00X80R28C?tag=topinalambricos-21&linkCode=osi&th=1&psc=1","Images":{"Primary":{"Small":{"Height":60,"URL":"https://m.media-amazon.com/images/I/41L7mq1TTjL._SL75_.jpg","Width":75}}},"ItemInfo":{"ByLineInfo":{"Brand":{"DisplayValue":"KITAUTOS","Label":"Brand","Locale":"es_ES"},"Manufacturer":{"DisplayValue":"KITAUTOS","Label":"Manufacturer","Locale":"es_ES"}},"Title":{"DisplayValue":"KITAUTOS kivp Kit Restaurador Volantes De Piel Y Plastico Color Negro","Label":"Title","Locale":"es_ES"}},"Offers":{"Summaries":[{"Condition":{"Value":"New"},"LowestPrice":{"Amount":24.5,"Currency":"EUR","DisplayAmount":"24,50 €"}}]}},{"ASIN":"B00YAXS0SW","DetailPageURL":"https://www.amazon.es/dp/B00YAXS0SW?tag=topinalambricos-21&linkCode=osi&th=1&psc=1","Images":{"Primary":{"Small":{"Height":68,"URL":"https://m.media-amazon.com/images/I/41PoZgvARzL._SL75_.jpg","Width":75}}},"ItemInfo":{"ByLineInfo":{"Brand":{"DisplayValue":"KITAUTOS","Label":"Brand","Locale":"es_ES"},"Manufacturer":{"DisplayValue":"KITAUTOS","Label":"Manufacturer","Locale":"es_ES"}},"Title":{"DisplayValue":"KITAUTOS KRTP1 Kit restauracion tapicerias de Piel,Color Negro, 15","Label":"Title","Locale":"es_ES"}},"Offers":{"Summaries":[{"Condition":{"Value":"New"},"LowestPrice":{"Amount":15.0,"Currency":"EUR","DisplayAmount":"15,00 €"}}]}},{"ASIN":"B078WD9X5D","DetailPageURL":"https://www.amazon.es/dp/B078WD9X5D?tag=topinalambricos-21&linkCode=osi&th=1&psc=1","Images":{"Primary":{"Small":{"Height":75,"URL":"https://m.media-amazon.com/images/I/41JjELuiZ6L._SL75_.jpg","Width":75}}},"ItemInfo":{"ByLineInfo":{"Brand":{"DisplayValue":"COLOURLOCK","Label":"Brand","Locale":"es_ES"},"Manufacturer":{"DisplayValue":"Lederzentrum GmbH","Label":"Manufacturer","Locale":"es_ES"}},"Title":{"DisplayValue":"Juego de reparación de cuero para el volante, negro","Label":"Title","Locale":"es_ES"}},"Offers":{"Summaries":[{"Condition":{"Value":"New"},"LowestPrice":{"Amount":40.76,"Currency":"EUR","DisplayAmount":"40,76 €"}}]}},{"ASIN":"B07HB1RZBX","DetailPageURL":"https://www.amazon.es/dp/B07HB1RZBX?tag=topinalambricos-21&linkCode=osi&th=1&psc=1","Images":{"Primary":{"Small":{"Height":75,"URL":"https://m.media-amazon.com/images/I/31fkQVHYnBL._SL75_.jpg","Width":75}}},"ItemInfo":{"ByLineInfo":{"Brand":{"DisplayValue":"SOFOLK DEPUIS 1989","Label":"Brand","Locale":"es_ES"},"Manufacturer":{"DisplayValue":"SOFOLK","Label":"Manufacturer","Locale":"es_ES"}},"Title":{"DisplayValue":"Sofolk - Kit de retoque Pintura Cuero/Cuero de imitación - Tinte para Volante de Coche, Asiento de Coche, sofás, Zapatos, Chaquetas y Ropa - Cuero dañado, Rayado, arañado, Descolorido (01-Negro)","Label":"Title","Locale":"es_ES"}},"Offers":{"Summaries":[{"Condition":{"Value":"New"},"LowestPrice":{"Amount":17.99,"Currency":"EUR","DisplayAmount":"17,99 €"}}]}},{"ASIN":"B09ZDRQKBK","DetailPageURL":"https://www.amazon.es/dp/B09ZDRQKBK?tag=topinalambricos-21&linkCode=osi&th=1&psc=1","Images":{"Primary":{"Small":{"Height":75,"URL":"https://m.media-amazon.com/images/I/41dp4UeZ6XL._SL75_.jpg","Width":75}}},"ItemInfo":{"ByLineInfo":{"Brand":{"DisplayValue":"TUKNON","Label":"Brand","Locale":"es_ES"},"Manufacturer":{"DisplayValue":"TUKNON","Label":"Manufacturer","Locale":"es_ES"}},"Title":{"DisplayValue":"Reparador Cuero, Limpiador Cuero Coche, Reparador Cuero Coche, Limpiador De Cuero, Leather Repair Kit, Reparador Cuero Negro, Leather Repair Cream, Limpia Cuero Coche, Kits De Reparación De Cuero","Label":"Title","Locale":"es_ES"}},"Offers":{"Summaries":[{"Condition":{"Value":"New"},"LowestPrice":{"Amount":13.99,"Currency":"EUR","DisplayAmount":"13,99 €"}}]}},{"ASIN":"B08T1F9HHY","DetailPageURL":"https://www.amazon.es/dp/B08T1F9HHY?tag=topinalambricos-21&linkCode=osi&th=1&psc=1","Images":{"Primary":{"Small":{"Height":75,"URL":"https://m.media-amazon.com/images/I/41Y80ZyBfGL._SL75_.jpg","Width":75}}},"ItemInfo":{"ByLineInfo":{"Brand":{"DisplayValue":"Runsmooth","Label":"Brand","Locale":"es_ES"},"Manufacturer":{"DisplayValue":"Runsmooth","Label":"Manufacturer","Locale":"es_ES"}},"Title":{"DisplayValue":"Runsmooth Kit de reparación de Cuero Blanco y Vinilo de 2 Piezas, Crema de reparación de arañazos de Cuero para Muebles, sofá, Asientos de Coche, sofá, Chaqueta, Zapatos, Bolsas","Label":"Title","Locale":"es_ES"}},"Offers":{"Summaries":[{"Condition":{"Value":"New"},"LowestPrice":{"Amount":8.09,"Currency":"EUR","DisplayAmount":"8,09 €"}}]}},{"ASIN":"B088NYY7QX","DetailPageURL":"https://www.amazon.es/dp/B088NYY7QX?tag=topinalambricos-21&linkCode=osi&th=1&psc=1","Images":{"Primary":{"Small":{"Height":75,"URL":"https://m.media-amazon.com/images/I/513X-9HY1CL._SL75_.jpg","Width":75}}},"ItemInfo":{"ByLineInfo":{"Brand":{"DisplayValue":"AutoFullCar","Label":"Brand","Locale":"es_ES"},"Manufacturer":{"DisplayValue":"AutoFullCar","Label":"Manufacturer","Locale":"es_ES"}},"Title":{"DisplayValue":"AutoFullCar - KIT RESTAURADOR VOLANTES CUERO FullCarX by Full Dip color negro | RENUEVA RESTAURA HIDRATA","Label":"Title","Locale":"es_ES"}},"Offers":{"Summaries":[{"Condition":{"Value":"New"},"LowestPrice":{"Amount":32.99,"Currency":"EUR","DisplayAmount":"32,99 €"}}]}},{"ASIN":"B019QMITSM","DetailPageURL":"https://www.amazon.es/dp/B019QMITSM?tag=topinalambricos-21&linkCode=osi&th=1&psc=1","Images":{"Primary":{"Small":{"Height":75,"URL":"https://m.media-amazon.com/images/I/51ns0b6BWmL._SL75_.jpg","Width":75}}},"ItemInfo":{"ByLineInfo":{"Brand":{"DisplayValue":"COLOURLOCK","Label":"Brand","Locale":"es_ES"}},"Title":{"DisplayValue":"COLOURLOCK Tinte reparador Cuero/Piel F034 (Negro), 30 ml restaura el Color del Cuero en Coches, sofás, Ropa, Bolsos","Label":"Title","Locale":"es_ES"}},"Offers":{"Summaries":[{"Condition":{"Value":"New"},"LowestPrice":{"Amount":13.25,"Currency":"EUR","DisplayAmount":"13,25 € (441,67 € / l)","PricePerUnit":441.67}}]}},{"ASIN":"B09T2ZTNQJ","DetailPageURL":"https://www.amazon.es/dp/B09T2ZTNQJ?tag=topinalambricos-21&linkCode=osi&th=1&psc=1","Images":{"Primary":{"Small":{"Height":75,"URL":"https://m.media-amazon.com/images/I/51S78WBDItL._SL75_.jpg","Width":61}}},"ItemInfo":{"ByLineInfo":{"Brand":{"DisplayValue":"Ledertechnik","Label":"Brand","Locale":"es_ES"},"Manufacturer":{"DisplayValue":"LEDERTECHNIK","Label":"Manufacturer","Locale":"es_ES"}},"Title":{"DisplayValue":"Leather-Doc Set de reparación de volantes, pintura para cuero genuino y de imitación, color negro","Label":"Title","Locale":"es_ES"}},"Offers":{"Summaries":[{"Condition":{"Value":"New"},"LowestPrice":{"Amount":22.95,"Currency":"EUR","DisplayAmount":"22,95 €"}}]}},{"ASIN":"B09KRTQZFW","DetailPageURL":"https://www.amazon.es/dp/B09KRTQZFW?tag=topinalambricos-21&linkCode=osi&th=1&psc=1","Images":{"Primary":{"Small":{"Height":73,"URL":"https://m.media-amazon.com/images/I/51JlAepfuSL._SL75_.jpg","Width":75}}},"ItemInfo":{"ByLineInfo":{"Brand":{"DisplayValue":"Endhokn","Label":"Brand","Locale":"es_ES"},"Manufacturer":{"DisplayValue":"Hangzhou Guyang Technology Co., Ltd","Label":"Manufacturer","Locale":"es_ES"}},"Title":{"DisplayValue":"Kits de Reparación de Cuero, Endhokn Kit de Renovación de Cuero y Polipiel Asientos Para Automóviles Sofá Zapatos Arañazos, Abrasiones, Relleno Agujeros Crema de Reparación de Cuero（3 Negro 2 Blanco）","Label":"Title","Locale":"es_ES"}},"Offers":{"Summaries":[{"Condition":{"Value":"Used"},"LowestPrice":{"Amount":21.38,"Currency":"EUR","DisplayAmount":"21,38 €"}},{"Condition":{"Value":"New"},"LowestPrice":{"Amount":22.99,"Currency":"EUR","DisplayAmount":"22,99 €"}}]}}],"SearchURL":"https://www.amazon.es/s?k=reparar+volante&rh=n%3A2424866031%2Cp_n_availability%3A-1&tag=topinalambricos-21&linkCode=osi","TotalResultCount":152}},"264":{"SearchResult":{"Items":[{"ASIN":"B07QVFFV5P","DetailPageURL":"https://www.amazon.es/dp/B07QVFFV5P?tag=topinalambricos-21&linkCode=osi&th=1&psc=1","Images":{"Primary":{"Small":{"Height":75,"URL":"https://m.media-amazon.com/images/I/515PemWPjVL._SL75_.jpg","Width":75}}},"ItemInfo":{"ByLineInfo":{"Brand":{"DisplayValue":"Coconix","Label":"Brand","Locale":"es_ES"},"Manufacturer":{"DisplayValue":"Coconix","Label":"Manufacturer","Locale":"es_ES"}},"Title":{"DisplayValue":"Coconix Kits de reparación de Cuero Negro para sofás - Kit de reparación de tapicería y Vinilo para Asientos de automóviles, sofás y Muebles - Fórmula de Relleno de rayones líquidos","Label":"Title","Locale":"es_ES"}},"Offers":{"Summaries":[{"Condition":{"Value":"New"},"LowestPrice":{"Amount":22.44,"Currency":"EUR","DisplayAmount":"22,44 €"}}]}},{"ASIN":"B09G9P55G8","DetailPageURL":"https://www.amazon.es/dp/B09G9P55G8?tag=topinalambricos-21&linkCode=osi&th=1&psc=1","Images":{"Primary":{"Small":{"Height":75,"URL":"https://m.media-amazon.com/images/I/21h5F8N68IL._SL75_.jpg","Width":75}}},"ItemInfo":{"ByLineInfo":{"Brand":{"DisplayValue":"Huamengyuan","Label":"Brand","Locale":"es_ES"},"Manufacturer":{"DisplayValue":"Huamengyuan","Label":"Manufacturer","Locale":"es_ES"}},"Title":{"DisplayValue":"Crema Reparadora De Cuero,Reparación de arañazos de cuero Crema reparadora de cuero para coche para reparar asientos de automóviles y botes, sofás,muebles","Label":"Title","Locale":"es_ES"}},"Offers":{"Summaries":[{"Condition":{"Value":"New"},"LowestPrice":{"Amount":9.77,"Currency":"EUR","DisplayAmount":"9,77 €"}}]}},{"ASIN":"B0B6ZGR9T6","DetailPageURL":"https://www.amazon.es/dp/B0B6ZGR9T6?tag=topinalambricos-21&linkCode=osi&th=1&psc=1","Images":{"Primary":{"Small":{"Height":67,"URL":"https://m.media-amazon.com/images/I/51-XaFw1ktL._SL75_.jpg","Width":75}}},"ItemInfo":{"ByLineInfo":{"Brand":{"DisplayValue":"SEISSO","Label":"Brand","Locale":"es_ES"},"Manufacturer":{"DisplayValue":"SEISSO","Label":"Manufacturer","Locale":"es_ES"}},"Title":{"DisplayValue":"SEISSO Kits de Reparación de Cuero, Kit de Renovación de Cuero 45ml x 4, Reparación de Asientos de Coche, Sofás, Chaquetas de Cuero Rasguños y Grietas","Label":"Title","Locale":"es_ES"}},"Offers":{"Summaries":[{"Condition":{"Value":"New"},"LowestPrice":{"Amount":14.58,"Currency":"EUR","DisplayAmount":"14,58 €"}}]}},{"ASIN":"B09KRTQZFW","DetailPageURL":"https://www.amazon.es/dp/B09KRTQZFW?tag=topinalambricos-21&linkCode=osi&th=1&psc=1","Images":{"Primary":{"Small":{"Height":73,"URL":"https://m.media-amazon.com/images/I/51JlAepfuSL._SL75_.jpg","Width":75}}},"ItemInfo":{"ByLineInfo":{"Brand":{"DisplayValue":"Endhokn","Label":"Brand","Locale":"es_ES"},"Manufacturer":{"DisplayValue":"Hangzhou Guyang Technology Co., Ltd","Label":"Manufacturer","Locale":"es_ES"}},"Title":{"DisplayValue":"Kits de Reparación de Cuero, Endhokn Kit de Renovación de Cuero y Polipiel Asientos Para Automóviles Sofá Zapatos Arañazos, Abrasiones, Relleno Agujeros Crema de Reparación de Cuero（3 Negro 2 Blanco）","Label":"Title","Locale":"es_ES"}},"Offers":{"Summaries":[{"Condition":{"Value":"New"},"LowestPrice":{"Amount":22.99,"Currency":"EUR","DisplayAmount":"22,99 €"}},{"Condition":{"Value":"Used"},"LowestPrice":{"Amount":21.38,"Currency":"EUR","DisplayAmount":"21,38 €"}}]}},{"ASIN":"B08ZT2NCCN","DetailPageURL":"https://www.amazon.es/dp/B08ZT2NCCN?tag=topinalambricos-21&linkCode=osi&th=1&psc=1","Images":{"Primary":{"Small":{"Height":75,"URL":"https://m.media-amazon.com/images/I/41wFjAPisVL._SL75_.jpg","Width":75}}},"ItemInfo":{"ByLineInfo":{"Brand":{"DisplayValue":"VEHICULUX","Label":"Brand","Locale":"es_ES"},"Manufacturer":{"DisplayValue":"Vivere GmbH","Label":"Manufacturer","Locale":"es_ES"}},"Title":{"DisplayValue":"VEHICULUX Acondicionador Cuero Coche Natural - Hidratador de Cuero Coche, Crema para Asientos de Cuero Coche - Tratamiento Cuero Coche sin Residuos Grasos - Complemento a Limpiador Cuero Coche, 250ml","Label":"Title","Locale":"es_ES"}},"Offers":{"Summaries":[{"Condition":{"Value":"New"},"LowestPrice":{"Amount":13.3,"Currency":"EUR","DisplayAmount":"13,30 €"}}]}},{"ASIN":"B0BG44FT9V","DetailPageURL":"https://www.amazon.es/dp/B0BG44FT9V?tag=topinalambricos-21&linkCode=osi&th=1&psc=1","Images":{"Primary":{"Small":{"Height":75,"URL":"https://m.media-amazon.com/images/I/41ELifaxDOL._SL75_.jpg","Width":75}}},"ItemInfo":{"ByLineInfo":{"Brand":{"DisplayValue":"HASAIKA","Label":"Brand","Locale":"es_ES"},"Manufacturer":{"DisplayValue":"HASAIKA","Label":"Manufacturer","Locale":"es_ES"}},"Title":{"DisplayValue":"HASAIKA Crema De Reparación De Cuero, Kits de reparación de Cuero mezclables para sofá, Chaqueta de Cuero, Asiento de automóvil, Zapatos, Abrigos, 5 Colores","Label":"Title","Locale":"es_ES"}},"Offers":{"Summaries":[{"Condition":{"Value":"New"},"LowestPrice":{"Amount":11.59,"Currency":"EUR","DisplayAmount":"11,59 €"}}]}},{"ASIN":"B08T1F9HHY","DetailPageURL":"https://www.amazon.es/dp/B08T1F9HHY?tag=topinalambricos-21&linkCode=osi&th=1&psc=1","Images":{"Primary":{"Small":{"Height":75,"URL":"https://m.media-amazon.com/images/I/41Y80ZyBfGL._SL75_.jpg","Width":75}}},"ItemInfo":{"ByLineInfo":{"Brand":{"DisplayValue":"Runsmooth","Label":"Brand","Locale":"es_ES"},"Manufacturer":{"DisplayValue":"Runsmooth","Label":"Manufacturer","Locale":"es_ES"}},"Title":{"DisplayValue":"Runsmooth Kit de reparación de Cuero Blanco y Vinilo de 2 Piezas, Crema de reparación de arañazos de Cuero para Muebles, sofá, Asientos de Coche, sofá, Chaqueta, Zapatos, Bolsas","Label":"Title","Locale":"es_ES"}},"Offers":{"Summaries":[{"Condition":{"Value":"New"},"LowestPrice":{"Amount":8.09,"Currency":"EUR","DisplayAmount":"8,09 €"}}]}},{"ASIN":"B09VGPDHN3","DetailPageURL":"https://www.amazon.es/dp/B09VGPDHN3?tag=topinalambricos-21&linkCode=osi&th=1&psc=1","Images":{"Primary":{"Small":{"Height":75,"URL":"https://m.media-amazon.com/images/I/513ZxoEoyVL._SL75_.jpg","Width":75}}},"ItemInfo":{"ByLineInfo":{"Brand":{"DisplayValue":"ARCSSAI","Label":"Brand","Locale":"es_ES"},"Manufacturer":{"DisplayValue":"ARCSSAI","Label":"Manufacturer","Locale":"es_ES"}},"Title":{"DisplayValue":"Kit de reparación de Cuero y Vinilo Negro – Restaurador de Muebles, Asientos de Coche, sofá, Chaqueta, Bolso, cinturón, Zapatos | Genuino, Italiano, Unido, Bicast, Piel sintética | No Requiere Calor","Label":"Title","Locale":"es_ES"}},"Offers":{"Summaries":[{"Condition":{"Value":"New"},"LowestPrice":{"Amount":15.99,"Currency":"EUR","DisplayAmount":"15,99 €"}}]}},{"ASIN":"B0953HGNXL","DetailPageURL":"https://www.amazon.es/dp/B0953HGNXL?tag=topinalambricos-21&linkCode=osi&th=1&psc=1","Images":{"Primary":{"Small":{"Height":75,"URL":"https://m.media-amazon.com/images/I/41k049Oy7YS._SL75_.jpg","Width":75}}},"ItemInfo":{"ByLineInfo":{"Brand":{"DisplayValue":"BUDOCI","Label":"Brand","Locale":"es_ES"},"Manufacturer":{"DisplayValue":"BUDOCI","Label":"Manufacturer","Locale":"es_ES"}},"Title":{"DisplayValue":"BUDOCI Kits de reparación de Cuero,12 Colores Crema De Reparación De Cuero, Kit de reparación para Asientos de Automóvil,Muebles, Abrigos de sofá, Chaqueta de Cuero","Label":"Title","Locale":"es_ES"}},"Offers":{"Summaries":[{"Condition":{"Value":"New"},"LowestPrice":{"Amount":16.99,"Currency":"EUR","DisplayAmount":"16,99 €"}}]}},{"ASIN":"B09WDGLX79","DetailPageURL":"https://www.amazon.es/dp/B09WDGLX79?tag=topinalambricos-21&linkCode=osi&th=1&psc=1","Images":{"Primary":{"Small":{"Height":75,"URL":"https://m.media-amazon.com/images/I/31PGyXAQjIL._SL75_.jpg","Width":75}}},"ItemInfo":{"ByLineInfo":{"Brand":{"DisplayValue":"YushengTai","Label":"Brand","Locale":"es_ES"},"Manufacturer":{"DisplayValue":"YushengTai","Label":"Manufacturer","Locale":"es_ES"}},"Title":{"DisplayValue":"Cuero Adhesivo Parches Polipiel, Polipiel Adhesiva Piel para Tapizar 8 x 150 cm para Sofás, Asientos De Coche, Silla De Oficina, Cabecera, Bolsos, Blanco","Label":"Title","Locale":"es_ES"}},"Offers":{"Summaries":[{"Condition":{"Value":"New"},"LowestPrice":{"Amount":11.99,"Currency":"EUR","DisplayAmount":"11,99 € (149,88 € / kg)","PricePerUnit":149.88}}]}}],"SearchURL":"https://www.amazon.es/s?k=reparar+asientos&rh=n%3A2424866031%2Cp_n_availability%3A-1&tag=topinalambricos-21&linkCode=osi","TotalResultCount":1460}},"266":{"SearchResult":{"Items":[{"ASIN":"B07K9ZC2KH","DetailPageURL":"https://www.amazon.es/dp/B07K9ZC2KH?tag=topinalambricos-21&linkCode=osi&th=1&psc=1","Images":{"Primary":{"Small":{"Height":71,"URL":"https://m.media-amazon.com/images/I/41BrA4wAyxL._SL75_.jpg","Width":75}}},"ItemInfo":{"ByLineInfo":{"Brand":{"DisplayValue":"Konsew","Label":"Brand","Locale":"es_ES"},"Manufacturer":{"DisplayValue":"China","Label":"Manufacturer","Locale":"es_ES"}},"Title":{"DisplayValue":"Jack F 4 Direct Drive Lockstitch Máquina de coser industrial.","Label":"Title","Locale":"es_ES"}},"Offers":{"Summaries":[{"Condition":{"Value":"New"},"LowestPrice":{"Amount":899.0,"Currency":"EUR","DisplayAmount":"899,00 €"}}]}},{"ASIN":"B00EAN4XRE","DetailPageURL":"https://www.amazon.es/dp/B00EAN4XRE?tag=topinalambricos-21&linkCode=osi&th=1&psc=1","Images":{"Primary":{"Small":{"Height":46,"URL":"https://m.media-amazon.com/images/I/41dS-xxP99L._SL75_.jpg","Width":75}}},"ItemInfo":{"ByLineInfo":{"Brand":{"DisplayValue":"PFAFF","Label":"Brand","Locale":"es_ES"},"Manufacturer":{"DisplayValue":"Pfaff","Label":"Manufacturer","Locale":"es_ES"}},"Title":{"DisplayValue":"Máquina de coser Pfaff Passport 2.0","Label":"Title","Locale":"es_ES"}},"Offers":{"Summaries":[{"Condition":{"Value":"New"},"LowestPrice":{"Amount":581.0,"Currency":"EUR","DisplayAmount":"581,00 €"}}]}},{"ASIN":"B07ZR9D3CW","DetailPageURL":"https://www.amazon.es/dp/B07ZR9D3CW?tag=topinalambricos-21&linkCode=osi&th=1&psc=1","Images":{"Primary":{"Small":{"Height":75,"URL":"https://m.media-amazon.com/images/I/41H2F7DSBOL._SL75_.jpg","Width":72}}},"ItemInfo":{"ByLineInfo":{"Brand":{"DisplayValue":"DCHOUSE","Label":"Brand","Locale":"es_ES"},"Manufacturer":{"DisplayValue":"DCHOUSE","Label":"Manufacturer","Locale":"es_ES"}},"Title":{"DisplayValue":"DCHOUSE Máquina de reparación de zapatos Máquina de coser de mano de zapatero de nailon de algodón doble ideal para reparación de cuero","Label":"Title","Locale":"es_ES"}},"Offers":{"Summaries":[{"Condition":{"Value":"New"},"LowestPrice":{"Amount":139.99,"Currency":"EUR","DisplayAmount":"139,99 €"}}]}},{"ASIN":"B08QFG8RDH","DetailPageURL":"https://www.amazon.es/dp/B08QFG8RDH?tag=topinalambricos-21&linkCode=osi&th=1&psc=1","Images":{"Primary":{"Small":{"Height":75,"URL":"https://m.media-amazon.com/images/I/511KzB-yqCL._SL75_.jpg","Width":75}}},"ItemInfo":{"ByLineInfo":{"Brand":{"DisplayValue":"Rainbow_Road","Label":"Brand","Locale":"es_ES"}},"Title":{"DisplayValue":"Máquina de reparación de Zapatos Zapatero Manual Máquina de Coser para Reparar Zapatos Máquina de Coser de Zapatos de Aluminio Tela de Cuero Algodón Nylon Línea de Seda Máquina de Coser","Label":"Title","Locale":"es_ES"}},"Offers":{"Summaries":[{"Condition":{"Value":"New"},"LowestPrice":{"Amount":229.0,"Currency":"EUR","DisplayAmount":"229,00 €"}}]}},{"ASIN":"B07T8GNPRW","DetailPageURL":"https://www.amazon.es/dp/B07T8GNPRW?tag=topinalambricos-21&linkCode=osi&th=1&psc=1","Images":{"Primary":{"Small":{"Height":75,"URL":"https://m.media-amazon.com/images/I/41QCL7Hta5L._SL75_.jpg","Width":73}}},"ItemInfo":{"ByLineInfo":{"Brand":{"DisplayValue":"FamYun","Label":"Brand","Locale":"es_ES"},"Manufacturer":{"DisplayValue":"FamYun e-commerce co. LTD","Label":"Manufacturer","Locale":"es_ES"}},"Title":{"DisplayValue":"FamYun Máquina de reparación de zapatos de mano de Cobbler doble línea de nailon de algodón máquina de coser manual de cuero máquina de coser zapatos","Label":"Title","Locale":"es_ES"}},"Offers":{"Summaries":[{"Condition":{"Value":"New"},"LowestPrice":{"Amount":414.69,"Currency":"EUR","DisplayAmount":"414,69 €"}}]}},{"ASIN":"B0BN619V9K","DetailPageURL":"https://www.amazon.es/dp/B0BN619V9K?tag=topinalambricos-21&linkCode=osi&th=1&psc=1","Images":{"Primary":{"Small":{"Height":75,"URL":"https://m.media-amazon.com/images/I/41jtGtfvwBL._SL75_.jpg","Width":75}}},"ItemInfo":{"ByLineInfo":{"Brand":{"DisplayValue":"GANFANREN","Label":"Brand","Locale":"es_ES"},"Manufacturer":{"DisplayValue":"fzdpl","Label":"Manufacturer","Locale":"es_ES"}},"Title":{"DisplayValue":"GANFANREN Máquina de Coser de Costura de la máquina de Coser de la máquina de Costura de Cuero Golpe de la Herramienta de Cuero Revolve Rater Band","Label":"Title","Locale":"es_ES"}},"Offers":{"Summaries":[{"Condition":{"Value":"New"},"LowestPrice":{"Amount":149.71,"Currency":"EUR","DisplayAmount":"149,71 €"}}]}},{"ASIN":"B01J6LOWZM","DetailPageURL":"https://www.amazon.es/dp/B01J6LOWZM?tag=topinalambricos-21&linkCode=osi&th=1&psc=1","Images":{"Primary":{"Small":{"Height":75,"URL":"https://m.media-amazon.com/images/I/31otlmAnR0L._SL75_.jpg","Width":75}}},"ItemInfo":{"ByLineInfo":{"Brand":{"DisplayValue":"sourcing map","Label":"Brand","Locale":"es_ES"},"Manufacturer":{"DisplayValue":"sourcing map","Label":"Manufacturer","Locale":"es_ES"}},"Title":{"DisplayValue":"sourcing map Saco de yute de embalaje de cuero curvo en punta de costura de costura Agujas 8 pcs","Label":"Title","Locale":"es_ES"}},"Offers":{"Summaries":[{"Condition":{"Value":"New"},"LowestPrice":{"Amount":12.49,"Currency":"EUR","DisplayAmount":"12,49 €"}}]}},{"ASIN":"B08HQSWDPS","DetailPageURL":"https://www.amazon.es/dp/B08HQSWDPS?tag=topinalambricos-21&linkCode=osi&th=1&psc=1","Images":{"Primary":{"Small":{"Height":75,"URL":"https://m.media-amazon.com/images/I/41yiCbV7CGL._SL75_.jpg","Width":75}}},"ItemInfo":{"ByLineInfo":{"Brand":{"DisplayValue":"Crisis","Label":"Brand","Locale":"es_ES"},"Manufacturer":{"DisplayValue":"Crisis","Label":"Manufacturer","Locale":"es_ES"}},"Title":{"DisplayValue":"Máquina de reparación de Zapatos Cobbler, máquina semiautomática de reparación de Zapatos, máquina de Coser Manual de Hilo de Nailon y algodón de Cuero, 5 mm de Grosor, para Zapatos, Bolsas de Tela","Label":"Title","Locale":"es_ES"}},"Offers":{"Summaries":[{"Condition":{"Value":"New"},"LowestPrice":{"Amount":285.27,"Currency":"EUR","DisplayAmount":"285,27 €"}}]}},{"ASIN":"B09P3KYTBL","DetailPageURL":"https://www.amazon.es/dp/B09P3KYTBL?tag=topinalambricos-21&linkCode=osi&th=1&psc=1","Images":{"Primary":{"Small":{"Height":75,"URL":"https://m.media-amazon.com/images/I/31-RcZj2puL._SL75_.jpg","Width":75}}},"ItemInfo":{"ByLineInfo":{"Brand":{"DisplayValue":"OMKMNOE","Label":"Brand","Locale":"es_ES"},"Manufacturer":{"DisplayValue":"OMKMNOE","Label":"Manufacturer","Locale":"es_ES"}},"Title":{"DisplayValue":"OMKMNOE Herramienta de Cuero Herramienta de Cuero Nahle, Máquina de Coser de Cuero a Mano Máquina de Coser Máquina de Coser Máquina de Coser Conjunto de Coser con Agujas, Puntada, Tela de Cuero,A","Label":"Title","Locale":"es_ES"}},"Offers":{"Summaries":[{"Condition":{"Value":"New"},"LowestPrice":{"Amount":30.35,"Currency":"EUR","DisplayAmount":"30,35 €"}}]}},{"ASIN":"B0B6T75YNP","DetailPageURL":"https://www.amazon.es/dp/B0B6T75YNP?tag=topinalambricos-21&linkCode=osi&th=1&psc=1","Images":{"Primary":{"Small":{"Height":75,"URL":"https://m.media-amazon.com/images/I/21Z99LfIbXL._SL75_.jpg","Width":75}}},"ItemInfo":{"ByLineInfo":{"Brand":{"DisplayValue":"MXGZ","Label":"Brand","Locale":"es_ES"},"Manufacturer":{"DisplayValue":"MXGZ","Label":"Manufacturer","Locale":"es_ES"}},"Title":{"DisplayValue":"MXGZ Punzón de Costura de Cuero, punzón de Costura de Cuero de Acero de Alta Velocidad para Grabar para Estampar","Label":"Title","Locale":"es_ES"}},"Offers":{"Summaries":[{"Condition":{"Value":"New"},"LowestPrice":{"Amount":21.89,"Currency":"EUR","DisplayAmount":"21,89 €"}}]}}],"SearchURL":"https://www.amazon.es/s?k=cuero&rh=n%3A4358463031%2Cp_n_availability%3A-1&tag=topinalambricos-21&linkCode=osi","TotalResultCount":236}},"267":{"SearchResult":{"Items":[{"ASIN":"B0B6P4399S","DetailPageURL":"https://www.amazon.es/dp/B0B6P4399S?tag=topinalambricos-21&linkCode=osi&th=1&psc=1","Images":{"Primary":{"Small":{"Height":75,"URL":"https://m.media-amazon.com/images/I/41CyqyhkHfL._SL75_.jpg","Width":75}}},"ItemInfo":{"ByLineInfo":{"Brand":{"DisplayValue":"Fodlon","Label":"Brand","Locale":"es_ES"},"Manufacturer":{"DisplayValue":"Fodlon","Label":"Manufacturer","Locale":"es_ES"}},"Title":{"DisplayValue":"Hilo Encerado Beige, 328 Yardas Cordón Encerado, 150D 1 mm Coser de Cuero Encerado, Cordón Encerado Plano para Encuadernación, Costura Cuero, Fabricación de Joyas, Lienzo, Ganchillo","Label":"Title","Locale":"es_ES"}},"Offers":{"Summaries":[{"Condition":{"Value":"New"},"LowestPrice":{"Amount":8.98,"Currency":"EUR","DisplayAmount":"8,98 €"}}]}},{"ASIN":"B07XBJWSDT","DetailPageURL":"https://www.amazon.es/dp/B07XBJWSDT?tag=topinalambricos-21&linkCode=osi&th=1&psc=1","Images":{"Primary":{"Small":{"Height":75,"URL":"https://m.media-amazon.com/images/I/61Hhmb13yeL._SL75_.jpg","Width":75}}},"ItemInfo":{"ByLineInfo":{"Brand":{"DisplayValue":"ISIYINER","Label":"Brand","Locale":"es_ES"},"Manufacturer":{"DisplayValue":"FT-SHOP","Label":"Manufacturer","Locale":"es_ES"}},"Title":{"DisplayValue":"Cuero Hilo de Hilo Encerado 360m 150D Hilo de Costura de Costura para Artesanía en Cuero Artesanía de Costura DIY 12 Colores Cada Rollo de 30m","Label":"Title","Locale":"es_ES"}},"Offers":{"Summaries":[{"Condition":{"Value":"New"},"LowestPrice":{"Amount":13.79,"Currency":"EUR","DisplayAmount":"13,79 €"}}]}},{"ASIN":"B07S68GR1M","DetailPageURL":"https://www.amazon.es/dp/B07S68GR1M?tag=topinalambricos-21&linkCode=osi&th=1&psc=1","Images":{"Primary":{"Small":{"Height":75,"URL":"https://m.media-amazon.com/images/I/51whYoGffeL._SL75_.jpg","Width":75}}},"ItemInfo":{"ByLineInfo":{"Brand":{"DisplayValue":"FEPITO","Label":"Brand","Locale":"es_ES"},"Manufacturer":{"DisplayValue":"FEPITO","Label":"Manufacturer","Locale":"es_ES"}},"Title":{"DisplayValue":"FEPITO 12 Colores Cuero Encerado Hilo de Hilo 392 Yardas 150D Hilo de Coser Encerado para artesanía de Cuero artesanía de Costura DIY","Label":"Title","Locale":"es_ES"}},"Offers":{"Summaries":[{"Condition":{"Value":"New"},"LowestPrice":{"Amount":10.99,"Currency":"EUR","DisplayAmount":"10,99 €"}}]}},{"ASIN":"B09C23FZ9R","DetailPageURL":"https://www.amazon.es/dp/B09C23FZ9R?tag=topinalambricos-21&linkCode=osi&th=1&psc=1","Images":{"Primary":{"Small":{"Height":75,"URL":"https://m.media-amazon.com/images/I/41+nVBwJzqL._SL75_.jpg","Width":75}}},"ItemInfo":{"ByLineInfo":{"Brand":{"DisplayValue":"Zasvec","Label":"Brand","Locale":"es_ES"},"Manufacturer":{"DisplayValue":"Zasvec","Label":"Manufacturer","Locale":"es_ES"}},"Title":{"DisplayValue":"Zasvec Hilo Encerado 2 Piezas Costura de Hilo Encerado Hilo de Piel para Coser a Mano Hilo de Piel Encerada Cordón Encerado Hilo de Cuero Encerado 1mm con Aguja de Coser para Bricolaje Artesanía 260mm","Label":"Title","Locale":"es_ES"}},"Offers":{"Summaries":[{"Condition":{"Value":"New"},"LowestPrice":{"Amount":14.99,"Currency":"EUR","DisplayAmount":"14,99 €"}}]}},{"ASIN":"B075LH67PK","DetailPageURL":"https://www.amazon.es/dp/B075LH67PK?tag=topinalambricos-21&linkCode=osi&th=1&psc=1","Images":{"Primary":{"Small":{"Height":75,"URL":"https://m.media-amazon.com/images/I/41lTFomh5PL._SL75_.jpg","Width":55}}},"ItemInfo":{"ByLineInfo":{"Brand":{"DisplayValue":"WheateFull","Label":"Brand","Locale":"es_ES"},"Manufacturer":{"DisplayValue":"WheateFull","Label":"Manufacturer","Locale":"es_ES"}},"Title":{"DisplayValue":"WheateFull - Hilo de coser de nailon fuerte para exteriores, asientos de cuero, bolsos, zapatos, lona, tapicería y máquina de coser gris","Label":"Title","Locale":"es_ES"}},"Offers":{"Summaries":[{"Condition":{"Value":"New"},"LowestPrice":{"Amount":7.99,"Currency":"EUR","DisplayAmount":"7,99 €"}}]}},{"ASIN":"B0832K7JMR","DetailPageURL":"https://www.amazon.es/dp/B0832K7JMR?tag=topinalambricos-21&linkCode=osi&th=1&psc=1","Images":{"Primary":{"Small":{"Height":75,"URL":"https://m.media-amazon.com/images/I/41fl6YU8ggL._SL75_.jpg","Width":75}}},"ItemInfo":{"ByLineInfo":{"Brand":{"DisplayValue":"Yueser","Label":"Brand","Locale":"es_ES"},"Manufacturer":{"DisplayValue":"Yueser","Label":"Manufacturer","Locale":"es_ES"}},"Title":{"DisplayValue":"Yueser 2 Pcs 300m Costura de Hilo Encerado Hilo de Costura para Reparación de Artesanía de Cuero,DIY Craft de Costura","Label":"Title","Locale":"es_ES"}},"Offers":{"Summaries":[{"Condition":{"Value":"New"},"LowestPrice":{"Amount":15.99,"Currency":"EUR","DisplayAmount":"15,99 €"}}]}},{"ASIN":"B08RRZ35RZ","DetailPageURL":"https://www.amazon.es/dp/B08RRZ35RZ?tag=topinalambricos-21&linkCode=osi&th=1&psc=1","Images":{"Primary":{"Small":{"Height":75,"URL":"https://m.media-amazon.com/images/I/51YDSEICGlL._SL75_.jpg","Width":75}}},"ItemInfo":{"ByLineInfo":{"Brand":{"DisplayValue":"Balacoo","Label":"Brand","Locale":"es_ES"}},"Title":{"DisplayValue":"Balacoo Hilo de Cuero Encerado Hilo de Coser Largo para Manualidades de Cuero Encuadernación de Bricolaje Reparación de Zapatos de Tapicería Proyectos de Cuero (Naranja Intenso)","Label":"Title","Locale":"es_ES"}},"Offers":{"Summaries":[{"Condition":{"Value":"New"},"LowestPrice":{"Amount":13.65,"Currency":"EUR","DisplayAmount":"13,65 €"}}]}},{"ASIN":"B07Y84ZYVT","DetailPageURL":"https://www.amazon.es/dp/B07Y84ZYVT?tag=topinalambricos-21&linkCode=osi&th=1&psc=1","Images":{"Primary":{"Small":{"Height":75,"URL":"https://m.media-amazon.com/images/I/51MmJr+Z0SL._SL75_.jpg","Width":75}}},"ItemInfo":{"ByLineInfo":{"Brand":{"DisplayValue":"Sheens","Label":"Brand","Locale":"es_ES"},"Manufacturer":{"DisplayValue":"Sheens","Label":"Manufacturer","Locale":"es_ES"}},"Title":{"DisplayValue":"Sheens 0.45mm Cuero Encerado Hilo Cordón Hilo de poliéster para Cuero DIY Proyecto Collar Pulsera Artesanía Fabricación 160m/Rollo(Negro)","Label":"Title","Locale":"es_ES"}},"Offers":{"Summaries":[{"Condition":{"Value":"New"},"LowestPrice":{"Amount":9.57,"Currency":"EUR","DisplayAmount":"9,57 € (9,57 € / count)","PricePerUnit":9.57}}]}},{"ASIN":"B08TTYLKQN","DetailPageURL":"https://www.amazon.es/dp/B08TTYLKQN?tag=topinalambricos-21&linkCode=osi&th=1&psc=1","Images":{"Primary":{"Small":{"Height":75,"URL":"https://m.media-amazon.com/images/I/41uFY+bhXiL._SL75_.jpg","Width":75}}},"ItemInfo":{"ByLineInfo":{"Brand":{"DisplayValue":"Fangehong","Label":"Brand","Locale":"es_ES"},"Manufacturer":{"DisplayValue":"Fangehong","Label":"Manufacturer","Locale":"es_ES"}},"Title":{"DisplayValue":"Hilo Encerado, 260 m Cordón Encerado, Piel Hilo de Costura Encerada 150D, 1 mm Imitación Cuerda de Cera Trenzado para Artesanía en Cuero a Mano, Pulseras Bricolaje, Negro","Label":"Title","Locale":"es_ES"}},"Offers":{"Summaries":[{"Condition":{"Value":"New"},"LowestPrice":{"Amount":10.59,"Currency":"EUR","DisplayAmount":"10,59 €"}}]}},{"ASIN":"B09PC1QXGW","DetailPageURL":"https://www.amazon.es/dp/B09PC1QXGW?tag=topinalambricos-21&linkCode=osi&th=1&psc=1","Images":{"Primary":{"Small":{"Height":75,"URL":"https://m.media-amazon.com/images/I/31VSZNP2DUL._SL75_.jpg","Width":75}}},"ItemInfo":{"ByLineInfo":{"Brand":{"DisplayValue":"YIPUETERNITY","Label":"Brand","Locale":"es_ES"},"Manufacturer":{"DisplayValue":"YIPUETERNITY","Label":"Manufacturer","Locale":"es_ES"}},"Title":{"DisplayValue":"Hilo Encerado, 150D 1mm Cordón Encerado, 260m Piel Hilo de Costura Encerada para Cuero DIY, Encuadernación, Reparación de Calzado, Proyectos de Cuero, Telas Pesadas, Bolsos - Blanco","Label":"Title","Locale":"es_ES"}},"Offers":{"Summaries":[{"Condition":{"Value":"New"},"LowestPrice":{"Amount":10.99,"Currency":"EUR","DisplayAmount":"10,99 €"}}]}}],"SearchURL":"https://www.amazon.es/s?k=cuero&rh=n%3A4358102031%2Cp_n_availability%3A-1&tag=topinalambricos-21&linkCode=osi","TotalResultCount":2364}},"268":{"SearchResult":{"Items":[{"ASIN":"B08TX23R7J","DetailPageURL":"https://www.amazon.es/dp/B08TX23R7J?tag=topinalambricos-21&linkCode=osi&th=1&psc=1","Images":{"Primary":{"Small":{"Height":73,"URL":"https://m.media-amazon.com/images/I/51rVwU-V65S._SL75_.jpg","Width":75}}},"ItemInfo":{"ByLineInfo":{"Brand":{"DisplayValue":"GutView","Label":"Brand","Locale":"es_ES"},"Manufacturer":{"DisplayValue":"GutView","Label":"Manufacturer","Locale":"es_ES"}},"Title":{"DisplayValue":"GutView Juego de Costura Paracord, Paquete 12 Juegos Paracord FID Acero Inoxidable, Herramienta alisado, Herramientas para anudar Hacer Pulseras y Trabajos Paracord Cuero (Silver)","Label":"Title","Locale":"es_ES"}},"Offers":{"Summaries":[{"Condition":{"Value":"New"},"LowestPrice":{"Amount":15.79,"Currency":"EUR","DisplayAmount":"15,79 €"}}]}},{"ASIN":"B0B77DNZNF","DetailPageURL":"https://www.amazon.es/dp/B0B77DNZNF?tag=topinalambricos-21&linkCode=osi&th=1&psc=1","Images":{"Primary":{"Small":{"Height":75,"URL":"https://m.media-amazon.com/images/I/41SGZKMm9GL._SL75_.jpg","Width":75}}},"ItemInfo":{"ByLineInfo":{"Brand":{"DisplayValue":"HOTMNTY","Label":"Brand","Locale":"es_ES"},"Manufacturer":{"DisplayValue":"CUTTY","Label":"Manufacturer","Locale":"es_ES"}},"Title":{"DisplayValue":"Aguja Paracord FID,Juego de Agujas de Paracord,Aguja de Costura Paracord,Paracord FID Acero Inoxidable,Paracord Cordón Agujas de Costura,Juego de Costura con Herramienta de Suavizado,5 Piezas","Label":"Title","Locale":"es_ES"}},"Offers":{"Summaries":[{"Condition":{"Value":"New"},"LowestPrice":{"Amount":5.99,"Currency":"EUR","DisplayAmount":"5,99 €"}}]}},{"ASIN":"B07QV1GH2C","DetailPageURL":"https://www.amazon.es/dp/B07QV1GH2C?tag=topinalambricos-21&linkCode=osi&th=1&psc=1","Images":{"Primary":{"Small":{"Height":75,"URL":"https://m.media-amazon.com/images/I/51i9v-qpsTL._SL75_.jpg","Width":75}}},"ItemInfo":{"ByLineInfo":{"Brand":{"DisplayValue":"JasCherry","Label":"Brand","Locale":"es_ES"},"Manufacturer":{"DisplayValue":"JasCherry","Label":"Manufacturer","Locale":"es_ES"}},"Title":{"DisplayValue":"JasCherry 61 Piezas Kits de Herramientas para Coser Cuero a Mano de Costura - Practico DIY Set de Coser de Artesanía Cuero #7","Label":"Title","Locale":"es_ES"}},"Offers":{"Summaries":[{"Condition":{"Value":"New"},"LowestPrice":{"Amount":51.98,"Currency":"EUR","DisplayAmount":"51,98 €"}}]}},{"ASIN":"B07TDHLYQJ","DetailPageURL":"https://www.amazon.es/dp/B07TDHLYQJ?tag=topinalambricos-21&linkCode=osi&th=1&psc=1","Images":{"Primary":{"Small":{"Height":75,"URL":"https://m.media-amazon.com/images/I/41DSdepM15L._SL75_.jpg","Width":75}}},"ItemInfo":{"ByLineInfo":{"Brand":{"DisplayValue":"Pveath","Label":"Brand","Locale":"es_ES"},"Manufacturer":{"DisplayValue":"Pveath","Label":"Manufacturer","Locale":"es_ES"}},"Title":{"DisplayValue":"Juego de costura Paracord de 8 piezas,7 agujas de cordón Paracord FID de acero inoxidable Paracord de diferentes tamaños + 1 herramienta de suavizado de piezas para cuerdas, brazalete, tejido de cuero","Label":"Title","Locale":"es_ES"}},"Offers":{"Summaries":[{"Condition":{"Value":"New"},"LowestPrice":{"Amount":8.99,"Currency":"EUR","DisplayAmount":"8,99 €"}}]}},{"ASIN":"B077G8NWGB","DetailPageURL":"https://www.amazon.es/dp/B077G8NWGB?tag=topinalambricos-21&linkCode=osi&th=1&psc=1","Images":{"Primary":{"Small":{"Height":75,"URL":"https://m.media-amazon.com/images/I/41UyfpSV4HL._SL75_.jpg","Width":75}}},"ItemInfo":{"ByLineInfo":{"Brand":{"DisplayValue":"KEEJEA","Label":"Brand","Locale":"es_ES"},"Manufacturer":{"DisplayValue":"KEEJEA","Label":"Manufacturer","Locale":"es_ES"}},"Title":{"DisplayValue":"Agujas de paracord de aluminio, 88,5 mm, 2 unidades","Label":"Title","Locale":"es_ES"}},"Offers":{"Summaries":[{"Condition":{"Value":"New"},"LowestPrice":{"Amount":7.39,"Currency":"EUR","DisplayAmount":"7,39 €"}}]}},{"ASIN":"B0876MGDYG","DetailPageURL":"https://www.amazon.es/dp/B0876MGDYG?tag=topinalambricos-21&linkCode=osi&th=1&psc=1","Images":{"Primary":{"Small":{"Height":75,"URL":"https://m.media-amazon.com/images/I/51NAfCldP1L._SL75_.jpg","Width":75}}},"ItemInfo":{"ByLineInfo":{"Brand":{"DisplayValue":"Senhai","Label":"Brand","Locale":"es_ES"},"Manufacturer":{"DisplayValue":"SENHAI","Label":"Manufacturer","Locale":"es_ES"}},"Title":{"DisplayValue":"Senhai Paquete de 12 Aguja Paracord FID con Bolsa de Tela, Aguja de Costura Paracord para Pulseras de Bricolaje, Tejer Cordones de Cordones, Decoración de la Ropa","Label":"Title","Locale":"es_ES"}},"Offers":{"Summaries":[{"Condition":{"Value":"New"},"LowestPrice":{"Amount":13.79,"Currency":"EUR","DisplayAmount":"13,79 €"}}]}},{"ASIN":"B09TDKYLMZ","DetailPageURL":"https://www.amazon.es/dp/B09TDKYLMZ?tag=topinalambricos-21&linkCode=osi&th=1&psc=1","Images":{"Primary":{"Small":{"Height":75,"URL":"https://m.media-amazon.com/images/I/410Fm2sorEL._SL75_.jpg","Width":75}}},"ItemInfo":{"ByLineInfo":{"Brand":{"DisplayValue":"DBREAKS","Label":"Brand","Locale":"es_ES"},"Manufacturer":{"DisplayValue":"DBREAKS","Label":"Manufacturer","Locale":"es_ES"}},"Title":{"DisplayValue":"DBREAKS Cordones de paracaídas FID, 12 Pcs Aguja de costura Paracord con bolsa de tela, Agujas de costura con herramienta de suavizado, Herramienta de anudado para hacer pulseras y artículos (Azul)","Label":"Title","Locale":"es_ES"}},"Offers":{"Summaries":[{"Condition":{"Value":"New"},"LowestPrice":{"Amount":15.99,"Currency":"EUR","DisplayAmount":"15,99 €"}}]}},{"ASIN":"B09MTMR8YS","DetailPageURL":"https://www.amazon.es/dp/B09MTMR8YS?tag=topinalambricos-21&linkCode=osi&th=1&psc=1","Images":{"Primary":{"Small":{"Height":75,"URL":"https://m.media-amazon.com/images/I/41iPXPAT6VL._SL75_.jpg","Width":75}}},"ItemInfo":{"ByLineInfo":{"Brand":{"DisplayValue":"Pamtns","Label":"Brand","Locale":"es_ES"},"Manufacturer":{"DisplayValue":"Pamtns","Label":"Manufacturer","Locale":"es_ES"}},"Title":{"DisplayValue":"Pamtns Agujas de Paracord 10 Piezas Paracord FID Cosido Agujas Aguja Paracord FID Aguja de Costura Paracord Juego de Costura Paracord Cordón Agujas de Costura Paracord FID Acero inoxidable","Label":"Title","Locale":"es_ES"}},"Offers":{"Summaries":[{"Condition":{"Value":"New"},"LowestPrice":{"Amount":13.59,"Currency":"EUR","DisplayAmount":"13,59 €"}}]}},{"ASIN":"B07VZTQ258","DetailPageURL":"https://www.amazon.es/dp/B07VZTQ258?tag=topinalambricos-21&linkCode=osi&th=1&psc=1","Images":{"Primary":{"Small":{"Height":75,"URL":"https://m.media-amazon.com/images/I/41x53e5MzgL._SL75_.jpg","Width":75}}},"ItemInfo":{"ByLineInfo":{"Brand":{"DisplayValue":"YuCool","Label":"Brand","Locale":"es_ES"},"Manufacturer":{"DisplayValue":"YuCool","Label":"Manufacturer","Locale":"es_ES"}},"Title":{"DisplayValue":"YuCool - Juego de 8 agujas de cordón de paracaídas FID, juego de costuras de acero inoxidable con herramienta de alisado para cordones, pulsera de paracaídas y tejido de cuero, 8 tamaños, plata","Label":"Title","Locale":"es_ES"}},"Offers":{"Summaries":[{"Condition":{"Value":"New"},"LowestPrice":{"Amount":14.99,"Currency":"EUR","DisplayAmount":"14,99 €"}}]}},{"ASIN":"B092JHH8MY","DetailPageURL":"https://www.amazon.es/dp/B092JHH8MY?tag=topinalambricos-21&linkCode=osi&th=1&psc=1","Images":{"Primary":{"Small":{"Height":75,"URL":"https://m.media-amazon.com/images/I/516xczaS3CS._SL75_.jpg","Width":75}}},"ItemInfo":{"ByLineInfo":{"Brand":{"DisplayValue":"Ferraycle","Label":"Brand","Locale":"es_ES"},"Manufacturer":{"DisplayValue":"Ferraycle","Label":"Manufacturer","Locale":"es_ES"}},"Title":{"DisplayValue":"Ferraycle Set de Marlinspike FID de Paracord de Acero inoxidable Agujas de Coser de Cordón de Paracord y Herramienta de Suavizado Herramienta de Anudar (Azul Oscuro)","Label":"Title","Locale":"es_ES"}},"Offers":{"Summaries":[{"Condition":{"Value":"New"},"LowestPrice":{"Amount":18.49,"Currency":"EUR","DisplayAmount":"18,49 €"}}]}}],"SearchURL":"https://www.amazon.es/s?k=aguja+cuero&rh=n%3A4358252031%2Cp_n_availability%3A-1&tag=topinalambricos-21&linkCode=osi","TotalResultCount":2740}},"269":{"SearchResult":{"Items":[{"ASIN":"B08XBFL6HM","DetailPageURL":"https://www.amazon.es/dp/B08XBFL6HM?tag=topinalambricos-21&linkCode=osi&th=1&psc=1","Images":{"Primary":{"Small":{"Height":75,"URL":"https://m.media-amazon.com/images/I/41bublQUnTL._SL75_.jpg","Width":75}}},"ItemInfo":{"ByLineInfo":{"Brand":{"DisplayValue":"MILISTEN","Label":"Brand","Locale":"es_ES"},"Manufacturer":{"DisplayValue":"MILISTEN","Label":"Manufacturer","Locale":"es_ES"}},"Title":{"DisplayValue":"MILISTEN 20 Juegos de Remaches Y Rebabas de Cobre Arandelas de Cuero Remache de Cobre Cierre para Cinturones Carteras Collares de Cuero Diy Artesanía Suministros","Label":"Title","Locale":"es_ES"}},"Offers":{"Summaries":[{"Condition":{"Value":"New"},"LowestPrice":{"Amount":9.89,"Currency":"EUR","DisplayAmount":"9,89 €"}}]}},{"ASIN":"B09YM27NVZ","DetailPageURL":"https://www.amazon.es/dp/B09YM27NVZ?tag=topinalambricos-21&linkCode=osi&th=1&psc=1","Images":{"Primary":{"Small":{"Height":75,"URL":"https://m.media-amazon.com/images/I/41waVnslChL._SL75_.jpg","Width":75}}},"ItemInfo":{"ByLineInfo":{"Brand":{"DisplayValue":"Tadpolez","Label":"Brand","Locale":"es_ES"},"Manufacturer":{"DisplayValue":"Tadpolez","Label":"Manufacturer","Locale":"es_ES"}},"Title":{"DisplayValue":"2 Piezas Rodillos De Goma,Goma Rodillo De Tinta Rodillo De Impresión Rodillo De Tinta Para Impresión Rodillos De Goma Rodillo De Goma Para Pintura Al Óleo Grabados Artes (6cm,10cm)","Label":"Title","Locale":"es_ES"}},"Offers":{"Summaries":[{"Condition":{"Value":"New"},"LowestPrice":{"Amount":17.59,"Currency":"EUR","DisplayAmount":"17,59 €"}}]}},{"ASIN":"B07XD8HX8T","DetailPageURL":"https://www.amazon.es/dp/B07XD8HX8T?tag=topinalambricos-21&linkCode=osi&th=1&psc=1","Images":{"Primary":{"Small":{"Height":75,"URL":"https://m.media-amazon.com/images/I/41sozi9ZdgL._SL75_.jpg","Width":75}}},"ItemInfo":{"ByLineInfo":{"Brand":{"DisplayValue":"Healifty","Label":"Brand","Locale":"es_ES"},"Manufacturer":{"DisplayValue":"Healifty","Label":"Manufacturer","Locale":"es_ES"}},"Title":{"DisplayValue":"Healifty 100 piezas tachuelas planas remaches de cuero tachuelas pegamento en tachuelas para bolsos artesanales ropa cinturón zapatos plata","Label":"Title","Locale":"es_ES"}},"Offers":{"Summaries":[{"Condition":{"Value":"New"},"LowestPrice":{"Amount":10.29,"Currency":"EUR","DisplayAmount":"10,29 €"}}]}},{"ASIN":"B07WQ22J4G","DetailPageURL":"https://www.amazon.es/dp/B07WQ22J4G?tag=topinalambricos-21&linkCode=osi&th=1&psc=1","Images":{"Primary":{"Small":{"Height":75,"URL":"https://m.media-amazon.com/images/I/413IHhrDk4L._SL75_.jpg","Width":75}}},"ItemInfo":{"ByLineInfo":{"Brand":{"DisplayValue":"Pssopp","Label":"Brand","Locale":"es_ES"},"Manufacturer":{"DisplayValue":"Pssopp","Label":"Manufacturer","Locale":"es_ES"}},"Title":{"DisplayValue":"3pcs herramientas de costura artesanales de cuero de bricolaje conjunto de papel de cuero de bricolaje tela artesanal rueda de costura herramienta de ruleta herramienta de costura de trabajo","Label":"Title","Locale":"es_ES"}},"Offers":{"Summaries":[{"Condition":{"Value":"New"},"LowestPrice":{"Amount":12.28,"Currency":"EUR","DisplayAmount":"12,28 €"}}]}},{"ASIN":"B0979D7MWB","DetailPageURL":"https://www.amazon.es/dp/B0979D7MWB?tag=topinalambricos-21&linkCode=osi&th=1&psc=1","Images":{"Primary":{"Small":{"Height":75,"URL":"https://m.media-amazon.com/images/I/51K6CYNa5dS._SL75_.jpg","Width":75}}},"ItemInfo":{"ByLineInfo":{"Brand":{"DisplayValue":"FOMIYES","Label":"Brand","Locale":"es_ES"},"Manufacturer":{"DisplayValue":"FOMIYES","Label":"Manufacturer","Locale":"es_ES"}},"Title":{"DisplayValue":"FOMIYES 200 Piezas de Remaches Cuadrados Tachuelas de Pirámide de Metal Bolsa de Ropa Zapatos de Cuero Pinchos Accesorios para Manualidades de Cinturón de Cuero","Label":"Title","Locale":"es_ES"}},"Offers":{"Summaries":[{"Condition":{"Value":"New"},"LowestPrice":{"Amount":10.99,"Currency":"EUR","DisplayAmount":"10,99 €"}}]}},{"ASIN":"B07Z8Y9WY4","DetailPageURL":"https://www.amazon.es/dp/B07Z8Y9WY4?tag=topinalambricos-21&linkCode=osi&th=1&psc=1","Images":{"Primary":{"Small":{"Height":75,"URL":"https://m.media-amazon.com/images/I/51cgwcceQzL._SL75_.jpg","Width":75}}},"ItemInfo":{"ByLineInfo":{"Brand":{"DisplayValue":"SUPVOX","Label":"Brand","Locale":"es_ES"},"Manufacturer":{"DisplayValue":"SUPVOX","Label":"Manufacturer","Locale":"es_ES"}},"Title":{"DisplayValue":"SUPVOX 10 piezas cabeza de fantasma remaches espárragos punk cráneo cabeza espárrago diy remache cuero artesanía decoración accesorios","Label":"Title","Locale":"es_ES"}},"Offers":{"Summaries":[{"Condition":{"Value":"New"},"LowestPrice":{"Amount":9.99,"Currency":"EUR","DisplayAmount":"9,99 €"}}]}},{"ASIN":"B086GWRMMR","DetailPageURL":"https://www.amazon.es/dp/B086GWRMMR?tag=topinalambricos-21&linkCode=osi&th=1&psc=1","Images":{"Primary":{"Small":{"Height":75,"URL":"https://m.media-amazon.com/images/I/419+86bHrzL._SL75_.jpg","Width":75}}},"ItemInfo":{"ByLineInfo":{"Brand":{"DisplayValue":"EXCEART","Label":"Brand","Locale":"es_ES"},"Manufacturer":{"DisplayValue":"EXCEART","Label":"Manufacturer","Locale":"es_ES"}},"Title":{"DisplayValue":"EXCEART 4 Piezas Pulsera de Cuero Pulsera de Piel de Vaca Pulsera Brazalete Regalo de Bricolaje para Niñas Mujeres Amigos Hombres Parejas Joyería Unisex","Label":"Title","Locale":"es_ES"}},"Offers":{"Summaries":[{"Condition":{"Value":"New"},"LowestPrice":{"Amount":12.48,"Currency":"EUR","DisplayAmount":"12,48 €"}}]}},{"ASIN":"B07Q44SBF1","DetailPageURL":"https://www.amazon.es/dp/B07Q44SBF1?tag=topinalambricos-21&linkCode=osi&th=1&psc=1","Images":{"Primary":{"Small":{"Height":75,"URL":"https://m.media-amazon.com/images/I/41K3Q2QcNCL._SL75_.jpg","Width":75}}},"ItemInfo":{"ByLineInfo":{"Brand":{"DisplayValue":"SUPVOX","Label":"Brand","Locale":"es_ES"},"Manufacturer":{"DisplayValue":"SUPVOX","Label":"Manufacturer","Locale":"es_ES"}},"Title":{"DisplayValue":"SUPVOX 100 unids Remaches Tachuela Cono Espigas Screwback Espárragos para Arte DIY Cuero Remaches para Ropa Accesorio de joyería Artesanal de Cuero (Negro)","Label":"Title","Locale":"es_ES"}},"Offers":{"Summaries":[{"Condition":{"Value":"New"},"LowestPrice":{"Amount":9.99,"Currency":"EUR","DisplayAmount":"9,99 €"}}]}},{"ASIN":"B08ZKNZYCS","DetailPageURL":"https://www.amazon.es/dp/B08ZKNZYCS?tag=topinalambricos-21&linkCode=osi&th=1&psc=1","Images":{"Primary":{"Small":{"Height":75,"URL":"https://m.media-amazon.com/images/I/41hhAVAfvYL._SL75_.jpg","Width":75}}},"ItemInfo":{"ByLineInfo":{"Brand":{"DisplayValue":"HEALLILY","Label":"Brand","Locale":"es_ES"},"Manufacturer":{"DisplayValue":"HEALLILY","Label":"Manufacturer","Locale":"es_ES"}},"Title":{"DisplayValue":"HEALLILY Medias Plantillas de Cuero Cómodas Plantillas Delanteras Almohadillas de Cojín de La Parte Delantera Ayuda a Que El Zapato Se Ajuste a La Mitad Del Tamaño Demasiado Grande Tamaño","Label":"Title","Locale":"es_ES"}},"Offers":{"Summaries":[{"Condition":{"Value":"New"},"LowestPrice":{"Amount":7.99,"Currency":"EUR","DisplayAmount":"7,99 €"}}]}},{"ASIN":"B0B5WF215M","DetailPageURL":"https://www.amazon.es/dp/B0B5WF215M?tag=topinalambricos-21&linkCode=osi&th=1&psc=1","Images":{"Primary":{"Small":{"Height":75,"URL":"https://m.media-amazon.com/images/I/21u8PKSkxuL._SL75_.jpg","Width":75}}},"ItemInfo":{"ByLineInfo":{"Brand":{"DisplayValue":"Honiwu","Label":"Brand","Locale":"es_ES"},"Manufacturer":{"DisplayValue":"Honiwu","Label":"Manufacturer","Locale":"es_ES"}},"Title":{"DisplayValue":"Herramienta de tallado de modelado de artesanía de cuero, herramienta de grabado de cuero con mango de madera, herramientas de trabajo de cuchara para frotar/quitar bordes de cuero","Label":"Title","Locale":"es_ES"}},"Offers":{"Summaries":[{"Condition":{"Value":"New"},"LowestPrice":{"Amount":9.29,"Currency":"EUR","DisplayAmount":"9,29 €"}}]}}],"SearchURL":"https://www.amazon.es/s?k=grabar+cuero&rh=n%3A4358361031%2Cp_n_availability%3A-1&tag=topinalambricos-21&linkCode=osi","TotalResultCount":933}},"270":{"SearchResult":{"Items":[{"ASIN":"B07JG8KXC8","DetailPageURL":"https://www.amazon.es/dp/B07JG8KXC8?tag=topinalambricos-21&linkCode=osi&th=1&psc=1","Images":{"Primary":{"Small":{"Height":75,"URL":"https://m.media-amazon.com/images/I/21WoGMhdDHL._SL75_.jpg","Width":75}}},"ItemInfo":{"ByLineInfo":{"Brand":{"DisplayValue":"Garosa","Label":"Brand","Locale":"es_ES"},"Manufacturer":{"DisplayValue":"Garosa","Label":"Manufacturer","Locale":"es_ES"}},"Title":{"DisplayValue":"6 Pulgadas Carpeta Hueso Papel Plisado Herramienta Pluma de Origami Plegable para Encuadernación Fabricación Hecha A Mano Bricolaje de Cuero Conformación de Pliegue Plegadera para Doblar Papel","Label":"Title","Locale":"es_ES"}},"Offers":{"Summaries":[{"Condition":{"Value":"New"},"LowestPrice":{"Amount":8.0,"Currency":"EUR","DisplayAmount":"8,00 €"}}]}},{"ASIN":"B08ZSCTVPP","DetailPageURL":"https://www.amazon.es/dp/B08ZSCTVPP?tag=topinalambricos-21&linkCode=osi&th=1&psc=1","Images":{"Primary":{"Small":{"Height":73,"URL":"https://m.media-amazon.com/images/I/51pqJL7pJnL._SL75_.jpg","Width":75}}},"ItemInfo":{"ByLineInfo":{"Brand":{"DisplayValue":"HXSD","Label":"Brand","Locale":"es_ES"},"Manufacturer":{"DisplayValue":"HXSD","Label":"Manufacturer","Locale":"es_ES"}},"Title":{"DisplayValue":"HXSD Máquina de Estampado en Caliente del número de Letra, máquina de Estampado en Caliente de Cuero cartulina de cartulina de Estampado de latón de estampilla de Hierro de Hierro, Molde T,C","Label":"Title","Locale":"es_ES"}},"Offers":{"Summaries":[{"Condition":{"Value":"New"},"LowestPrice":{"Amount":140.0,"Currency":"EUR","DisplayAmount":"140,00 €"}}]}},{"ASIN":"B08F57JLCM","DetailPageURL":"https://www.amazon.es/dp/B08F57JLCM?tag=topinalambricos-21&linkCode=osi&th=1&psc=1","Images":{"Primary":{"Small":{"Height":75,"URL":"https://m.media-amazon.com/images/I/414Sg8leQSL._SL75_.jpg","Width":75}}},"ItemInfo":{"ByLineInfo":{"Brand":{"DisplayValue":"FASTTOBUY","Label":"Brand","Locale":"es_ES"},"Manufacturer":{"DisplayValue":"FASTTOBUY","Label":"Manufacturer","Locale":"es_ES"}},"Title":{"DisplayValue":"FASTTOBUY 5 x 7 cm Hot Stamping Machine 500 W Hot Stamping Piel Bronzing Printing para papel de cuero PVC","Label":"Title","Locale":"es_ES"}},"Offers":{"Summaries":[{"Condition":{"Value":"New"},"LowestPrice":{"Amount":209.99,"Currency":"EUR","DisplayAmount":"209,99 €"}}]}},{"ASIN":"B09JC8R5HK","DetailPageURL":"https://www.amazon.es/dp/B09JC8R5HK?tag=topinalambricos-21&linkCode=osi&th=1&psc=1","Images":{"Primary":{"Small":{"Height":75,"URL":"https://m.media-amazon.com/images/I/41zMjoLGkCL._SL75_.jpg","Width":75}}},"ItemInfo":{"ByLineInfo":{"Brand":{"DisplayValue":"Fetcoi","Label":"Brand","Locale":"es_ES"},"Manufacturer":{"DisplayValue":"lethobenthos","Label":"Manufacturer","Locale":"es_ES"}},"Title":{"DisplayValue":"Fetcoi Máquina de troquelado de acero inoxidable y piel, prensada manual, prensada de cuero, PVC, prensada de precisión, 215 x 100 mm","Label":"Title","Locale":"es_ES"}},"Offers":{"Summaries":[{"Condition":{"Value":"New"},"LowestPrice":{"Amount":153.0,"Currency":"EUR","DisplayAmount":"153,00 €"}}]}},{"ASIN":"B08CB9PGBF","DetailPageURL":"https://www.amazon.es/dp/B08CB9PGBF?tag=topinalambricos-21&linkCode=osi&th=1&psc=1","Images":{"Primary":{"Small":{"Height":75,"URL":"https://m.media-amazon.com/images/I/41E-nlhAF+L._SL75_.jpg","Width":75}}},"ItemInfo":{"ByLineInfo":{"Brand":{"DisplayValue":"OUKANING","Label":"Brand","Locale":"es_ES"},"Manufacturer":{"DisplayValue":"DY-Legend","Label":"Manufacturer","Locale":"es_ES"}},"Title":{"DisplayValue":"OUKANING Máquina troqueladora Manual Máquina punzonadora Manual Máquinas de Estampado de PVC de Cuero","Label":"Title","Locale":"es_ES"}},"Offers":{"Summaries":[{"Condition":{"Value":"New"},"LowestPrice":{"Amount":150.0,"Currency":"EUR","DisplayAmount":"150,00 €"}}]}},{"ASIN":"B08M5YLZH9","DetailPageURL":"https://www.amazon.es/dp/B08M5YLZH9?tag=topinalambricos-21&linkCode=osi&th=1&psc=1","Images":{"Primary":{"Small":{"Height":75,"URL":"https://m.media-amazon.com/images/I/414QStErtsL._SL75_.jpg","Width":75}}},"ItemInfo":{"ByLineInfo":{"Brand":{"DisplayValue":"LANGSHI","Label":"Brand","Locale":"es_ES"},"Manufacturer":{"DisplayValue":"LANGSHI","Label":"Manufacturer","Locale":"es_ES"}},"Title":{"DisplayValue":"LANGSHI Máquina de bronceado de mano con relieve en caliente para la marca del logotipo (tamaño dentro de 5 x 5 cm)","Label":"Title","Locale":"es_ES"}},"Offers":{"Summaries":[{"Condition":{"Value":"New"},"LowestPrice":{"Amount":83.99,"Currency":"EUR","DisplayAmount":"83,99 €"}},{"Condition":{"Value":"Used"},"LowestPrice":{"Amount":69.48,"Currency":"EUR","DisplayAmount":"69,48 €"}}]}},{"ASIN":"B07WBWJ3V2","DetailPageURL":"https://www.amazon.es/dp/B07WBWJ3V2?tag=topinalambricos-21&linkCode=osi&th=1&psc=1","Images":{"Primary":{"Small":{"Height":75,"URL":"https://m.media-amazon.com/images/I/51-LKzXClWL._SL75_.jpg","Width":75}}},"ItemInfo":{"ByLineInfo":{"Brand":{"DisplayValue":"VEVOR","Label":"Brand","Locale":"es_ES"},"Manufacturer":{"DisplayValue":"VEVOR","Label":"Manufacturer","Locale":"es_ES"}},"Title":{"DisplayValue":"VEVOR Control de Temperatura Digital Máquina de Estampado en Caliente 300w Estampadora de Papel 10x13cm Máquina de Bronceado Adecuado para Cuero Madera Pu Pvc Papel Plástico","Label":"Title","Locale":"es_ES"}},"Offers":{"Summaries":[{"Condition":{"Value":"New"},"LowestPrice":{"Amount":229.99,"Currency":"EUR","DisplayAmount":"229,99 €"}}]}},{"ASIN":"B08XXT7F7K","DetailPageURL":"https://www.amazon.es/dp/B08XXT7F7K?tag=topinalambricos-21&linkCode=osi&th=1&psc=1","Images":{"Primary":{"Small":{"Height":75,"URL":"https://m.media-amazon.com/images/I/41E5viXZP1L._SL75_.jpg","Width":75}}},"ItemInfo":{"ByLineInfo":{"Brand":{"DisplayValue":"Maryaz","Label":"Brand","Locale":"es_ES"},"Manufacturer":{"DisplayValue":"Maryaz","Label":"Manufacturer","Locale":"es_ES"}},"Title":{"DisplayValue":"Máquina de Estampado en Caliente Máquina de Estampado en Relieve Máquina de Bronceado que Arruga Impresora de PVC de Cuero con Hot Stamping Papel 5x7cm/ 8x10cm/10x13cm","Label":"Title","Locale":"es_ES"}},"Offers":{"Summaries":[{"Condition":{"Value":"New"},"LowestPrice":{"Amount":219.99,"Currency":"EUR","DisplayAmount":"219,99 €"}}]}},{"ASIN":"B0B8HMK6GR","DetailPageURL":"https://www.amazon.es/dp/B0B8HMK6GR?tag=topinalambricos-21&linkCode=osi&th=1&psc=1","Images":{"Primary":{"Small":{"Height":75,"URL":"https://m.media-amazon.com/images/I/41ONGHuHUML._SL75_.jpg","Width":75}}},"ItemInfo":{"ByLineInfo":{"Brand":{"DisplayValue":"kangten","Label":"Brand","Locale":"es_ES"},"Manufacturer":{"DisplayValue":"Doubskoo","Label":"Manufacturer","Locale":"es_ES"}},"Title":{"DisplayValue":"Máquina de prensa, profesional de cuero impresión en relieve máquinas de cuero grabado máquina manual de corte de cuero para diferentes materiales","Label":"Title","Locale":"es_ES"}},"Offers":{"Summaries":[{"Condition":{"Value":"New"},"LowestPrice":{"Amount":150.0,"Currency":"EUR","DisplayAmount":"150,00 €"}}]}},{"ASIN":"B01NAT41CB","DetailPageURL":"https://www.amazon.es/dp/B01NAT41CB?tag=topinalambricos-21&linkCode=osi&th=1&psc=1","Images":{"Primary":{"Small":{"Height":75,"URL":"https://m.media-amazon.com/images/I/513ncQMfTZL._SL75_.jpg","Width":75}}},"ItemInfo":{"ByLineInfo":{"Brand":{"DisplayValue":"BAOSHISHAN","Label":"Brand","Locale":"es_ES"},"Manufacturer":{"DisplayValue":"BAOSHISHAN","Label":"Manufacturer","Locale":"es_ES"}},"Title":{"DisplayValue":"BAOSHISHAN Máquina de estampado en caliente 8 × 10 cm Máquina de estampado de cuero Máquina de bronceado Manual Cuero PVC Papel Logotipo Estampador Temperatura ajustable 220V","Label":"Title","Locale":"es_ES"}},"Offers":{"Summaries":[{"Condition":{"Value":"New"},"LowestPrice":{"Amount":196.0,"Currency":"EUR","DisplayAmount":"196,00 €"}}]}}],"SearchURL":"https://www.amazon.es/s?k=cuero&rh=n%3A4358362031%2Cp_n_availability%3A-1&tag=topinalambricos-21&linkCode=osi","TotalResultCount":368}},"271":{"SearchResult":{"Items":[{"ASIN":"B094FB1589","DetailPageURL":"https://www.amazon.es/dp/B094FB1589?tag=topinalambricos-21&linkCode=osi&th=1&psc=1","Images":{"Primary":{"Small":{"Height":75,"URL":"https://m.media-amazon.com/images/I/51ldL-6f76S._SL75_.jpg","Width":75}}},"ItemInfo":{"ByLineInfo":{"Brand":{"DisplayValue":"SUPERDANT","Label":"Brand","Locale":"es_ES"},"Manufacturer":{"DisplayValue":"SUPERDANT","Label":"Manufacturer","Locale":"es_ES"}},"Title":{"DisplayValue":"SUPERDANT 18 Pieza Juego de Troqueles de Corte de Cuero Herramienta de Perforación de Cuero 3 Formas Plantilla de Tratamiento de Artesanía de Cuero Molde para Manualidades de Cuero Hechas A Mano","Label":"Title","Locale":"es_ES"}},"Offers":{"Summaries":[{"Condition":{"Value":"New"},"LowestPrice":{"Amount":21.29,"Currency":"EUR","DisplayAmount":"21,29 €"}}]}},{"ASIN":"B08P1JFSZP","DetailPageURL":"https://www.amazon.es/dp/B08P1JFSZP?tag=topinalambricos-21&linkCode=osi&th=1&psc=1","Images":{"Primary":{"Small":{"Height":75,"URL":"https://m.media-amazon.com/images/I/41R5ZKTeQfL._SL75_.jpg","Width":75}}},"ItemInfo":{"ByLineInfo":{"Brand":{"DisplayValue":"Oumefar","Label":"Brand","Locale":"es_ES"}},"Title":{"DisplayValue":"Oumefar 2 uds, Molde para Troquel de Ojales, máquina de Prensa Manual, Perforadora de Ojales, Molde para Troqueles de Ojales, Herramienta de instalación Manual para Lonas de Cuero(4mm)","Label":"Title","Locale":"es_ES"}},"Offers":{"Summaries":[{"Condition":{"Value":"New"},"LowestPrice":{"Amount":11.19,"Currency":"EUR","DisplayAmount":"11,19 €"}}]}},{"ASIN":"B07D29HS3X","DetailPageURL":"https://www.amazon.es/dp/B07D29HS3X?tag=topinalambricos-21&linkCode=osi&th=1&psc=1","Images":{"Primary":{"Small":{"Height":75,"URL":"https://m.media-amazon.com/images/I/41GDR28SajL._SL75_.jpg","Width":75}}},"ItemInfo":{"ByLineInfo":{"Brand":{"DisplayValue":"Walfront","Label":"Brand","Locale":"es_ES"},"Manufacturer":{"DisplayValue":"Walfront","Label":"Manufacturer","Locale":"es_ES"}},"Title":{"DisplayValue":"2 mm, forma ovalada perforación, 9 unidades de forma ovalada de piel perforada Kit Cutter Hollow herramienta DIY","Label":"Title","Locale":"es_ES"}},"Offers":{"Summaries":[{"Condition":{"Value":"New"},"LowestPrice":{"Amount":25.03,"Currency":"EUR","DisplayAmount":"25,03 €"}}]}},{"ASIN":"B086BSSP57","DetailPageURL":"https://www.amazon.es/dp/B086BSSP57?tag=topinalambricos-21&linkCode=osi&th=1&psc=1","Images":{"Primary":{"Small":{"Height":75,"URL":"https://m.media-amazon.com/images/I/41AyGoSgBhL._SL75_.jpg","Width":75}}},"ItemInfo":{"ByLineInfo":{"Brand":{"DisplayValue":"AMIGOB","Label":"Brand","Locale":"es_ES"},"Manufacturer":{"DisplayValue":"AMIGOB","Label":"Manufacturer","Locale":"es_ES"}},"Title":{"DisplayValue":"AMIGOB Perforadoras Herramientas Artesanales Costura 13-in-1 Kit de Herramientas de Mano de Cuero Craft de Piel para Tallar,Costura, Herramientas de Bricolaje","Label":"Title","Locale":"es_ES"}},"Offers":{"Summaries":[{"Condition":{"Value":"New"},"LowestPrice":{"Amount":19.99,"Currency":"EUR","DisplayAmount":"19,99 €"}}]}},{"ASIN":"B09ZHYFRQL","DetailPageURL":"https://www.amazon.es/dp/B09ZHYFRQL?tag=topinalambricos-21&linkCode=osi&th=1&psc=1","Images":{"Primary":{"Small":{"Height":75,"URL":"https://m.media-amazon.com/images/I/31apsLiytwL._SL75_.jpg","Width":75}}},"ItemInfo":{"ByLineInfo":{"Brand":{"DisplayValue":"BASSK","Label":"Brand","Locale":"es_ES"},"Manufacturer":{"DisplayValue":"BASSK","Label":"Manufacturer","Locale":"es_ES"}},"Title":{"DisplayValue":"Llavero de madera troquelado molde de cuero para manualidades, accesorios de cuero, joyería y decoración del hogar, molde de madera","Label":"Title","Locale":"es_ES"}},"Offers":{"Summaries":[{"Condition":{"Value":"New"},"LowestPrice":{"Amount":20.06,"Currency":"EUR","DisplayAmount":"20,06 €"}}]}},{"ASIN":"B08ZCTCQD2","DetailPageURL":"https://www.amazon.es/dp/B08ZCTCQD2?tag=topinalambricos-21&linkCode=osi&th=1&psc=1","Images":{"Primary":{"Small":{"Height":75,"URL":"https://m.media-amazon.com/images/I/41AERTLJMHL._SL75_.jpg","Width":75}}},"ItemInfo":{"ByLineInfo":{"Brand":{"DisplayValue":"PandaHall","Label":"Brand","Locale":"es_ES"},"Manufacturer":{"DisplayValue":"PandaHall","Label":"Manufacturer","Locale":"es_ES"}},"Title":{"DisplayValue":"PandaHall 12 Piezas de 10 mm de artesanía en Cuero de Metal con patrón de Flores de Metal de perforación Herramienta con 1 Mango para cinturón de Cuero Artesanal, Manualidades, Marcado de Joyas","Label":"Title","Locale":"es_ES"}},"Offers":{"Summaries":[{"Condition":{"Value":"New"},"LowestPrice":{"Amount":14.79,"Currency":"EUR","DisplayAmount":"14,79 €"}}]}},{"ASIN":"B08CF29ZSH","DetailPageURL":"https://www.amazon.es/dp/B08CF29ZSH?tag=topinalambricos-21&linkCode=osi&th=1&psc=1","Images":{"Primary":{"Small":{"Height":75,"URL":"https://m.media-amazon.com/images/I/413c7SIAlzL._SL75_.jpg","Width":75}}},"ItemInfo":{"ByLineInfo":{"Brand":{"DisplayValue":"Mxtech","Label":"Brand","Locale":"es_ES"},"Manufacturer":{"DisplayValue":"Mxtech","Label":"Manufacturer","Locale":"es_ES"}},"Title":{"DisplayValue":"Mxtech Perforadora, Perforadora, Perforadora portátil incisiva de Correa Circular, 7 Piezas Conveniente para Cuero para troqueladora","Label":"Title","Locale":"es_ES"}},"Offers":{"Summaries":[{"Condition":{"Value":"New"},"LowestPrice":{"Amount":12.13,"Currency":"EUR","DisplayAmount":"12,13 €"}}]}},{"ASIN":"B077S58VFC","DetailPageURL":"https://www.amazon.es/dp/B077S58VFC?tag=topinalambricos-21&linkCode=osi&th=1&psc=1","Images":{"Primary":{"Small":{"Height":75,"URL":"https://m.media-amazon.com/images/I/41xp6xZ6IsL._SL75_.jpg","Width":75}}},"ItemInfo":{"ByLineInfo":{"Brand":{"DisplayValue":"Walfront","Label":"Brand","Locale":"es_ES"},"Manufacturer":{"DisplayValue":"Walfront","Label":"Manufacturer","Locale":"es_ES"}},"Title":{"DisplayValue":"Walfront Bruñidor de Cuero de Madera Punta Pulida de Molienta Eléctrica Pulidor para Lijar Borde de Cuero (3 Slots)","Label":"Title","Locale":"es_ES"}},"Offers":{"Summaries":[{"Condition":{"Value":"New"},"LowestPrice":{"Amount":9.23,"Currency":"EUR","DisplayAmount":"9,23 €"}}]}},{"ASIN":"B08ZHHQLKF","DetailPageURL":"https://www.amazon.es/dp/B08ZHHQLKF?tag=topinalambricos-21&linkCode=osi&th=1&psc=1","Images":{"Primary":{"Small":{"Height":70,"URL":"https://m.media-amazon.com/images/I/41kpegzjeDL._SL75_.jpg","Width":75}}},"ItemInfo":{"ByLineInfo":{"Brand":{"DisplayValue":"Shenzhen Chengyida E-Commerce Co., Ltd.","Label":"Brand","Locale":"es_ES"},"Manufacturer":{"DisplayValue":"Shenzhen Chengyida E-Commerce Co., Ltd.","Label":"Manufacturer","Locale":"es_ES"}},"Title":{"DisplayValue":"CHENGYIDA troquel de corte de cuero en forma de bricolaje suministros de artesanía llavero decoración regla de acero troquelado (con agujero)","Label":"Title","Locale":"es_ES"}},"Offers":{"Summaries":[{"Condition":{"Value":"New"},"LowestPrice":{"Amount":28.48,"Currency":"EUR","DisplayAmount":"28,48 €"}}]}},{"ASIN":"B07FZYTYYX","DetailPageURL":"https://www.amazon.es/dp/B07FZYTYYX?tag=topinalambricos-21&linkCode=osi&th=1&psc=1","Images":{"Primary":{"Small":{"Height":75,"URL":"https://m.media-amazon.com/images/I/31ze9kqPQJL._SL75_.jpg","Width":75}}},"ItemInfo":{"ByLineInfo":{"Brand":{"DisplayValue":"Walfront","Label":"Brand","Locale":"es_ES"},"Manufacturer":{"DisplayValue":"Walfront","Label":"Manufacturer","Locale":"es_ES"}},"Title":{"DisplayValue":"7 piezas DIY cuero Craft medio redondo perforador cortador medio redondo correa correa final de cinturón herramientas DIY forma herramienta","Label":"Title","Locale":"es_ES"}},"Offers":{"Summaries":[{"Condition":{"Value":"New"},"LowestPrice":{"Amount":24.85,"Currency":"EUR","DisplayAmount":"24,85 €"}}]}}],"SearchURL":"https://www.amazon.es/s?k=troqueles+cuero&rh=n%3A4358254031%2Cp_n_availability%3A-1&tag=topinalambricos-21&linkCode=osi","TotalResultCount":435}},"272":{"SearchResult":{"Items":[{"ASIN":"B086STYRDG","DetailPageURL":"https://www.amazon.es/dp/B086STYRDG?tag=topinalambricos-21&linkCode=osi&th=1&psc=1","Images":{"Primary":{"Small":{"Height":75,"URL":"https://m.media-amazon.com/images/I/51FsjJlgkNL._SL75_.jpg","Width":75}}},"ItemInfo":{"ByLineInfo":{"Brand":{"DisplayValue":"GOLRISEN","Label":"Brand","Locale":"es_ES"},"Manufacturer":{"DisplayValue":"GOLRISEN","Label":"Manufacturer","Locale":"es_ES"}},"Title":{"DisplayValue":"GOLRISEN Herramienta de Estampado Cuero, 36 Piezas Sellos de Metal con Letras y Números, 6,5mm, Sellos de Piel de Acero con 1 Mango, Sellos para Cuero Personalizados, para Marcar Nombres o Fechas","Label":"Title","Locale":"es_ES"}},"Offers":{"Summaries":[{"Condition":{"Value":"New"},"LowestPrice":{"Amount":11.99,"Currency":"EUR","DisplayAmount":"11,99 €"}}]}},{"ASIN":"B07LB79N36","DetailPageURL":"https://www.amazon.es/dp/B07LB79N36?tag=topinalambricos-21&linkCode=osi&th=1&psc=1","Images":{"Primary":{"Small":{"Height":49,"URL":"https://m.media-amazon.com/images/I/31bwRdCdA7L._SL75_.jpg","Width":75}}},"ItemInfo":{"ByLineInfo":{"Brand":{"DisplayValue":"CLUB4BRANDS","Label":"Brand","Locale":"es_ES"},"Manufacturer":{"DisplayValue":"CLUB4BRANDS","Label":"Manufacturer","Locale":"es_ES"}},"Title":{"DisplayValue":"Recortes de cuero - restos de cuero marrón, restos de cuero, tamaños grandes, ideal para bolsos, zapatos, reparaciones, decoraciones, manualidades, 1 kg, tamaño A4","Label":"Title","Locale":"es_ES"}},"Offers":{"Summaries":[{"Condition":{"Value":"New"},"LowestPrice":{"Amount":25.99,"Currency":"EUR","DisplayAmount":"25,99 €"}}]}},{"ASIN":"B07WC4LLGX","DetailPageURL":"https://www.amazon.es/dp/B07WC4LLGX?tag=topinalambricos-21&linkCode=osi&th=1&psc=1","Images":{"Primary":{"Small":{"Height":75,"URL":"https://m.media-amazon.com/images/I/5139cDPTUBL._SL75_.jpg","Width":75}}},"ItemInfo":{"ByLineInfo":{"Brand":{"DisplayValue":"Hztyyier","Label":"Brand","Locale":"es_ES"},"Manufacturer":{"DisplayValue":"Hztyyier","Label":"Manufacturer","Locale":"es_ES"}},"Title":{"DisplayValue":"36 piezas de herramientas de punzonado de sellos de letras y números de Leathercraft estampar cuero, alfabeto de 26 letras y 10 números de herramientas de punzonado impresas para (6mm)","Label":"Title","Locale":"es_ES"}},"Offers":{"Summaries":[{"Condition":{"Value":"New"},"LowestPrice":{"Amount":24.13,"Currency":"EUR","DisplayAmount":"24,13 €"}}]}},{"ASIN":"B08XXXWMKM","DetailPageURL":"https://www.amazon.es/dp/B08XXXWMKM?tag=topinalambricos-21&linkCode=osi&th=1&psc=1","Images":{"Primary":{"Small":{"Height":75,"URL":"https://m.media-amazon.com/images/I/41xMP6AMcUL._SL75_.jpg","Width":75}}},"ItemInfo":{"ByLineInfo":{"Brand":{"DisplayValue":"Maryaz","Label":"Brand","Locale":"es_ES"},"Manufacturer":{"DisplayValue":"Maryaz","Label":"Manufacturer","Locale":"es_ES"}},"Title":{"DisplayValue":"Sellos de Letras Molde de Grabado de Letras Logotipo Personalizado Juego de sellos de letras mayúsculas del alfabeto de latón para prensar sellos para Cuero de Papel de Madera","Label":"Title","Locale":"es_ES"}},"Offers":{"Summaries":[{"Condition":{"Value":"New"},"LowestPrice":{"Amount":146.99,"Currency":"EUR","DisplayAmount":"146,99 €"}}]}},{"ASIN":"B08P44PQDJ","DetailPageURL":"https://www.amazon.es/dp/B08P44PQDJ?tag=topinalambricos-21&linkCode=osi&th=1&psc=1","Images":{"Primary":{"Small":{"Height":75,"URL":"https://m.media-amazon.com/images/I/51sAcSB4oCL._SL75_.jpg","Width":75}}},"ItemInfo":{"ByLineInfo":{"Brand":{"DisplayValue":"OLYCRAFT","Label":"Brand","Locale":"es_ES"},"Manufacturer":{"DisplayValue":"OLYCRAFT","Label":"Manufacturer","Locale":"es_ES"}},"Title":{"DisplayValue":"OLYCRAFT Wood Branding Iron Logotipo Personalizado 1.2 Sello de Cuero con Diseño de Hierro BBQ Sello Térmico con Mango de Madera para Carpintería Y Diseño Artesanal - Árbol de la Vida","Label":"Title","Locale":"es_ES"}},"Offers":{"Summaries":[{"Condition":{"Value":"New"},"LowestPrice":{"Amount":30.29,"Currency":"EUR","DisplayAmount":"30,29 €"}}]}},{"ASIN":"B09RZX31WX","DetailPageURL":"https://www.amazon.es/dp/B09RZX31WX?tag=topinalambricos-21&linkCode=osi&th=1&psc=1","Images":{"Primary":{"Small":{"Height":75,"URL":"https://m.media-amazon.com/images/I/41xHG+y-dRL._SL75_.jpg","Width":75}}},"ItemInfo":{"ByLineInfo":{"Brand":{"DisplayValue":"Glorex","Label":"Brand","Locale":"es_ES"},"Manufacturer":{"DisplayValue":"Glorex","Label":"Manufacturer","Locale":"es_ES"}},"Title":{"DisplayValue":"Glorex Juego de 12 Sellos de combustión con Diferentes Formas de latón, para atornillar Pebaro, para Quemar Madera, Cuero, Corcho y Otros Materiales, Color Dorado (6 1671 003)","Label":"Title","Locale":"es_ES"}},"Offers":{"Summaries":[{"Condition":{"Value":"New"},"LowestPrice":{"Amount":30.29,"Currency":"EUR","DisplayAmount":"30,29 €"}}]}},{"ASIN":"B09TVKSN9G","DetailPageURL":"https://www.amazon.es/dp/B09TVKSN9G?tag=topinalambricos-21&linkCode=osi&th=1&psc=1","Images":{"Primary":{"Small":{"Height":75,"URL":"https://m.media-amazon.com/images/I/51VTkRMmeLL._SL75_.jpg","Width":75}}},"ItemInfo":{"ByLineInfo":{"Brand":{"DisplayValue":"OLYCRAFT","Label":"Brand","Locale":"es_ES"},"Manufacturer":{"DisplayValue":"OLYCRAFT","Label":"Manufacturer","Locale":"es_ES"}},"Title":{"DisplayValue":"OLYCRAFT Marca de Madera Personalizada Hierro Latón Marca de Cuero Sello de Hierro Logotipo con Cabeza de Hierro y Mango de Madera para artesanías de carpintería - Varios tamaños Opcionales","Label":"Title","Locale":"es_ES"}},"Offers":{"Summaries":[{"Condition":{"Value":"New"},"LowestPrice":{"Amount":27.29,"Currency":"EUR","DisplayAmount":"27,29 €"}}]}},{"ASIN":"B09CHC4HQM","DetailPageURL":"https://www.amazon.es/dp/B09CHC4HQM?tag=topinalambricos-21&linkCode=osi&th=1&psc=1","Images":{"Primary":{"Small":{"Height":75,"URL":"https://m.media-amazon.com/images/I/41XOE7jwajL._SL75_.jpg","Width":75}}},"ItemInfo":{"ByLineInfo":{"Brand":{"DisplayValue":"EXCEART","Label":"Brand","Locale":"es_ES"},"Manufacturer":{"DisplayValue":"EXCEART","Label":"Manufacturer","Locale":"es_ES"}},"Title":{"DisplayValue":"EXCEART 1 Juego de Sellos de Letras Mayúsculas Conjunto de Sellos de Alfabeto Herramientas de Cuero Artesanía de Estampado Herramientas de Cuero para DIY Arte Arte Dorado","Label":"Title","Locale":"es_ES"}},"Offers":{"Summaries":[{"Condition":{"Value":"New"},"LowestPrice":{"Amount":18.69,"Currency":"EUR","DisplayAmount":"18,69 €"}}]}},{"ASIN":"B09RZSNSBC","DetailPageURL":"https://www.amazon.es/dp/B09RZSNSBC?tag=topinalambricos-21&linkCode=osi&th=1&psc=1","Images":{"Primary":{"Small":{"Height":75,"URL":"https://m.media-amazon.com/images/I/41WbMAgle4L._SL75_.jpg","Width":75}}},"ItemInfo":{"ByLineInfo":{"Brand":{"DisplayValue":"Glorex","Label":"Brand","Locale":"es_ES"},"Manufacturer":{"DisplayValue":"Glorex","Label":"Manufacturer","Locale":"es_ES"}},"Title":{"DisplayValue":"Glorex Pebaro 6 1671 006 - Juego de Sellos de combustión (16 Piezas, con números y Caracteres de latón, para atornillar para Pebaro, para Quemar Madera, Cuero, Corcho y Otros Materiales)","Label":"Title","Locale":"es_ES"}},"Offers":{"Summaries":[{"Condition":{"Value":"New"},"LowestPrice":{"Amount":30.29,"Currency":"EUR","DisplayAmount":"30,29 €"}}]}},{"ASIN":"B0B7NZZLS2","DetailPageURL":"https://www.amazon.es/dp/B0B7NZZLS2?tag=topinalambricos-21&linkCode=osi&th=1&psc=1","Images":{"Primary":{"Small":{"Height":75,"URL":"https://m.media-amazon.com/images/I/41QUnL3PT1L._SL75_.jpg","Width":75}}},"ItemInfo":{"ByLineInfo":{"Brand":{"DisplayValue":"KJHD","Label":"Brand","Locale":"es_ES"},"Manufacturer":{"DisplayValue":"KJHD","Label":"Manufacturer","Locale":"es_ES"}},"Title":{"DisplayValue":"KJHD Kit de Herramientas de Cuero Profesional Kit de Costura a Mano Punch Punch Talla Taller Trencher Thimble Wax Line Aguja Herramientas artesanales","Label":"Title","Locale":"es_ES"}},"Offers":{"Summaries":[{"Condition":{"Value":"New"},"LowestPrice":{"Amount":214.97,"Currency":"EUR","DisplayAmount":"214,97 €"}}]}}],"SearchURL":"https://www.amazon.es/s?k=pirograbado+cuero&rh=n%3A4358251031%2Cp_n_availability%3A-1&tag=topinalambricos-21&linkCode=osi","TotalResultCount":16}},"273":{"SearchResult":{"Items":[{"ASIN":"B01L6RYQUK","DetailPageURL":"https://www.amazon.es/dp/B01L6RYQUK?tag=topinalambricos-21&linkCode=osi&th=1&psc=1","Images":{"Primary":{"Small":{"Height":75,"URL":"https://m.media-amazon.com/images/I/41xOPZZLgdL._SL75_.jpg","Width":75}}},"ItemInfo":{"ByLineInfo":{"Brand":{"DisplayValue":"WORKPRO","Label":"Brand","Locale":"es_ES"},"Manufacturer":{"DisplayValue":"Hangzhou Greatstar Tools","Label":"Manufacturer","Locale":"es_ES"}},"Title":{"DisplayValue":"WORKPRO Alicates Sacabocado Agujero, Perforadora Puzones de 6 Tamaños 3.5-7.5 mm(Redondos,Rectangulares, Ovaladas),Sacador para Cuero Piel Cinturones Correas con 6 Placas","Label":"Title","Locale":"es_ES"}},"Offers":{"Summaries":[{"Condition":{"Value":"New"},"LowestPrice":{"Amount":13.99,"Currency":"EUR","DisplayAmount":"13,99 €"}}]}},{"ASIN":"B000PTQ9YM","DetailPageURL":"https://www.amazon.es/dp/B000PTQ9YM?tag=topinalambricos-21&linkCode=osi&th=1&psc=1","Images":{"Primary":{"Small":{"Height":75,"URL":"https://m.media-amazon.com/images/I/51yh7juj3xL._SL75_.jpg","Width":73}}},"ItemInfo":{"ByLineInfo":{"Brand":{"DisplayValue":"BGS","Label":"Brand","Locale":"es_ES"},"Manufacturer":{"DisplayValue":"BGS","Label":"Manufacturer","Locale":"es_ES"}},"Title":{"DisplayValue":"BGS 565 | Juego de sacabocados | 3 - 12 mm | 9 piezas","Label":"Title","Locale":"es_ES"}},"Offers":{"Summaries":[{"Condition":{"Value":"New"},"LowestPrice":{"Amount":15.37,"Currency":"EUR","DisplayAmount":"15,37 € (542,16 € / kg)","PricePerUnit":542.16}},{"Condition":{"Value":"Used"},"LowestPrice":{"Amount":13.34,"Currency":"EUR","DisplayAmount":"13,34 € (470,56 € / kg)","PricePerUnit":470.56}}]}},{"ASIN":"B019OS0TA4","DetailPageURL":"https://www.amazon.es/dp/B019OS0TA4?tag=topinalambricos-21&linkCode=osi&th=1&psc=1","Images":{"Primary":{"Small":{"Height":75,"URL":"https://m.media-amazon.com/images/I/51vQakVwAKL._SL75_.jpg","Width":75}}},"ItemInfo":{"ByLineInfo":{"Brand":{"DisplayValue":"S&R","Label":"Brand","Locale":"es_ES"},"Manufacturer":{"DisplayValue":"S&R Industriewerkzeuge GmbH","Label":"Manufacturer","Locale":"es_ES"}},"Title":{"DisplayValue":"S&R Alicate Sacabocados para Agujeros Cinturones y Cuero. MADE IN GERMANY. Punzones de 2/2,5/3 /3,5/4 /4,5 mm","Label":"Title","Locale":"es_ES"}},"Offers":{"Summaries":[{"Condition":{"Value":"New"},"LowestPrice":{"Amount":16.89,"Currency":"EUR","DisplayAmount":"16,89 €"}}]}},{"ASIN":"B000LFTF5U","DetailPageURL":"https://www.amazon.es/dp/B000LFTF5U?tag=topinalambricos-21&linkCode=osi&th=1&psc=1","Images":{"Primary":{"Small":{"Height":75,"URL":"https://m.media-amazon.com/images/I/31tv+QRJwqL._SL75_.jpg","Width":75}}},"ItemInfo":{"ByLineInfo":{"Brand":{"DisplayValue":"Silverline Tools","Label":"Brand","Locale":"es_ES"},"Manufacturer":{"DisplayValue":"Toolstream","Label":"Manufacturer","Locale":"es_ES"}},"Title":{"DisplayValue":"Silverline 200111 - Alicate sacabocados resistente, 2 - 4.5 mm","Label":"Title","Locale":"es_ES"}},"Offers":{"Summaries":[{"Condition":{"Value":"New"},"LowestPrice":{"Amount":11.99,"Currency":"EUR","DisplayAmount":"11,99 €"}}]}},{"ASIN":"B0B6HX1S32","DetailPageURL":"https://www.amazon.es/dp/B0B6HX1S32?tag=topinalambricos-21&linkCode=osi&th=1&psc=1","Images":{"Primary":{"Small":{"Height":75,"URL":"https://m.media-amazon.com/images/I/41XnyslX9PL._SL75_.jpg","Width":75}}},"ItemInfo":{"ByLineInfo":{"Brand":{"DisplayValue":"Newaner","Label":"Brand","Locale":"es_ES"},"Manufacturer":{"DisplayValue":"Newaner","Label":"Manufacturer","Locale":"es_ES"}},"Title":{"DisplayValue":"Newaner 2-4.5 mm alicate sacabocados con 6 redondo orificios, Pinza de troquelado giratorios, sacabocados cuero, agujeros cinturon, para perforar tarjetas, correas de reloj, cartón, zapatos de cuero","Label":"Title","Locale":"es_ES"}},"Offers":{"Summaries":[{"Condition":{"Value":"New"},"LowestPrice":{"Amount":11.99,"Currency":"EUR","DisplayAmount":"11,99 €"}}]}},{"ASIN":"B001E456SM","DetailPageURL":"https://www.amazon.es/dp/B001E456SM?tag=topinalambricos-21&linkCode=osi&th=1&psc=1","Images":{"Primary":{"Small":{"Height":73,"URL":"https://m.media-amazon.com/images/I/512L31N+FCL._SL75_.jpg","Width":75}}},"ItemInfo":{"ByLineInfo":{"Brand":{"DisplayValue":"BGS","Label":"Brand","Locale":"es_ES"},"Manufacturer":{"DisplayValue":"BGS","Label":"Manufacturer","Locale":"es_ES"}},"Title":{"DisplayValue":"BGS 566 | Juego de sacabocados | 5 - 35 mm | 14 piezas","Label":"Title","Locale":"es_ES"}},"Offers":{"Summaries":[{"Condition":{"Value":"New"},"LowestPrice":{"Amount":39.37,"Currency":"EUR","DisplayAmount":"39,37 €"}}]}},{"ASIN":"B07W4N5D32","DetailPageURL":"https://www.amazon.es/dp/B07W4N5D32?tag=topinalambricos-21&linkCode=osi&th=1&psc=1","Images":{"Primary":{"Small":{"Height":75,"URL":"https://m.media-amazon.com/images/I/51IqZkyPcYL._SL75_.jpg","Width":75}}},"ItemInfo":{"ByLineInfo":{"Brand":{"DisplayValue":"Diyife","Label":"Brand","Locale":"es_ES"},"Manufacturer":{"DisplayValue":"Diyife","Label":"Manufacturer","Locale":"es_ES"}},"Title":{"DisplayValue":"Alicate Sacabocados para Cinturones y Cuero, [Juego Completo] Diyife Agujero Perforadora Punzón de Cinturón, Herramienta de Alicate para Trabajo Pesado Múltiple Tamaño para Tarjeta, Goma, (Azul)","Label":"Title","Locale":"es_ES"}},"Offers":{"Summaries":[{"Condition":{"Value":"New"},"LowestPrice":{"Amount":14.99,"Currency":"EUR","DisplayAmount":"14,99 €"}}]}},{"ASIN":"B003XMX270","DetailPageURL":"https://www.amazon.es/dp/B003XMX270?tag=topinalambricos-21&linkCode=osi&th=1&psc=1","Images":{"Primary":{"Small":{"Height":61,"URL":"https://m.media-amazon.com/images/I/51qanTH3CgL._SL75_.jpg","Width":75}}},"ItemInfo":{"ByLineInfo":{"Brand":{"DisplayValue":"Mannesmann","Label":"Brand","Locale":"es_ES"},"Manufacturer":{"DisplayValue":"Brüder Mannesmann Werkzeuge","Label":"Manufacturer","Locale":"es_ES"}},"Title":{"DisplayValue":"Mannesmann - M 667 - Unidad perforada 9 piezas","Label":"Title","Locale":"es_ES"}},"Offers":{"Summaries":[{"Condition":{"Value":"New"},"LowestPrice":{"Amount":11.99,"Currency":"EUR","DisplayAmount":"11,99 €"}}]}},{"ASIN":"B08RDF3Y4H","DetailPageURL":"https://www.amazon.es/dp/B08RDF3Y4H?tag=topinalambricos-21&linkCode=osi&th=1&psc=1","Images":{"Primary":{"Small":{"Height":75,"URL":"https://m.media-amazon.com/images/I/51gNzS2a+iL._SL75_.jpg","Width":75}}},"ItemInfo":{"ByLineInfo":{"Brand":{"DisplayValue":"qipuneky","Label":"Brand","Locale":"es_ES"},"Manufacturer":{"DisplayValue":"qipuneky","Label":"Manufacturer","Locale":"es_ES"}},"Title":{"DisplayValue":"12Pcs Juego de Punzones de Agujero, Sacabocados cuero, para Cuero, Banda de Reloj, Cinturón de Junta, Zapatos, Tela, Ropa de Lona, Orejete （3-19mm）","Label":"Title","Locale":"es_ES"}},"Offers":{"Summaries":[{"Condition":{"Value":"New"},"LowestPrice":{"Amount":19.99,"Currency":"EUR","DisplayAmount":"19,99 €"}}]}},{"ASIN":"B08KW41SSM","DetailPageURL":"https://www.amazon.es/dp/B08KW41SSM?tag=topinalambricos-21&linkCode=osi&th=1&psc=1","Images":{"Primary":{"Small":{"Height":75,"URL":"https://m.media-amazon.com/images/I/41jVRDcRWAL._SL75_.jpg","Width":75}}},"ItemInfo":{"ByLineInfo":{"Brand":{"DisplayValue":"Huayue","Label":"Brand","Locale":"es_ES"},"Manufacturer":{"DisplayValue":"Huayue","Label":"Manufacturer","Locale":"es_ES"}},"Title":{"DisplayValue":"Huayue 15Pcs Punzones de Agujero Perforadoras Cuero Herramienta de Agujeros de Cuero, Sacabocados Cuero Profesional Punzón Hueco para Correas de Cuero (15 Diámetro: 0.5-6 mm)","Label":"Title","Locale":"es_ES"}},"Offers":{"Summaries":[{"Condition":{"Value":"New"},"LowestPrice":{"Amount":13.98,"Currency":"EUR","DisplayAmount":"13,98 €"}}]}}],"SearchURL":"https://www.amazon.es/s?k=sacabocados&rh=p_n_availability%3A-1&tag=topinalambricos-21&linkCode=osi","TotalResultCount":306}},"274":{"SearchResult":{"Items":[{"ASIN":"B07P6PK176","DetailPageURL":"https://www.amazon.es/dp/B07P6PK176?tag=topinalambricos-21&linkCode=osi&th=1&psc=1","Images":{"Primary":{"Small":{"Height":70,"URL":"https://m.media-amazon.com/images/I/61L51-L4EML._SL75_.jpg","Width":75}}},"ItemInfo":{"ByLineInfo":{"Brand":{"DisplayValue":"siismi","Label":"Brand","Locale":"es_ES"},"Manufacturer":{"DisplayValue":"SIISMI","Label":"Manufacturer","Locale":"es_ES"}},"Title":{"DisplayValue":"SIISMI 180 Set 2 Tamaños de Remaches de Cuero Remache de Doble Tapa Pernos con 3 Piezas de Herramienta de Reparación para DIY Artesanía de Cuero, Reemplazo de Remache, 3 colores oro, plata y bronce.","Label":"Title","Locale":"es_ES"}},"Offers":{"Summaries":[{"Condition":{"Value":"New"},"LowestPrice":{"Amount":11.99,"Currency":"EUR","DisplayAmount":"11,99 €"}}]}},{"ASIN":"B06WD68W7S","DetailPageURL":"https://www.amazon.es/dp/B06WD68W7S?tag=topinalambricos-21&linkCode=osi&th=1&psc=1","Images":{"Primary":{"Small":{"Height":75,"URL":"https://m.media-amazon.com/images/I/51XMjmNPkbL._SL75_.jpg","Width":75}}},"ItemInfo":{"ByLineInfo":{"Brand":{"DisplayValue":"Duokon","Label":"Brand","Locale":"es_ES"},"Manufacturer":{"DisplayValue":"Yosoo","Label":"Manufacturer","Locale":"es_ES"}},"Title":{"DisplayValue":"Remaches de botón de metal, 10 piezas Remache de latón plateado para manualidades en cuero Remache de metal con anillo de tracción Hebilla para bolsos Cinturones Pulseras de cuero Zapatos Botas Bolsos","Label":"Title","Locale":"es_ES"}},"Offers":{"Summaries":[{"Condition":{"Value":"New"},"LowestPrice":{"Amount":7.43,"Currency":"EUR","DisplayAmount":"7,43 €"}}]}},{"ASIN":"B096FGTY6N","DetailPageURL":"https://www.amazon.es/dp/B096FGTY6N?tag=topinalambricos-21&linkCode=osi&th=1&psc=1","Images":{"Primary":{"Small":{"Height":75,"URL":"https://m.media-amazon.com/images/I/51RTrIlOmBS._SL75_.jpg","Width":75}}},"ItemInfo":{"ByLineInfo":{"Brand":{"DisplayValue":"dtsc","Label":"Brand","Locale":"es_ES"},"Manufacturer":{"DisplayValue":"dcast","Label":"Manufacturer","Locale":"es_ES"}},"Title":{"DisplayValue":"140 Piezas Tachuelas para Ropa Remaches, Remaches Punk Metal, Remaches de Cuero, Pinchos Cono Picos, Accesorios de Moda, Adecuado para Ropa, Bolsos de Chaquetas de Jeans","Label":"Title","Locale":"es_ES"}},"Offers":{"Summaries":[{"Condition":{"Value":"New"},"LowestPrice":{"Amount":14.99,"Currency":"EUR","DisplayAmount":"14,99 €"}}]}},{"ASIN":"B08RRS15T6","DetailPageURL":"https://www.amazon.es/dp/B08RRS15T6?tag=topinalambricos-21&linkCode=osi&th=1&psc=1","Images":{"Primary":{"Small":{"Height":73,"URL":"https://m.media-amazon.com/images/I/51X8wNIbJtL._SL75_.jpg","Width":75}}},"ItemInfo":{"ByLineInfo":{"Brand":{"DisplayValue":"Libershine","Label":"Brand","Locale":"es_ES"},"Manufacturer":{"DisplayValue":"Libershine","Label":"Manufacturer","Locale":"es_ES"}},"Title":{"DisplayValue":"Libershine 200 Piezas Remaches Punk, Remaches Tachuelas con Tornillo, Tachuelas con Pinchos para Proyectos y Manualidades con Ropa de Piel - 7×10 mm","Label":"Title","Locale":"es_ES"}},"Offers":{"Summaries":[{"Condition":{"Value":"New"},"LowestPrice":{"Amount":13.99,"Currency":"EUR","DisplayAmount":"13,99 €"}}]}},{"ASIN":"B088M9FPCL","DetailPageURL":"https://www.amazon.es/dp/B088M9FPCL?tag=topinalambricos-21&linkCode=osi&th=1&psc=1","Images":{"Primary":{"Small":{"Height":75,"URL":"https://m.media-amazon.com/images/I/61bN+DfPOXL._SL75_.jpg","Width":75}}},"ItemInfo":{"ByLineInfo":{"Brand":{"DisplayValue":"ZARRS","Label":"Brand","Locale":"es_ES"},"Manufacturer":{"DisplayValue":"ZARRS","Label":"Manufacturer","Locale":"es_ES"}},"Title":{"DisplayValue":"Remaches de Cuero,300 Piezas Remache de Doble Tapa con 3 Herramientas de Fijación para Manualidades de Cuero,Cinturón 3 Tamaños(Oro,Plata y Bronce)","Label":"Title","Locale":"es_ES"}},"Offers":{"Summaries":[{"Condition":{"Value":"New"},"LowestPrice":{"Amount":16.99,"Currency":"EUR","DisplayAmount":"16,99 €"}}]}},{"ASIN":"B08LGZ7HGH","DetailPageURL":"https://www.amazon.es/dp/B08LGZ7HGH?tag=topinalambricos-21&linkCode=osi&th=1&psc=1","Images":{"Primary":{"Small":{"Height":75,"URL":"https://m.media-amazon.com/images/I/61Nqs-UDKpL._SL75_.jpg","Width":75}}},"ItemInfo":{"ByLineInfo":{"Brand":{"DisplayValue":"MOCOLI","Label":"Brand","Locale":"es_ES"},"Manufacturer":{"DisplayValue":"MOCOLI","Label":"Manufacturer","Locale":"es_ES"}},"Title":{"DisplayValue":"Remaches para Cuero 480 piezas Remache de Doble Tapa 3 Tamaños con Kit de Herramienta de Fijación para Artesanía de Cuero Reparación de Decoración 4 Color","Label":"Title","Locale":"es_ES"}},"Offers":{"Summaries":[{"Condition":{"Value":"New"},"LowestPrice":{"Amount":19.99,"Currency":"EUR","DisplayAmount":"19,99 €"}}]}},{"ASIN":"B088ZSF8Z3","DetailPageURL":"https://www.amazon.es/dp/B088ZSF8Z3?tag=topinalambricos-21&linkCode=osi&th=1&psc=1","Images":{"Primary":{"Small":{"Height":75,"URL":"https://m.media-amazon.com/images/I/51G7rS5IM+L._SL75_.jpg","Width":75}}},"ItemInfo":{"ByLineInfo":{"Brand":{"DisplayValue":"LAITER","Label":"Brand","Locale":"es_ES"},"Manufacturer":{"DisplayValue":"LAITER","Label":"Manufacturer","Locale":"es_ES"}},"Title":{"DisplayValue":"LAITER 150 Pcs Remaches Punk Tachuelas con Pinchos Cono Picos con Tornillo Plateado de Metal Aleación 7 × 10mm para DIY Bricolaje Decoración de Zapatos Cinturón Bolsa Pantalón Pulseras de Cuero Ropa","Label":"Title","Locale":"es_ES"}},"Offers":{"Summaries":[{"Condition":{"Value":"New"},"LowestPrice":{"Amount":11.57,"Currency":"EUR","DisplayAmount":"11,57 €"}}]}},{"ASIN":"B085MGJQ4D","DetailPageURL":"https://www.amazon.es/dp/B085MGJQ4D?tag=topinalambricos-21&linkCode=osi&th=1&psc=1","Images":{"Primary":{"Small":{"Height":75,"URL":"https://m.media-amazon.com/images/I/4106tzPbqML._SL75_.jpg","Width":75}}},"ItemInfo":{"ByLineInfo":{"Brand":{"DisplayValue":"PandaHall","Label":"Brand","Locale":"es_ES"},"Manufacturer":{"DisplayValue":"PandaHall","Label":"Manufacturer","Locale":"es_ES"}},"Title":{"DisplayValue":"PandaHall Elite 160 Piezas de 4 Formas de latón para Bolso de Mano, Remaches de Clavo, Cuadrados, Redondos, triagnales, fútbol, 4 Puntas, Cierre de botón para Manualidades de Cuero, Platino","Label":"Title","Locale":"es_ES"}},"Offers":{"Summaries":[{"Condition":{"Value":"New"},"LowestPrice":{"Amount":14.49,"Currency":"EUR","DisplayAmount":"14,49 €"}}]}},{"ASIN":"B09KTCQ35B","DetailPageURL":"https://www.amazon.es/dp/B09KTCQ35B?tag=topinalambricos-21&linkCode=osi&th=1&psc=1","Images":{"Primary":{"Small":{"Height":75,"URL":"https://m.media-amazon.com/images/I/51GGuR9dd3L._SL75_.jpg","Width":75}}},"ItemInfo":{"ByLineInfo":{"Brand":{"DisplayValue":"mellystore","Label":"Brand","Locale":"es_ES"},"Manufacturer":{"DisplayValue":"mellystore","Label":"Manufacturer","Locale":"es_ES"}},"Title":{"DisplayValue":"140pcs Remaches Punk Plateado Tachuelas con Pinchos Tachuelas Decorativas para Ropa Tachuelas para Cuero Remaches Pinchos Adecuado para Ropa Bolsos de Chaquetas de Jeans","Label":"Title","Locale":"es_ES"}},"Offers":{"Summaries":[{"Condition":{"Value":"New"},"LowestPrice":{"Amount":14.99,"Currency":"EUR","DisplayAmount":"14,99 €"}}]}},{"ASIN":"B07GKT511D","DetailPageURL":"https://www.amazon.es/dp/B07GKT511D?tag=topinalambricos-21&linkCode=osi&th=1&psc=1","Images":{"Primary":{"Small":{"Height":75,"URL":"https://m.media-amazon.com/images/I/41NYdG-huCL._SL75_.jpg","Width":75}}},"ItemInfo":{"ByLineInfo":{"Brand":{"DisplayValue":"Walfront","Label":"Brand","Locale":"es_ES"},"Manufacturer":{"DisplayValue":"Wal front","Label":"Manufacturer","Locale":"es_ES"}},"Title":{"DisplayValue":"20 juegos de 5mm, 6,5mm, 8mm, Latón, Varios Tornillos, Accesorios de Metal, Botón de Remache, para Decoración de Cuero, Encuadernación de Libros, Tornillo de Cabeza Plana Ranurado (5mm)","Label":"Title","Locale":"es_ES"}},"Offers":{"Summaries":[{"Condition":{"Value":"New"},"LowestPrice":{"Amount":8.45,"Currency":"EUR","DisplayAmount":"8,45 €"}}]}}],"SearchURL":"https://www.amazon.es/s?k=remaches&rh=n%3A4358254031%2Cp_n_availability%3A-1&tag=topinalambricos-21&linkCode=osi","TotalResultCount":2151}},"275":{"SearchResult":{"Items":[{"ASIN":"B08V4QZDND","DetailPageURL":"https://www.amazon.es/dp/B08V4QZDND?tag=topinalambricos-21&linkCode=osi&th=1&psc=1","Images":{"Primary":{"Small":{"Height":75,"URL":"https://m.media-amazon.com/images/I/51ZwlfYid2L._SL75_.jpg","Width":75}}},"ItemInfo":{"ByLineInfo":{"Brand":{"DisplayValue":"Homsyway","Label":"Brand","Locale":"es_ES"},"Manufacturer":{"DisplayValue":"Homsyway","Label":"Manufacturer","Locale":"es_ES"}},"Title":{"DisplayValue":"600 pieza Pyramid Square Studs 8/12/15 mm Remaches espiga LiceCraft Punk Head Nailhead Studs, para bolsas Cinturón ropa Zapatos de ropa DIY Proyectos, con abono de perforación y dedal(Bronce,Plata)","Label":"Title","Locale":"es_ES"}},"Offers":{"Summaries":[{"Condition":{"Value":"New"},"LowestPrice":{"Amount":13.99,"Currency":"EUR","DisplayAmount":"13,99 €"}}]}},{"ASIN":"B096FGTY6N","DetailPageURL":"https://www.amazon.es/dp/B096FGTY6N?tag=topinalambricos-21&linkCode=osi&th=1&psc=1","Images":{"Primary":{"Small":{"Height":75,"URL":"https://m.media-amazon.com/images/I/51RTrIlOmBS._SL75_.jpg","Width":75}}},"ItemInfo":{"ByLineInfo":{"Brand":{"DisplayValue":"dtsc","Label":"Brand","Locale":"es_ES"},"Manufacturer":{"DisplayValue":"dcast","Label":"Manufacturer","Locale":"es_ES"}},"Title":{"DisplayValue":"140 Piezas Tachuelas para Ropa Remaches, Remaches Punk Metal, Remaches de Cuero, Pinchos Cono Picos, Accesorios de Moda, Adecuado para Ropa, Bolsos de Chaquetas de Jeans","Label":"Title","Locale":"es_ES"}},"Offers":{"Summaries":[{"Condition":{"Value":"New"},"LowestPrice":{"Amount":14.99,"Currency":"EUR","DisplayAmount":"14,99 €"}}]}},{"ASIN":"B09DCXR36X","DetailPageURL":"https://www.amazon.es/dp/B09DCXR36X?tag=topinalambricos-21&linkCode=osi&th=1&psc=1","Images":{"Primary":{"Small":{"Height":75,"URL":"https://m.media-amazon.com/images/I/41CsXuWybgL._SL75_.jpg","Width":75}}},"ItemInfo":{"ByLineInfo":{"Brand":{"DisplayValue":"Sweieoni","Label":"Brand","Locale":"es_ES"},"Manufacturer":{"DisplayValue":"Sweieoni","Label":"Manufacturer","Locale":"es_ES"}},"Title":{"DisplayValue":"Sweieoni Tachuelas para Ropa 150 Piezas Remaches Punk Tachuelas Decorativas para Ropa con Tornillo, para la Decoración en Bolsas de Bricolaje Cazadoras de Cuero Ropa Zapatos (Plateado)","Label":"Title","Locale":"es_ES"}},"Offers":{"Summaries":[{"Condition":{"Value":"New"},"LowestPrice":{"Amount":13.98,"Currency":"EUR","DisplayAmount":"13,98 €"}}]}},{"ASIN":"B09KTCQ35B","DetailPageURL":"https://www.amazon.es/dp/B09KTCQ35B?tag=topinalambricos-21&linkCode=osi&th=1&psc=1","Images":{"Primary":{"Small":{"Height":75,"URL":"https://m.media-amazon.com/images/I/51GGuR9dd3L._SL75_.jpg","Width":75}}},"ItemInfo":{"ByLineInfo":{"Brand":{"DisplayValue":"mellystore","Label":"Brand","Locale":"es_ES"},"Manufacturer":{"DisplayValue":"mellystore","Label":"Manufacturer","Locale":"es_ES"}},"Title":{"DisplayValue":"140pcs Remaches Punk Plateado Tachuelas con Pinchos Tachuelas Decorativas para Ropa Tachuelas para Cuero Remaches Pinchos Adecuado para Ropa Bolsos de Chaquetas de Jeans","Label":"Title","Locale":"es_ES"}},"Offers":{"Summaries":[{"Condition":{"Value":"New"},"LowestPrice":{"Amount":14.99,"Currency":"EUR","DisplayAmount":"14,99 €"}}]}},{"ASIN":"B08V5FNLW8","DetailPageURL":"https://www.amazon.es/dp/B08V5FNLW8?tag=topinalambricos-21&linkCode=osi&th=1&psc=1","Images":{"Primary":{"Small":{"Height":75,"URL":"https://m.media-amazon.com/images/I/41erxUX5eiL._SL75_.jpg","Width":75}}},"ItemInfo":{"ByLineInfo":{"Brand":{"DisplayValue":"homsyway","Label":"Brand","Locale":"es_ES"},"Manufacturer":{"DisplayValue":"Homsyway","Label":"Manufacturer","Locale":"es_ES"}},"Title":{"DisplayValue":"100 piezas de clavos de cono, remaches punk, tachuelas de rosca, para bolsas, manualidades, pulseras, collares, ropa, zapatos, con destornillador (3 tamaños, plata)","Label":"Title","Locale":"es_ES"}},"Offers":{"Summaries":[{"Condition":{"Value":"New"},"LowestPrice":{"Amount":13.99,"Currency":"EUR","DisplayAmount":"13,99 €"}}]}},{"ASIN":"B088GRWZ27","DetailPageURL":"https://www.amazon.es/dp/B088GRWZ27?tag=topinalambricos-21&linkCode=osi&th=1&psc=1","Images":{"Primary":{"Small":{"Height":75,"URL":"https://m.media-amazon.com/images/I/61xyQhLgaDL._SL75_.jpg","Width":75}}},"ItemInfo":{"ByLineInfo":{"Brand":{"DisplayValue":"GOIYZTTR","Label":"Brand","Locale":"es_ES"},"Manufacturer":{"DisplayValue":"Moapei","Label":"Manufacturer","Locale":"es_ES"}},"Title":{"DisplayValue":"GOIYZTTR 100 Pcs Remaches Tachuelas Remaches Punk Remaches Cono Metal Bullet Stud Spike para la Decoración en Bolsas de Bricolaje Pulseras de Cuero Ropa Zapatos Etc/7x10mm","Label":"Title","Locale":"es_ES"}},"Offers":{"Summaries":[{"Condition":{"Value":"New"},"LowestPrice":{"Amount":7.99,"Currency":"EUR","DisplayAmount":"7,99 €"}}]}},{"ASIN":"B07S6F4PNR","DetailPageURL":"https://www.amazon.es/dp/B07S6F4PNR?tag=topinalambricos-21&linkCode=osi&th=1&psc=1","Images":{"Primary":{"Small":{"Height":75,"URL":"https://m.media-amazon.com/images/I/51V3MBPAfHL._SL75_.jpg","Width":75}}},"ItemInfo":{"ByLineInfo":{"Brand":{"DisplayValue":"DECARETA","Label":"Brand","Locale":"es_ES"},"Manufacturer":{"DisplayValue":"DECARETA","Label":"Manufacturer","Locale":"es_ES"}},"Title":{"DisplayValue":"DECARETA 100 Piezas Remaches Punk Plateado,Cono Picos con Tornillo,Remaches Tachuelas DIY Craft Cool Punk Para la Decoración en Bolsas de Bricolaje Pulseras de Cuero Ropa Zapatos Etc (Silver)","Label":"Title","Locale":"es_ES"}},"Offers":{"Summaries":[{"Condition":{"Value":"New"},"LowestPrice":{"Amount":9.99,"Currency":"EUR","DisplayAmount":"9,99 €"}}]}},{"ASIN":"B07LBCM6RS","DetailPageURL":"https://www.amazon.es/dp/B07LBCM6RS?tag=topinalambricos-21&linkCode=osi&th=1&psc=1","Images":{"Primary":{"Small":{"Height":71,"URL":"https://m.media-amazon.com/images/I/51knG9bzGJL._SL75_.jpg","Width":75}}},"ItemInfo":{"ByLineInfo":{"Brand":{"DisplayValue":"LAKII","Label":"Brand","Locale":"es_ES"},"Manufacturer":{"DisplayValue":"LAKII","Label":"Manufacturer","Locale":"es_ES"}},"Title":{"DisplayValue":"LAKII 180 Set 2 tamaños de cuero tapa doble remache Remaches Tachuelas Metal tubular con 3 piezas de fijación para DIY remaches de cobre herramienta de reemplazo, 3 colores oro, plata y bronce","Label":"Title","Locale":"es_ES"}},"Offers":{"Summaries":[{"Condition":{"Value":"New"},"LowestPrice":{"Amount":10.99,"Currency":"EUR","DisplayAmount":"10,99 €"}}]}},{"ASIN":"B08RRS15T6","DetailPageURL":"https://www.amazon.es/dp/B08RRS15T6?tag=topinalambricos-21&linkCode=osi&th=1&psc=1","Images":{"Primary":{"Small":{"Height":73,"URL":"https://m.media-amazon.com/images/I/51X8wNIbJtL._SL75_.jpg","Width":75}}},"ItemInfo":{"ByLineInfo":{"Brand":{"DisplayValue":"Libershine","Label":"Brand","Locale":"es_ES"},"Manufacturer":{"DisplayValue":"Libershine","Label":"Manufacturer","Locale":"es_ES"}},"Title":{"DisplayValue":"Libershine 200 Piezas Remaches Punk, Remaches Tachuelas con Tornillo, Tachuelas con Pinchos para Proyectos y Manualidades con Ropa de Piel - 7×10 mm","Label":"Title","Locale":"es_ES"}},"Offers":{"Summaries":[{"Condition":{"Value":"New"},"LowestPrice":{"Amount":13.99,"Currency":"EUR","DisplayAmount":"13,99 €"}}]}},{"ASIN":"B07XFC7YKS","DetailPageURL":"https://www.amazon.es/dp/B07XFC7YKS?tag=topinalambricos-21&linkCode=osi&th=1&psc=1","Images":{"Primary":{"Small":{"Height":75,"URL":"https://m.media-amazon.com/images/I/51DafviSHDL._SL75_.jpg","Width":75}}},"ItemInfo":{"ByLineInfo":{"Brand":{"DisplayValue":"Healifty","Label":"Brand","Locale":"es_ES"},"Manufacturer":{"DisplayValue":"Healifty","Label":"Manufacturer","Locale":"es_ES"}},"Title":{"DisplayValue":"Healifty 100pcs tachuelas planas remaches de cuero tachuelas pegamento en tachuelas para bolsos artesanales ropa cinturón zapatos bronce","Label":"Title","Locale":"es_ES"}},"Offers":{"Summaries":[{"Condition":{"Value":"New"},"LowestPrice":{"Amount":7.99,"Currency":"EUR","DisplayAmount":"7,99 €"}}]}}],"SearchURL":"https://www.amazon.es/s?k=tachuelas&rh=n%3A4358254031%2Cp_n_availability%3A-1&tag=topinalambricos-21&linkCode=osi","TotalResultCount":505}},"277":{"SearchResult":{"Items":[{"ASIN":"B077G314L1","DetailPageURL":"https://www.amazon.es/dp/B077G314L1?tag=topinalambricos-21&linkCode=osi&th=1&psc=1","Images":{"Primary":{"Small":{"Height":75,"URL":"https://m.media-amazon.com/images/I/41odSIVeegL._SL75_.jpg","Width":75}}},"ItemInfo":{"ByLineInfo":{"Brand":{"DisplayValue":"vidaXL","Label":"Brand","Locale":"es_ES"},"Manufacturer":{"DisplayValue":"vidaXL","Label":"Manufacturer","Locale":"es_ES"}},"Title":{"DisplayValue":"vidaXL Sofá Chesterfield 2 Plaza Cuero Artificial Marrón Sillón Asiento Mueble","Label":"Title","Locale":"es_ES"}},"Offers":{"Summaries":[{"Condition":{"Value":"New"},"LowestPrice":{"Amount":388.23,"Currency":"EUR","DisplayAmount":"388,23 €"}}]}},{"ASIN":"B01N8X32E0","DetailPageURL":"https://www.amazon.es/dp/B01N8X32E0?tag=topinalambricos-21&linkCode=osi&th=1&psc=1","Images":{"Primary":{"Small":{"Height":75,"URL":"https://m.media-amazon.com/images/I/31MBNv6RASS._SL75_.jpg","Width":75}}},"ItemInfo":{"ByLineInfo":{"Brand":{"DisplayValue":"vidaXL","Label":"Brand","Locale":"es_ES"},"Manufacturer":{"DisplayValue":"vidaXL","Label":"Manufacturer","Locale":"es_ES"}},"Title":{"DisplayValue":"vidaXL Sofá Moderno de 2 Plazas Cuero Artificial Blanco Sillón de Salón Casa","Label":"Title","Locale":"es_ES"}},"Offers":{"Summaries":[{"Condition":{"Value":"New"},"LowestPrice":{"Amount":271.96,"Currency":"EUR","DisplayAmount":"271,96 €"}}]}},{"ASIN":"B0BN1NXZLB","DetailPageURL":"https://www.amazon.es/dp/B0BN1NXZLB?tag=topinalambricos-21&linkCode=osi&th=1&psc=1","Images":{"Primary":{"Small":{"Height":75,"URL":"https://m.media-amazon.com/images/I/412ZxHxvT2L._SL75_.jpg","Width":75}}},"ItemInfo":{"ByLineInfo":{"Brand":{"DisplayValue":"Festnight","Label":"Brand","Locale":"es_ES"},"Manufacturer":{"DisplayValue":"Festnight","Label":"Manufacturer","Locale":"es_ES"}},"Title":{"DisplayValue":"Festnight Sofá de 3 Plazas con Respaldo y Cojines Acolchados Patas de Madera Sofá de Salon de Cuero Sintético para Dormitorio Oficina Crema 198 x 77 x 80 cm","Label":"Title","Locale":"es_ES"}},"Offers":{"Summaries":[{"Condition":{"Value":"New"},"LowestPrice":{"Amount":302.99,"Currency":"EUR","DisplayAmount":"302,99 €"}}]}},{"ASIN":"B09Y54PZJV","DetailPageURL":"https://www.amazon.es/dp/B09Y54PZJV?tag=topinalambricos-21&linkCode=osi&th=1&psc=1","Images":{"Primary":{"Small":{"Height":75,"URL":"https://m.media-amazon.com/images/I/31Ql8BC+WXS._SL75_.jpg","Width":75}}},"ItemInfo":{"ByLineInfo":{"Brand":{"DisplayValue":"LEMROE","Label":"Brand","Locale":"es_ES"},"Manufacturer":{"DisplayValue":"LEMROE","Label":"Manufacturer","Locale":"es_ES"}},"Title":{"DisplayValue":"LEMROE Sillones y chaises Longues 1 Plaza Cuero de imitación Sofa Cama pequeño con 1 cojín sillón para salón y Comedor Dormitorio Mueble Moderno (Marron Oscuro, Soltero)","Label":"Title","Locale":"es_ES"}},"Offers":{"Summaries":[{"Condition":{"Value":"New"},"LowestPrice":{"Amount":99.99,"Currency":"EUR","DisplayAmount":"99,99 €"}}]}},{"ASIN":"B01MQFRY50","DetailPageURL":"https://www.amazon.es/dp/B01MQFRY50?tag=topinalambricos-21&linkCode=osi&th=1&psc=1","Images":{"Primary":{"Small":{"Height":75,"URL":"https://m.media-amazon.com/images/I/31Um1KSDNTL._SL75_.jpg","Width":75}}},"ItemInfo":{"ByLineInfo":{"Brand":{"DisplayValue":"vidaXL","Label":"Brand","Locale":"es_ES"},"Manufacturer":{"DisplayValue":"vidaXL","Label":"Manufacturer","Locale":"es_ES"}},"Title":{"DisplayValue":"vidaXL Sofá Tipo Chesterfield 2 Plazas Revestimiento de Cuero Artificial Negro","Label":"Title","Locale":"es_ES"}},"Offers":{"Summaries":[{"Condition":{"Value":"New"},"LowestPrice":{"Amount":397.83,"Currency":"EUR","DisplayAmount":"397,83 €"}}]}},{"ASIN":"B09TSYMC12","DetailPageURL":"https://www.amazon.es/dp/B09TSYMC12?tag=topinalambricos-21&linkCode=osi&th=1&psc=1","Images":{"Primary":{"Small":{"Height":75,"URL":"https://m.media-amazon.com/images/I/41mPoP7+GAL._SL75_.jpg","Width":75}}},"ItemInfo":{"ByLineInfo":{"Brand":{"DisplayValue":"Kstyhome","Label":"Brand","Locale":"es_ES"},"Manufacturer":{"DisplayValue":"Kstyhome","Label":"Manufacturer","Locale":"es_ES"}},"Title":{"DisplayValue":"Kstyhome Sofá de Esquina Chesterfield 6 plazas, Sofas de Salon, Sofá Cama, Sofa Relax, Sofa Chaise Longue, Sofa Cama Chaise, Sofa Rinconera, Cuero Artificial Negro","Label":"Title","Locale":"es_ES"}},"Offers":{"Summaries":[{"Condition":{"Value":"New"},"LowestPrice":{"Amount":1298.14,"Currency":"EUR","DisplayAmount":"1.298,14 €"}}]}},{"ASIN":"B01N3TBHR8","DetailPageURL":"https://www.amazon.es/dp/B01N3TBHR8?tag=topinalambricos-21&linkCode=osi&th=1&psc=1","Images":{"Primary":{"Small":{"Height":75,"URL":"https://m.media-amazon.com/images/I/31HP+-PqgdL._SL75_.jpg","Width":75}}},"ItemInfo":{"ByLineInfo":{"Brand":{"DisplayValue":"vidaXL","Label":"Brand","Locale":"es_ES"},"Manufacturer":{"DisplayValue":"vidaXL","Label":"Manufacturer","Locale":"es_ES"}},"Title":{"DisplayValue":"vidaXL Sofá Tipo Chesterfield Negro 3 Plazas Revestimiento de Cuero Artificial","Label":"Title","Locale":"es_ES"}},"Offers":{"Summaries":[{"Condition":{"Value":"New"},"LowestPrice":{"Amount":486.73,"Currency":"EUR","DisplayAmount":"486,73 €"}}]}},{"ASIN":"B01GCNXCD0","DetailPageURL":"https://www.amazon.es/dp/B01GCNXCD0?tag=topinalambricos-21&linkCode=osi&th=1&psc=1","Images":{"Primary":{"Small":{"Height":75,"URL":"https://m.media-amazon.com/images/I/311WFgIYYrL._SL75_.jpg","Width":75}}},"ItemInfo":{"ByLineInfo":{"Brand":{"DisplayValue":"vidaXL","Label":"Brand","Locale":"es_ES"},"Manufacturer":{"DisplayValue":"vidaXL","Label":"Manufacturer","Locale":"es_ES"}},"Title":{"DisplayValue":"vidaXL Sofá Cama Reclinable Cojines Madera Cuero Sintético Sillón para Dormir","Label":"Title","Locale":"es_ES"}},"Offers":{"Summaries":[{"Condition":{"Value":"New"},"LowestPrice":{"Amount":190.77,"Currency":"EUR","DisplayAmount":"190,77 €"}}]}},{"ASIN":"B07842L61R","DetailPageURL":"https://www.amazon.es/dp/B07842L61R?tag=topinalambricos-21&linkCode=osi&th=1&psc=1","Images":{"Primary":{"Small":{"Height":75,"URL":"https://m.media-amazon.com/images/I/31utA+pRCWL._SL75_.jpg","Width":75}}},"ItemInfo":{"ByLineInfo":{"Brand":{"DisplayValue":"vidaXL","Label":"Brand","Locale":"es_ES"},"Manufacturer":{"DisplayValue":"vidaXL","Label":"Manufacturer","Locale":"es_ES"}},"Title":{"DisplayValue":"vidaXL Sofá Chesterfield 5 Plazas Lujoso Cuero Artificial Marrón Sillón Esquina","Label":"Title","Locale":"es_ES"}},"Offers":{"Summaries":[{"Condition":{"Value":"New"},"LowestPrice":{"Amount":698.97,"Currency":"EUR","DisplayAmount":"698,97 €"}}]}},{"ASIN":"B09YPSFG35","DetailPageURL":"https://www.amazon.es/dp/B09YPSFG35?tag=topinalambricos-21&linkCode=osi&th=1&psc=1","Images":{"Primary":{"Small":{"Height":75,"URL":"https://m.media-amazon.com/images/I/41nCtJqa9IL._SL75_.jpg","Width":75}}},"ItemInfo":{"ByLineInfo":{"Brand":{"DisplayValue":"Gecheer","Label":"Brand","Locale":"es_ES"},"Manufacturer":{"DisplayValue":"Gecheer","Label":"Manufacturer","Locale":"es_ES"}},"Title":{"DisplayValue":"Gecheer Sofá Cama de 2 plazas Cuero sintético Negro,Sofa Cama Chaise Longue Sofa de Salón Moderno para Salón Dormitorio,Fácilmente Convertible en una Cama","Label":"Title","Locale":"es_ES"}},"Offers":{"Summaries":[{"Condition":{"Value":"New"},"LowestPrice":{"Amount":280.99,"Currency":"EUR","DisplayAmount":"280,99 €"}}]}}],"SearchURL":"https://www.amazon.es/s?k=sofa+cuero&rh=n%3A2822922031%2Cp_n_availability%3A-1&tag=topinalambricos-21&linkCode=osi","TotalResultCount":2715}},"278":{"SearchResult":{"Items":[{"ASIN":"B01N8X32E0","DetailPageURL":"https://www.amazon.es/dp/B01N8X32E0?tag=topinalambricos-21&linkCode=osi&th=1&psc=1","Images":{"Primary":{"Small":{"Height":75,"URL":"https://m.media-amazon.com/images/I/31MBNv6RASS._SL75_.jpg","Width":75}}},"ItemInfo":{"ByLineInfo":{"Brand":{"DisplayValue":"vidaXL","Label":"Brand","Locale":"es_ES"},"Manufacturer":{"DisplayValue":"vidaXL","Label":"Manufacturer","Locale":"es_ES"}},"Title":{"DisplayValue":"vidaXL Sofá Moderno de 2 Plazas Cuero Artificial Blanco Sillón de Salón Casa","Label":"Title","Locale":"es_ES"}},"Offers":{"Summaries":[{"Condition":{"Value":"New"},"LowestPrice":{"Amount":271.96,"Currency":"EUR","DisplayAmount":"271,96 €"}}]}},{"ASIN":"B0711B4JJ5","DetailPageURL":"https://www.amazon.es/dp/B0711B4JJ5?tag=topinalambricos-21&linkCode=osi&th=1&psc=1","Images":{"Primary":{"Small":{"Height":75,"URL":"https://m.media-amazon.com/images/I/31s3maSHNjL._SL75_.jpg","Width":75}}},"ItemInfo":{"ByLineInfo":{"Brand":{"DisplayValue":"vidaXL","Label":"Brand","Locale":"es_ES"},"Manufacturer":{"DisplayValue":"vidaXL","Label":"Manufacturer","Locale":"es_ES"}},"Title":{"DisplayValue":"vidaXL Sofá Chesterfield 5 Plazas Cuero Artificial Blanco Sillón Asiento Silla","Label":"Title","Locale":"es_ES"}},"Offers":{"Summaries":[{"Condition":{"Value":"New"},"LowestPrice":{"Amount":680.39,"Currency":"EUR","DisplayAmount":"680,39 €"}}]}},{"ASIN":"B07GZJG5W6","DetailPageURL":"https://www.amazon.es/dp/B07GZJG5W6?tag=topinalambricos-21&linkCode=osi&th=1&psc=1","Images":{"Primary":{"Small":{"Height":75,"URL":"https://m.media-amazon.com/images/I/21cxSrPF6YL._SL75_.jpg","Width":75}}},"ItemInfo":{"ByLineInfo":{"Brand":{"DisplayValue":"vidaXL","Label":"Brand","Locale":"es_ES"},"Manufacturer":{"DisplayValue":"vidaXL","Label":"Manufacturer","Locale":"es_ES"}},"Title":{"DisplayValue":"vidaXL Sofá Chesterfield en Forma L Cuero Artificial Blanco Mobiliario Hogar","Label":"Title","Locale":"es_ES"}},"Offers":{"Summaries":[{"Condition":{"Value":"New"},"LowestPrice":{"Amount":608.08,"Currency":"EUR","DisplayAmount":"608,08 €"}}]}},{"ASIN":"B09TSX5C67","DetailPageURL":"https://www.amazon.es/dp/B09TSX5C67?tag=topinalambricos-21&linkCode=osi&th=1&psc=1","Images":{"Primary":{"Small":{"Height":75,"URL":"https://m.media-amazon.com/images/I/21Kbjk-5uyL._SL75_.jpg","Width":75}}},"ItemInfo":{"ByLineInfo":{"Brand":{"DisplayValue":"Kstyhome","Label":"Brand","Locale":"es_ES"},"Manufacturer":{"DisplayValue":"Kstyhome","Label":"Manufacturer","Locale":"es_ES"}},"Title":{"DisplayValue":"Kstyhome Sofá Chesterfield en Forma L, Sofas de Salon, Sofá Cama, Sofa Relax, Sofa Chaise Longue, Sofa Cama Chaise, Rinconera Sofa, Cuero Artificial Blanco","Label":"Title","Locale":"es_ES"}},"Offers":{"Summaries":[{"Condition":{"Value":"New"},"LowestPrice":{"Amount":977.49,"Currency":"EUR","DisplayAmount":"977,49 €"}}]}},{"ASIN":"B01N05NAR9","DetailPageURL":"https://www.amazon.es/dp/B01N05NAR9?tag=topinalambricos-21&linkCode=osi&th=1&psc=1","Images":{"Primary":{"Small":{"Height":75,"URL":"https://m.media-amazon.com/images/I/31Nz-10Z57L._SL75_.jpg","Width":75}}},"ItemInfo":{"ByLineInfo":{"Brand":{"DisplayValue":"vidaXL","Label":"Brand","Locale":"es_ES"},"Manufacturer":{"DisplayValue":"vidaXL","Label":"Manufacturer","Locale":"es_ES"}},"Title":{"DisplayValue":"vidaXL Sofá seccional en L de Cuero Artificial 3 Asientos Blanco Mueble de casa","Label":"Title","Locale":"es_ES"}},"Offers":{"Summaries":[{"Condition":{"Value":"New"},"LowestPrice":{"Amount":392.56,"Currency":"EUR","DisplayAmount":"392,56 €"}}]}},{"ASIN":"B01N3P7YWS","DetailPageURL":"https://www.amazon.es/dp/B01N3P7YWS?tag=topinalambricos-21&linkCode=osi&th=1&psc=1","Images":{"Primary":{"Small":{"Height":75,"URL":"https://m.media-amazon.com/images/I/31qEj+zm0gL._SL75_.jpg","Width":75}}},"ItemInfo":{"ByLineInfo":{"Brand":{"DisplayValue":"vidaXL","Label":"Brand","Locale":"es_ES"},"Manufacturer":{"DisplayValue":"vidaXL","Label":"Manufacturer","Locale":"es_ES"}},"Title":{"DisplayValue":"vidaXL Sofá Tipo Chesterfield Blanco de 2 Plazas Revestimiento Cuero Artificial","Label":"Title","Locale":"es_ES"}},"Offers":{"Summaries":[{"Condition":{"Value":"New"},"LowestPrice":{"Amount":317.29,"Currency":"EUR","DisplayAmount":"317,29 €"}}]}},{"ASIN":"B07H7C4XQF","DetailPageURL":"https://www.amazon.es/dp/B07H7C4XQF?tag=topinalambricos-21&linkCode=osi&th=1&psc=1","Images":{"Primary":{"Small":{"Height":75,"URL":"https://m.media-amazon.com/images/I/31DsejUmsKL._SL75_.jpg","Width":75}}},"ItemInfo":{"ByLineInfo":{"Brand":{"DisplayValue":"Festnight","Label":"Brand","Locale":"es_ES"},"Manufacturer":{"DisplayValue":"Festnight","Label":"Manufacturer","Locale":"es_ES"}},"Title":{"DisplayValue":"Festnight Sofá de Chesterfiel de Estilo Antiguo Chaise Lounge Diván,Cuero Artificia Blanco Crema 168x58x77cm","Label":"Title","Locale":"es_ES"}},"Offers":{"Summaries":[{"Condition":{"Value":"New"},"LowestPrice":{"Amount":402.99,"Currency":"EUR","DisplayAmount":"402,99 €"}}]}},{"ASIN":"B09TSZ9HJF","DetailPageURL":"https://www.amazon.es/dp/B09TSZ9HJF?tag=topinalambricos-21&linkCode=osi&th=1&psc=1","Images":{"Primary":{"Small":{"Height":75,"URL":"https://m.media-amazon.com/images/I/41qaS+9InKL._SL75_.jpg","Width":75}}},"ItemInfo":{"ByLineInfo":{"Brand":{"DisplayValue":"Kstyhome","Label":"Brand","Locale":"es_ES"},"Manufacturer":{"DisplayValue":"Kstyhome","Label":"Manufacturer","Locale":"es_ES"}},"Title":{"DisplayValue":"Kstyhome Sofá de Esquina Chesterfield 6 plazas, Sofas de Salon, Sofá Cama, Sofa Relax, Sofa Chaise Longue, Sofa Cama Chaise, Sofa Rinconera, Cuero Artificial Blanco","Label":"Title","Locale":"es_ES"}},"Offers":{"Summaries":[{"Condition":{"Value":"New"},"LowestPrice":{"Amount":1321.53,"Currency":"EUR","DisplayAmount":"1.321,53 €"}}]}},{"ASIN":"B07JGLZXMH","DetailPageURL":"https://www.amazon.es/dp/B07JGLZXMH?tag=topinalambricos-21&linkCode=osi&th=1&psc=1","Images":{"Primary":{"Small":{"Height":56,"URL":"https://m.media-amazon.com/images/I/215WKkypJ9L._SL75_.jpg","Width":75}}},"ItemInfo":{"ByLineInfo":{"Brand":{"DisplayValue":"Beliani","Label":"Brand","Locale":"es_ES"},"Contributors":[{"Locale":"es_ES","Name":"Beliani","Role":"Diseñador","RoleType":"designer"}],"Manufacturer":{"DisplayValue":"Beliani","Label":"Manufacturer","Locale":"es_ES"}},"Title":{"DisplayValue":"Sofá esquinero tapizado en cuero blanco versión derecha con reposacabezas ajustables Stockholm","Label":"Title","Locale":"es_ES"}},"Offers":{"Summaries":[{"Condition":{"Value":"New"},"LowestPrice":{"Amount":2089.99,"Currency":"EUR","DisplayAmount":"2.089,99 €"}}]}},{"ASIN":"B07BHMHTD3","DetailPageURL":"https://www.amazon.es/dp/B07BHMHTD3?tag=topinalambricos-21&linkCode=osi&th=1&psc=1","Images":{"Primary":{"Small":{"Height":75,"URL":"https://m.media-amazon.com/images/I/51CdxO5RfUL._SL75_.jpg","Width":75}}},"ItemInfo":{"ByLineInfo":{"Brand":{"DisplayValue":"Festnight","Label":"Brand","Locale":"es_ES"},"Manufacturer":{"DisplayValue":"Festnight","Label":"Manufacturer","Locale":"es_ES"}},"Title":{"DisplayValue":"Festnight Sofa de Piel con 3 Asientos Blanco 188 x 122 x 77 cm","Label":"Title","Locale":"es_ES"}},"Offers":{"Summaries":[{"Condition":{"Value":"New"},"LowestPrice":{"Amount":420.99,"Currency":"EUR","DisplayAmount":"420,99 €"}}]}}],"SearchURL":"https://www.amazon.es/s?k=sofa+cuero+blanco&rh=n%3A2822922031%2Cp_n_availability%3A-1&tag=topinalambricos-21&linkCode=osi","TotalResultCount":510}},"279":{"SearchResult":{"Items":[{"ASIN":"B077G314L1","DetailPageURL":"https://www.amazon.es/dp/B077G314L1?tag=topinalambricos-21&linkCode=osi&th=1&psc=1","Images":{"Primary":{"Small":{"Height":75,"URL":"https://m.media-amazon.com/images/I/41odSIVeegL._SL75_.jpg","Width":75}}},"ItemInfo":{"ByLineInfo":{"Brand":{"DisplayValue":"vidaXL","Label":"Brand","Locale":"es_ES"},"Manufacturer":{"DisplayValue":"vidaXL","Label":"Manufacturer","Locale":"es_ES"}},"Title":{"DisplayValue":"vidaXL Sofá Chesterfield 2 Plaza Cuero Artificial Marrón Sillón Asiento Mueble","Label":"Title","Locale":"es_ES"}},"Offers":{"Summaries":[{"Condition":{"Value":"New"},"LowestPrice":{"Amount":388.23,"Currency":"EUR","DisplayAmount":"388,23 €"}}]}},{"ASIN":"B07842L61R","DetailPageURL":"https://www.amazon.es/dp/B07842L61R?tag=topinalambricos-21&linkCode=osi&th=1&psc=1","Images":{"Primary":{"Small":{"Height":75,"URL":"https://m.media-amazon.com/images/I/31utA+pRCWL._SL75_.jpg","Width":75}}},"ItemInfo":{"ByLineInfo":{"Brand":{"DisplayValue":"vidaXL","Label":"Brand","Locale":"es_ES"},"Manufacturer":{"DisplayValue":"vidaXL","Label":"Manufacturer","Locale":"es_ES"}},"Title":{"DisplayValue":"vidaXL Sofá Chesterfield 5 Plazas Lujoso Cuero Artificial Marrón Sillón Esquina","Label":"Title","Locale":"es_ES"}},"Offers":{"Summaries":[{"Condition":{"Value":"New"},"LowestPrice":{"Amount":698.97,"Currency":"EUR","DisplayAmount":"698,97 €"}}]}},{"ASIN":"B077N4MG2G","DetailPageURL":"https://www.amazon.es/dp/B077N4MG2G?tag=topinalambricos-21&linkCode=osi&th=1&psc=1","Images":{"Primary":{"Small":{"Height":75,"URL":"https://m.media-amazon.com/images/I/41ZlbYoGieL._SL75_.jpg","Width":75}}},"ItemInfo":{"ByLineInfo":{"Brand":{"DisplayValue":"vidaXL","Label":"Brand","Locale":"es_ES"},"Manufacturer":{"DisplayValue":"vidaXL","Label":"Manufacturer","Locale":"es_ES"}},"Title":{"DisplayValue":"vidaXL Sofá de Estilo Chesterfield de 3 Plazas Cuero Artificial Marrón Sillón","Label":"Title","Locale":"es_ES"}},"Offers":{"Summaries":[{"Condition":{"Value":"New"},"LowestPrice":{"Amount":594.03,"Currency":"EUR","DisplayAmount":"594,03 €"}}]}},{"ASIN":"B077PXHZTR","DetailPageURL":"https://www.amazon.es/dp/B077PXHZTR?tag=topinalambricos-21&linkCode=osi&th=1&psc=1","Images":{"Primary":{"Small":{"Height":75,"URL":"https://m.media-amazon.com/images/I/51W2wyLFRbL._SL75_.jpg","Width":75}}},"ItemInfo":{"ByLineInfo":{"Brand":{"DisplayValue":"Bagno Italia","Label":"Brand","Locale":"es_ES"},"Manufacturer":{"DisplayValue":"BAGNO ITALIA","Label":"Manufacturer","Locale":"es_ES"}},"Title":{"DisplayValue":"Bagno Italia Sofá Cama Espacio de Almacenamiento 190x112x43, en Colores Blanco, Negro, marrón en imitación de Cuero o Microfibra","Label":"Title","Locale":"es_ES"}},"Offers":{"Summaries":[{"Condition":{"Value":"New"},"LowestPrice":{"Amount":570.0,"Currency":"EUR","DisplayAmount":"570,00 €"}}]}},{"ASIN":"B09L2JWCP8","DetailPageURL":"https://www.amazon.es/dp/B09L2JWCP8?tag=topinalambricos-21&linkCode=osi&th=1&psc=1","Images":{"Primary":{"Small":{"Height":75,"URL":"https://m.media-amazon.com/images/I/318LhrsG8ML._SL75_.jpg","Width":75}}},"ItemInfo":{"ByLineInfo":{"Brand":{"DisplayValue":"SHIITO","Label":"Brand","Locale":"es_ES"},"Manufacturer":{"DisplayValue":"SHIITO","Label":"Manufacturer","Locale":"es_ES"}},"Title":{"DisplayValue":"Shiito - Sofá de 2 Plazas - Modelo Turín - 146 x 105 x 95 cm - Máximo Confort y Estilo - Elegante y Sencillo - Tapizado con Tela Efecto Cuero - Marrón","Label":"Title","Locale":"es_ES"}},"Offers":{"Summaries":[{"Condition":{"Value":"New"},"LowestPrice":{"Amount":499.0,"Currency":"EUR","DisplayAmount":"499,00 €"}}]}},{"ASIN":"B09Y54PZJV","DetailPageURL":"https://www.amazon.es/dp/B09Y54PZJV?tag=topinalambricos-21&linkCode=osi&th=1&psc=1","Images":{"Primary":{"Small":{"Height":75,"URL":"https://m.media-amazon.com/images/I/31Ql8BC+WXS._SL75_.jpg","Width":75}}},"ItemInfo":{"ByLineInfo":{"Brand":{"DisplayValue":"LEMROE","Label":"Brand","Locale":"es_ES"},"Manufacturer":{"DisplayValue":"LEMROE","Label":"Manufacturer","Locale":"es_ES"}},"Title":{"DisplayValue":"LEMROE Sillones y chaises Longues 1 Plaza Cuero de imitación Sofa Cama pequeño con 1 cojín sillón para salón y Comedor Dormitorio Mueble Moderno (Marron Oscuro, Soltero)","Label":"Title","Locale":"es_ES"}},"Offers":{"Summaries":[{"Condition":{"Value":"New"},"LowestPrice":{"Amount":99.99,"Currency":"EUR","DisplayAmount":"99,99 €"}}]}},{"ASIN":"B09B9WS4LW","DetailPageURL":"https://www.amazon.es/dp/B09B9WS4LW?tag=topinalambricos-21&linkCode=osi&th=1&psc=1","Images":{"Primary":{"Small":{"Height":49,"URL":"https://m.media-amazon.com/images/I/31O1DD+EVfL._SL75_.jpg","Width":75}}},"ItemInfo":{"ByLineInfo":{"Brand":{"DisplayValue":"SWEET SOFA","Label":"Brand","Locale":"es_ES"},"Manufacturer":{"DisplayValue":"SWEET SOFA","Label":"Manufacturer","Locale":"es_ES"}},"Title":{"DisplayValue":"SWEET SOFA® - Sofá Chaise Longue Cama Luca, Sofá 3 plazas Convertible en Cama Doble, Tapizado (Marrón)","Label":"Title","Locale":"es_ES"}},"Offers":{"Summaries":[{"Condition":{"Value":"New"},"LowestPrice":{"Amount":449.99,"Currency":"EUR","DisplayAmount":"449,99 €"}}]}},{"ASIN":"B09S36198M","DetailPageURL":"https://www.amazon.es/dp/B09S36198M?tag=topinalambricos-21&linkCode=osi&th=1&psc=1","Images":{"Primary":{"Small":{"Height":75,"URL":"https://m.media-amazon.com/images/I/31umCfsNGVL._SL75_.jpg","Width":75}}},"ItemInfo":{"ByLineInfo":{"Brand":{"DisplayValue":"vidaXL","Label":"Brand","Locale":"es_ES"},"Manufacturer":{"DisplayValue":"vidaXL","Label":"Manufacturer","Locale":"es_ES"}},"Title":{"DisplayValue":"vidaXL Sofá Cama de 2 Plazas Invitado Pijamada Ocasional Auxiliar Salón Sala de Estar Dormitorio Habitación Muebles Mobiliario Cuero Sintético Marrón","Label":"Title","Locale":"es_ES"}},"Offers":{"Summaries":[{"Condition":{"Value":"New"},"LowestPrice":{"Amount":218.89,"Currency":"EUR","DisplayAmount":"218,89 €"}}]}},{"ASIN":"B07G14GTFN","DetailPageURL":"https://www.amazon.es/dp/B07G14GTFN?tag=topinalambricos-21&linkCode=osi&th=1&psc=1","Images":{"Primary":{"Small":{"Height":75,"URL":"https://m.media-amazon.com/images/I/41zc31pJqWL._SL75_.jpg","Width":75}}},"ItemInfo":{"ByLineInfo":{"Brand":{"DisplayValue":"Festnight","Label":"Brand","Locale":"es_ES"},"Manufacturer":{"DisplayValue":"Festnight","Label":"Manufacturer","Locale":"es_ES"}},"Title":{"DisplayValue":"Festnight- Moda Sofá de Esquina Chesterfield 2 plazas de Cuero Artificial Marrón","Label":"Title","Locale":"es_ES"}},"Offers":{"Summaries":[{"Condition":{"Value":"New"},"LowestPrice":{"Amount":477.99,"Currency":"EUR","DisplayAmount":"477,99 €"}}]}},{"ASIN":"B07DC19Q44","DetailPageURL":"https://www.amazon.es/dp/B07DC19Q44?tag=topinalambricos-21&linkCode=osi&th=1&psc=1","Images":{"Primary":{"Small":{"Height":75,"URL":"https://m.media-amazon.com/images/I/41F9gYCKLtL._SL75_.jpg","Width":75}}},"ItemInfo":{"ByLineInfo":{"Brand":{"DisplayValue":"Festnight","Label":"Brand","Locale":"es_ES"},"Manufacturer":{"DisplayValue":"FestnightJ","Label":"Manufacturer","Locale":"es_ES"}},"Title":{"DisplayValue":"Festnight Sofá de Interior, Sofás de Salón con 3 Plazas, Piel de Ante Artificial,191x73x82 cm,Color Marrón","Label":"Title","Locale":"es_ES"}},"Offers":{"Summaries":[{"Condition":{"Value":"New"},"LowestPrice":{"Amount":494.99,"Currency":"EUR","DisplayAmount":"494,99 €"}}]}}],"SearchURL":"https://www.amazon.es/s?k=sofa+cuero+marron&rh=n%3A2822922031%2Cp_n_availability%3A-1&tag=topinalambricos-21&linkCode=osi","TotalResultCount":405}},"280":{"SearchResult":{"Items":[{"ASIN":"B01MQFRY50","DetailPageURL":"https://www.amazon.es/dp/B01MQFRY50?tag=topinalambricos-21&linkCode=osi&th=1&psc=1","Images":{"Primary":{"Small":{"Height":75,"URL":"https://m.media-amazon.com/images/I/31Um1KSDNTL._SL75_.jpg","Width":75}}},"ItemInfo":{"ByLineInfo":{"Brand":{"DisplayValue":"vidaXL","Label":"Brand","Locale":"es_ES"},"Manufacturer":{"DisplayValue":"vidaXL","Label":"Manufacturer","Locale":"es_ES"}},"Title":{"DisplayValue":"vidaXL Sofá Tipo Chesterfield 2 Plazas Revestimiento de Cuero Artificial Negro","Label":"Title","Locale":"es_ES"}},"Offers":{"Summaries":[{"Condition":{"Value":"New"},"LowestPrice":{"Amount":397.83,"Currency":"EUR","DisplayAmount":"397,83 €"}}]}},{"ASIN":"B07XTK5QCB","DetailPageURL":"https://www.amazon.es/dp/B07XTK5QCB?tag=topinalambricos-21&linkCode=osi&th=1&psc=1","Images":{"Primary":{"Small":{"Height":49,"URL":"https://m.media-amazon.com/images/I/216DEte4VjS._SL75_.jpg","Width":75}}},"ItemInfo":{"ByLineInfo":{"Brand":{"DisplayValue":"BUDWING","Label":"Brand","Locale":"es_ES"},"Manufacturer":{"DisplayValue":"Budwing","Label":"Manufacturer","Locale":"es_ES"}},"Title":{"DisplayValue":"BUDWING Pedro Hogar Sofa 3 Plazas o 2 Plazas Pequeño Economico Salon en Polipiel Estrecho Negro Sofá de Salon Decoración de Hogar Cojines y Tapicería de Polipiel Piel Sintética 170 x 80 x 80","Label":"Title","Locale":"es_ES"}},"Offers":{"Summaries":[{"Condition":{"Value":"New"},"LowestPrice":{"Amount":258.0,"Currency":"EUR","DisplayAmount":"258,00 €"}}]}},{"ASIN":"B01MRH6IKN","DetailPageURL":"https://www.amazon.es/dp/B01MRH6IKN?tag=topinalambricos-21&linkCode=osi&th=1&psc=1","Images":{"Primary":{"Small":{"Height":75,"URL":"https://m.media-amazon.com/images/I/31-+Mh4e71L._SL75_.jpg","Width":75}}},"ItemInfo":{"ByLineInfo":{"Brand":{"DisplayValue":"vidaXL","Label":"Brand","Locale":"es_ES"},"Manufacturer":{"DisplayValue":"vidaXL","Label":"Manufacturer","Locale":"es_ES"}},"Title":{"DisplayValue":"vidaXL Sofá Moderno de 3 Plazas de Cuero Artificial Negro Sillón de Salón Casa","Label":"Title","Locale":"es_ES"}},"Offers":{"Summaries":[{"Condition":{"Value":"New"},"LowestPrice":{"Amount":333.45,"Currency":"EUR","DisplayAmount":"333,45 €"}}]}},{"ASIN":"B01N3TBHR8","DetailPageURL":"https://www.amazon.es/dp/B01N3TBHR8?tag=topinalambricos-21&linkCode=osi&th=1&psc=1","Images":{"Primary":{"Small":{"Height":75,"URL":"https://m.media-amazon.com/images/I/31HP+-PqgdL._SL75_.jpg","Width":75}}},"ItemInfo":{"ByLineInfo":{"Brand":{"DisplayValue":"vidaXL","Label":"Brand","Locale":"es_ES"},"Manufacturer":{"DisplayValue":"vidaXL","Label":"Manufacturer","Locale":"es_ES"}},"Title":{"DisplayValue":"vidaXL Sofá Tipo Chesterfield Negro 3 Plazas Revestimiento de Cuero Artificial","Label":"Title","Locale":"es_ES"}},"Offers":{"Summaries":[{"Condition":{"Value":"New"},"LowestPrice":{"Amount":486.73,"Currency":"EUR","DisplayAmount":"486,73 €"}}]}},{"ASIN":"B0BPRDTZCT","DetailPageURL":"https://www.amazon.es/dp/B0BPRDTZCT?tag=topinalambricos-21&linkCode=osi&th=1&psc=1","Images":{"Primary":{"Small":{"Height":75,"URL":"https://m.media-amazon.com/images/I/41LANcYxy0L._SL75_.jpg","Width":75}}},"ItemInfo":{"ByLineInfo":{"Brand":{"DisplayValue":"Tidyard","Label":"Brand","Locale":"es_ES"},"Manufacturer":{"DisplayValue":"Tidyard","Label":"Manufacturer","Locale":"es_ES"}},"Title":{"DisplayValue":"Tidyard Sofá de 2 Plazas con Respaldo y Cojines Acolchados Patas de Madera Sofá de Salon para Dormitorio Oficina,Cuero sintético Negro 120 cm","Label":"Title","Locale":"es_ES"}},"Offers":{"Summaries":[{"Condition":{"Value":"New"},"LowestPrice":{"Amount":246.99,"Currency":"EUR","DisplayAmount":"246,99 €"}}]}},{"ASIN":"B077N5NW83","DetailPageURL":"https://www.amazon.es/dp/B077N5NW83?tag=topinalambricos-21&linkCode=osi&th=1&psc=1","Images":{"Primary":{"Small":{"Height":75,"URL":"https://m.media-amazon.com/images/I/31jtgOUKdCL._SL75_.jpg","Width":75}}},"ItemInfo":{"ByLineInfo":{"Brand":{"DisplayValue":"vidaXL","Label":"Brand","Locale":"es_ES"},"Manufacturer":{"DisplayValue":"vidaXL","Label":"Manufacturer","Locale":"es_ES"}},"Title":{"DisplayValue":"vidaXL Sofá Chesterfield 5 Plazas de Cuero Artificial Negro Sillón de Esquina","Label":"Title","Locale":"es_ES"}},"Offers":{"Summaries":[{"Condition":{"Value":"New"},"LowestPrice":{"Amount":703.42,"Currency":"EUR","DisplayAmount":"703,42 €"}}]}},{"ASIN":"B079X4RYBG","DetailPageURL":"https://www.amazon.es/dp/B079X4RYBG?tag=topinalambricos-21&linkCode=osi&th=1&psc=1","Images":{"Primary":{"Small":{"Height":56,"URL":"https://m.media-amazon.com/images/I/41Vw-0d099L._SL75_.jpg","Width":75}}},"ItemInfo":{"ByLineInfo":{"Brand":{"DisplayValue":"Bagno Italia","Label":"Brand","Locale":"es_ES"},"Manufacturer":{"DisplayValue":"BAGNO ITALIA","Label":"Manufacturer","Locale":"es_ES"}},"Title":{"DisplayValue":"Bagno Italia Sofá Cama Reclinable 180x97x36 en Cuero Artificial Negro, 3 Puestos con Sistema antivuelco","Label":"Title","Locale":"es_ES"}},"Offers":{"Summaries":[{"Condition":{"Value":"New"},"LowestPrice":{"Amount":320.0,"Currency":"EUR","DisplayAmount":"320,00 €"}}]}},{"ASIN":"B077PXHZTR","DetailPageURL":"https://www.amazon.es/dp/B077PXHZTR?tag=topinalambricos-21&linkCode=osi&th=1&psc=1","Images":{"Primary":{"Small":{"Height":75,"URL":"https://m.media-amazon.com/images/I/51W2wyLFRbL._SL75_.jpg","Width":75}}},"ItemInfo":{"ByLineInfo":{"Brand":{"DisplayValue":"Bagno Italia","Label":"Brand","Locale":"es_ES"},"Manufacturer":{"DisplayValue":"BAGNO ITALIA","Label":"Manufacturer","Locale":"es_ES"}},"Title":{"DisplayValue":"Bagno Italia Sofá Cama Espacio de Almacenamiento 190x112x43, en Colores Blanco, Negro, marrón en imitación de Cuero o Microfibra","Label":"Title","Locale":"es_ES"}},"Offers":{"Summaries":[{"Condition":{"Value":"New"},"LowestPrice":{"Amount":570.0,"Currency":"EUR","DisplayAmount":"570,00 €"}}]}},{"ASIN":"B09N8ZF9RJ","DetailPageURL":"https://www.amazon.es/dp/B09N8ZF9RJ?tag=topinalambricos-21&linkCode=osi&th=1&psc=1","Images":{"Primary":{"Small":{"Height":75,"URL":"https://m.media-amazon.com/images/I/31cTWqUE-xL._SL75_.jpg","Width":75}}},"ItemInfo":{"ByLineInfo":{"Brand":{"DisplayValue":"Festnjght","Label":"Brand","Locale":"es_ES"},"Manufacturer":{"DisplayValue":"Festnjght","Label":"Manufacturer","Locale":"es_ES"}},"Title":{"DisplayValue":"Festnjght Sofá de 2 Plazas Sofas de Salon de Cuero Artificial Moderno para Salón Dormitorio Incluye 2 Cojines 120 x 62,5 x 63 cm Negro","Label":"Title","Locale":"es_ES"}},"Offers":{"Summaries":[{"Condition":{"Value":"New"},"LowestPrice":{"Amount":290.99,"Currency":"EUR","DisplayAmount":"290,99 €"}}]}},{"ASIN":"B09CTL3D5P","DetailPageURL":"https://www.amazon.es/dp/B09CTL3D5P?tag=topinalambricos-21&linkCode=osi&th=1&psc=1","Images":{"Primary":{"Small":{"Height":75,"URL":"https://m.media-amazon.com/images/I/31BExsLquCL._SL75_.jpg","Width":75}}},"ItemInfo":{"ByLineInfo":{"Brand":{"DisplayValue":"Susany","Label":"Brand","Locale":"es_ES"},"Manufacturer":{"DisplayValue":"Susany","Label":"Manufacturer","Locale":"es_ES"}},"Title":{"DisplayValue":"Susany Sofá de 2 plazas de Cuero Sintético Sillones Sillas Madera Maciza Negro 130 x 76 x 82,5 cm","Label":"Title","Locale":"es_ES"}},"Offers":{"Summaries":[{"Condition":{"Value":"New"},"LowestPrice":{"Amount":283.99,"Currency":"EUR","DisplayAmount":"283,99 €"}}]}}],"SearchURL":"https://www.amazon.es/s?k=sofa+cuero+negro&rh=n%3A2822922031%2Cp_n_availability%3A-1&tag=topinalambricos-21&linkCode=osi","TotalResultCount":469}},"281":{"SearchResult":{"Items":[{"ASIN":"B09Y54PZJV","DetailPageURL":"https://www.amazon.es/dp/B09Y54PZJV?tag=topinalambricos-21&linkCode=osi&th=1&psc=1","Images":{"Primary":{"Small":{"Height":75,"URL":"https://m.media-amazon.com/images/I/31Ql8BC+WXS._SL75_.jpg","Width":75}}},"ItemInfo":{"ByLineInfo":{"Brand":{"DisplayValue":"LEMROE","Label":"Brand","Locale":"es_ES"},"Manufacturer":{"DisplayValue":"LEMROE","Label":"Manufacturer","Locale":"es_ES"}},"Title":{"DisplayValue":"LEMROE Sillones y chaises Longues 1 Plaza Cuero de imitación Sofa Cama pequeño con 1 cojín sillón para salón y Comedor Dormitorio Mueble Moderno (Marron Oscuro, Soltero)","Label":"Title","Locale":"es_ES"}},"Offers":{"Summaries":[{"Condition":{"Value":"New"},"LowestPrice":{"Amount":99.99,"Currency":"EUR","DisplayAmount":"99,99 €"}}]}},{"ASIN":"B01GCNXCD0","DetailPageURL":"https://www.amazon.es/dp/B01GCNXCD0?tag=topinalambricos-21&linkCode=osi&th=1&psc=1","Images":{"Primary":{"Small":{"Height":75,"URL":"https://m.media-amazon.com/images/I/311WFgIYYrL._SL75_.jpg","Width":75}}},"ItemInfo":{"ByLineInfo":{"Brand":{"DisplayValue":"vidaXL","Label":"Brand","Locale":"es_ES"},"Manufacturer":{"DisplayValue":"vidaXL","Label":"Manufacturer","Locale":"es_ES"}},"Title":{"DisplayValue":"vidaXL Sofá Cama Reclinable Cojines Madera Cuero Sintético Sillón para Dormir","Label":"Title","Locale":"es_ES"}},"Offers":{"Summaries":[{"Condition":{"Value":"New"},"LowestPrice":{"Amount":190.77,"Currency":"EUR","DisplayAmount":"190,77 €"}}]}},{"ASIN":"B07XTK5QCB","DetailPageURL":"https://www.amazon.es/dp/B07XTK5QCB?tag=topinalambricos-21&linkCode=osi&th=1&psc=1","Images":{"Primary":{"Small":{"Height":49,"URL":"https://m.media-amazon.com/images/I/216DEte4VjS._SL75_.jpg","Width":75}}},"ItemInfo":{"ByLineInfo":{"Brand":{"DisplayValue":"BUDWING","Label":"Brand","Locale":"es_ES"},"Manufacturer":{"DisplayValue":"Budwing","Label":"Manufacturer","Locale":"es_ES"}},"Title":{"DisplayValue":"BUDWING Pedro Hogar Sofa 3 Plazas o 2 Plazas Pequeño Economico Salon en Polipiel Estrecho Negro Sofá de Salon Decoración de Hogar Cojines y Tapicería de Polipiel Piel Sintética 170 x 80 x 80","Label":"Title","Locale":"es_ES"}},"Offers":{"Summaries":[{"Condition":{"Value":"New"},"LowestPrice":{"Amount":258.0,"Currency":"EUR","DisplayAmount":"258,00 €"}}]}},{"ASIN":"B08Z325VRG","DetailPageURL":"https://www.amazon.es/dp/B08Z325VRG?tag=topinalambricos-21&linkCode=osi&th=1&psc=1","Images":{"Primary":{"Small":{"Height":65,"URL":"https://m.media-amazon.com/images/I/51pBjCP4s+L._SL75_.jpg","Width":75}}},"ItemInfo":{"ByLineInfo":{"Brand":{"DisplayValue":"SAIJI","Label":"Brand","Locale":"es_ES"},"Manufacturer":{"DisplayValue":"SAIJI","Label":"Manufacturer","Locale":"es_ES"}},"Title":{"DisplayValue":"SAIJI Mesa para Cama Mesa para Portátil Ajustable ​con Cajón de Almacenamiento Patas Plegables Pies de Trineo Tablero de Cuero de PVC, Escritorio Portatil para Cama, Sofá, Piso (Gris)","Label":"Title","Locale":"es_ES"}},"Offers":{"Summaries":[{"Condition":{"Value":"New"},"LowestPrice":{"Amount":89.99,"Currency":"EUR","DisplayAmount":"89,99 €"}}]}},{"ASIN":"B0B6FSP7CF","DetailPageURL":"https://www.amazon.es/dp/B0B6FSP7CF?tag=topinalambricos-21&linkCode=osi&th=1&psc=1","Images":{"Primary":{"Small":{"Height":75,"URL":"https://m.media-amazon.com/images/I/314aw9Z82BL._SL75_.jpg","Width":75}}},"ItemInfo":{"ByLineInfo":{"Brand":{"DisplayValue":"MUEBLIX.COM","Label":"Brand","Locale":"es_ES"},"Manufacturer":{"DisplayValue":"Mueblix","Label":"Manufacturer","Locale":"es_ES"}},"Title":{"DisplayValue":"MUEBLIX.COM | Sofa Cama Poveda 3 Plazas | Sofas de Salón Modernos | Sofa Cama Apertura Click Clack | Tapizado en Polipiel | Sofa de Diseño | Color Chocolate","Label":"Title","Locale":"es_ES"}},"Offers":{"Summaries":[{"Condition":{"Value":"New"},"LowestPrice":{"Amount":249.0,"Currency":"EUR","DisplayAmount":"249,00 €"}}]}},{"ASIN":"B08BZ4H5GV","DetailPageURL":"https://www.amazon.es/dp/B08BZ4H5GV?tag=topinalambricos-21&linkCode=osi&th=1&psc=1","Images":{"Primary":{"Small":{"Height":75,"URL":"https://m.media-amazon.com/images/I/31lUO7+UAWL._SL75_.jpg","Width":75}}},"ItemInfo":{"ByLineInfo":{"Brand":{"DisplayValue":"HOMCOM","Label":"Brand","Locale":"es_ES"},"Manufacturer":{"DisplayValue":"SPANISH AOSOM","Label":"Manufacturer","Locale":"es_ES"}},"Title":{"DisplayValue":"HOMCOM Sofá Cama de 3 Plazas Diseño 2 en 1 Plegable sin Reposabrazos Estructura Sólida con Patas Elevadas Asiento Acolchado de Esponja Cómodo Carga 300 kg 165x75,5x70 cm Gris","Label":"Title","Locale":"es_ES"}},"Offers":{"Summaries":[{"Condition":{"Value":"New"},"LowestPrice":{"Amount":193.99,"Currency":"EUR","DisplayAmount":"193,99 €"}}]}},{"ASIN":"B09Q5FLZ5C","DetailPageURL":"https://www.amazon.es/dp/B09Q5FLZ5C?tag=topinalambricos-21&linkCode=osi&th=1&psc=1","Images":{"Primary":{"Small":{"Height":75,"URL":"https://m.media-amazon.com/images/I/416nYkGGLOL._SL75_.jpg","Width":75}}},"ItemInfo":{"ByLineInfo":{"Brand":{"DisplayValue":"SAIJI","Label":"Brand","Locale":"es_ES"},"Manufacturer":{"DisplayValue":"SAIJI","Label":"Manufacturer","Locale":"es_ES"}},"Title":{"DisplayValue":"Mesa de Cama, SAIJI Lapdesk, ángulo de Altura Ajustable, Plegable, hasta 17in portátil, Cama, sofá, Tabla (Gris, 52*30cm)","Label":"Title","Locale":"es_ES"}},"Offers":{"Summaries":[{"Condition":{"Value":"New"},"LowestPrice":{"Amount":65.99,"Currency":"EUR","DisplayAmount":"65,99 €"}}]}},{"ASIN":"B01N8X32E0","DetailPageURL":"https://www.amazon.es/dp/B01N8X32E0?tag=topinalambricos-21&linkCode=osi&th=1&psc=1","Images":{"Primary":{"Small":{"Height":75,"URL":"https://m.media-amazon.com/images/I/31MBNv6RASS._SL75_.jpg","Width":75}}},"ItemInfo":{"ByLineInfo":{"Brand":{"DisplayValue":"vidaXL","Label":"Brand","Locale":"es_ES"},"Manufacturer":{"DisplayValue":"vidaXL","Label":"Manufacturer","Locale":"es_ES"}},"Title":{"DisplayValue":"vidaXL Sofá Moderno de 2 Plazas Cuero Artificial Blanco Sillón de Salón Casa","Label":"Title","Locale":"es_ES"}},"Offers":{"Summaries":[{"Condition":{"Value":"New"},"LowestPrice":{"Amount":271.96,"Currency":"EUR","DisplayAmount":"271,96 €"}}]}},{"ASIN":"B09YPSFG35","DetailPageURL":"https://www.amazon.es/dp/B09YPSFG35?tag=topinalambricos-21&linkCode=osi&th=1&psc=1","Images":{"Primary":{"Small":{"Height":75,"URL":"https://m.media-amazon.com/images/I/41nCtJqa9IL._SL75_.jpg","Width":75}}},"ItemInfo":{"ByLineInfo":{"Brand":{"DisplayValue":"Gecheer","Label":"Brand","Locale":"es_ES"},"Manufacturer":{"DisplayValue":"Gecheer","Label":"Manufacturer","Locale":"es_ES"}},"Title":{"DisplayValue":"Gecheer Sofá Cama de 2 plazas Cuero sintético Negro,Sofa Cama Chaise Longue Sofa de Salón Moderno para Salón Dormitorio,Fácilmente Convertible en una Cama","Label":"Title","Locale":"es_ES"}},"Offers":{"Summaries":[{"Condition":{"Value":"New"},"LowestPrice":{"Amount":280.99,"Currency":"EUR","DisplayAmount":"280,99 €"}}]}},{"ASIN":"B0BB216QD1","DetailPageURL":"https://www.amazon.es/dp/B0BB216QD1?tag=topinalambricos-21&linkCode=osi&th=1&psc=1","Images":{"Primary":{"Small":{"Height":75,"URL":"https://m.media-amazon.com/images/I/313e9sXlY2L._SL75_.jpg","Width":75}}},"ItemInfo":{"ByLineInfo":{"Brand":{"DisplayValue":"vidaXL","Label":"Brand","Locale":"es_ES"},"Manufacturer":{"DisplayValue":"vidaXL","Label":"Manufacturer","Locale":"es_ES"}},"Title":{"DisplayValue":"vidaXL Sofá Cama de 2 Plazas Invitado Pijamada Ocasional Convertibles Plegables Salón Sala de Estar Muebles para Dormir Cuero Sintético Marrón","Label":"Title","Locale":"es_ES"}},"Offers":{"Summaries":[{"Condition":{"Value":"New"},"LowestPrice":{"Amount":203.51,"Currency":"EUR","DisplayAmount":"203,51 €"}}]}}],"SearchURL":"https://www.amazon.es/s?k=sofa+cama+cuero&rh=n%3A2822691031%2Cp_n_availability%3A-1&tag=topinalambricos-21&linkCode=osi","TotalResultCount":24947}},"282":{"SearchResult":{"Items":[{"ASIN":"B09DK5KRJD","DetailPageURL":"https://www.amazon.es/dp/B09DK5KRJD?tag=topinalambricos-21&linkCode=osi&th=1&psc=1","Images":{"Primary":{"Small":{"Height":75,"URL":"https://m.media-amazon.com/images/I/41rbtQVgmLL._SL75_.jpg","Width":75}}},"ItemInfo":{"ByLineInfo":{"Brand":{"DisplayValue":"TUKAILAi","Label":"Brand","Locale":"es_ES"},"Manufacturer":{"DisplayValue":"TUKAILAI","Label":"Manufacturer","Locale":"es_ES"}},"Title":{"DisplayValue":"TUKAILAI Juego de 4 sillas de Comedor de Piel sintética con Asiento tapizado de Cuero, reposabrazos y Patas de Metal, sillones de salón de Ocio, Muebles de recepción de Comedor, diseño de Diamantes","Label":"Title","Locale":"es_ES"}},"Offers":{"Summaries":[{"Condition":{"Value":"New"},"LowestPrice":{"Amount":301.99,"Currency":"EUR","DisplayAmount":"301,99 € (75,50 € / unidad)","PricePerUnit":75.5}}]}},{"ASIN":"B0BN8PVLVB","DetailPageURL":"https://www.amazon.es/dp/B0BN8PVLVB?tag=topinalambricos-21&linkCode=osi&th=1&psc=1","Images":{"Primary":{"Small":{"Height":75,"URL":"https://m.media-amazon.com/images/I/31SbIvIyvQL._SL75_.jpg","Width":75}}},"ItemInfo":{"ByLineInfo":{"Brand":{"DisplayValue":"T-LoVendo","Label":"Brand","Locale":"es_ES"},"Manufacturer":{"DisplayValue":"T-LoVendo","Label":"Manufacturer","Locale":"es_ES"}},"Title":{"DisplayValue":"T-LoVendo TLV-AM-PC21-BLACK Sillón de Oficina Altura Ajustable Cuero Sintético Acolchada Reclinable Silla Director, Negro, Universal","Label":"Title","Locale":"es_ES"}},"Offers":{"Summaries":[{"Condition":{"Value":"New"},"LowestPrice":{"Amount":99.99,"Currency":"EUR","DisplayAmount":"99,99 €"}}]}},{"ASIN":"B085L2HVNF","DetailPageURL":"https://www.amazon.es/dp/B085L2HVNF?tag=topinalambricos-21&linkCode=osi&th=1&psc=1","Images":{"Primary":{"Small":{"Height":75,"URL":"https://m.media-amazon.com/images/I/41BLHsnSz-L._SL75_.jpg","Width":75}}},"ItemInfo":{"ByLineInfo":{"Brand":{"DisplayValue":"WOLTU","Label":"Brand","Locale":"es_ES"},"Manufacturer":{"DisplayValue":"WOLTU","Label":"Manufacturer","Locale":"es_ES"}},"Title":{"DisplayValue":"WOLTU 2 x Sillas de Comedor Nordicas Estilo Vintage Juego de 2, Silla de Cocina Silla Tapizada con Reposabrazos Tapizadas Cuero sintético, Estructura de Metal, Marrón Oscuro BH245dbr-2","Label":"Title","Locale":"es_ES"}},"Offers":{"Summaries":[{"Condition":{"Value":"New"},"LowestPrice":{"Amount":189.99,"Currency":"EUR","DisplayAmount":"189,99 €"}}]}},{"ASIN":"B082SW4J6V","DetailPageURL":"https://www.amazon.es/dp/B082SW4J6V?tag=topinalambricos-21&linkCode=osi&th=1&psc=1","Images":{"Primary":{"Small":{"Height":75,"URL":"https://m.media-amazon.com/images/I/4167gNQoKOL._SL75_.jpg","Width":75}}},"ItemInfo":{"ByLineInfo":{"Brand":{"DisplayValue":"TecTake","Label":"Brand","Locale":"es_ES"}},"Title":{"DisplayValue":"TecTake 800758 Set 6X Sillas de Comedor, Piel Sintética, Forma Ergonómica, Excelente Acabado, Lacadas, Fácil de Limpiar, 106cm (Marrón | No. 403497)","Label":"Title","Locale":"es_ES"}},"Offers":{"Summaries":[{"Condition":{"Value":"New"},"LowestPrice":{"Amount":454.9,"Currency":"EUR","DisplayAmount":"454,90 € (75,82 € / unidad)","PricePerUnit":75.82}}]}},{"ASIN":"B087M9JL2V","DetailPageURL":"https://www.amazon.es/dp/B087M9JL2V?tag=topinalambricos-21&linkCode=osi&th=1&psc=1","Images":{"Primary":{"Small":{"Height":75,"URL":"https://m.media-amazon.com/images/I/412h5z+yItL._SL75_.jpg","Width":75}}},"ItemInfo":{"ByLineInfo":{"Brand":{"DisplayValue":"WOLTU","Label":"Brand","Locale":"es_ES"},"Manufacturer":{"DisplayValue":"WOLTU","Label":"Manufacturer","Locale":"es_ES"}},"Title":{"DisplayValue":"WOLTU 1x Sillas Cocina Cuero Sintético Sillas de Comedor Nordicas Silla de Diseño Paquete de 1, Silla de Cocina Silla de Escritorio Tapizada con Reposabrazos, Estructura de Metal Marrón BH251br-1","Label":"Title","Locale":"es_ES"}},"Offers":{"Summaries":[{"Condition":{"Value":"New"},"LowestPrice":{"Amount":101.99,"Currency":"EUR","DisplayAmount":"101,99 €"}}]}},{"ASIN":"B017HOH4WS","DetailPageURL":"https://www.amazon.es/dp/B017HOH4WS?tag=topinalambricos-21&linkCode=osi&th=1&psc=1","Images":{"Primary":{"Small":{"Height":75,"URL":"https://m.media-amazon.com/images/I/41sLe7zAa-L._SL75_.jpg","Width":75}}},"ItemInfo":{"ByLineInfo":{"Brand":{"DisplayValue":"FineBuy Möbel zum Wohlfühlen","Label":"Brand","Locale":"es_ES"},"Manufacturer":{"DisplayValue":"FineBuy","Label":"Manufacturer","Locale":"es_ES"}},"Title":{"DisplayValue":"FineBuy Silla de Comedor American Diner Retro Cuero de imitación Azul | Silla de Cocina con Respaldo","Label":"Title","Locale":"es_ES"}},"Offers":{"Summaries":[{"Condition":{"Value":"New"},"LowestPrice":{"Amount":89.95,"Currency":"EUR","DisplayAmount":"89,95 €"}}]}},{"ASIN":"B08L5WCWT2","DetailPageURL":"https://www.amazon.es/dp/B08L5WCWT2?tag=topinalambricos-21&linkCode=osi&th=1&psc=1","Images":{"Primary":{"Small":{"Height":75,"URL":"https://m.media-amazon.com/images/I/417s2FDnvTL._SL75_.jpg","Width":59}}},"ItemInfo":{"ByLineInfo":{"Brand":{"DisplayValue":"CLP","Label":"Brand","Locale":"es_ES"},"Manufacturer":{"DisplayValue":"CLP","Label":"Manufacturer","Locale":"es_ES"}},"Title":{"DisplayValue":"CLP Set De 4 Sillas De Comedor Linares En Terciopelo, Tela o Simil Cuero I 4 Sillas De Salón Nórdica Con Base De Madera, Color:gris/gris, Material de base:Plastico","Label":"Title","Locale":"es_ES"}},"Offers":{"Summaries":[{"Condition":{"Value":"New"},"LowestPrice":{"Amount":217.5,"Currency":"EUR","DisplayAmount":"217,50 € (54,38 € / unidad)","PricePerUnit":54.38}}]}},{"ASIN":"B0878D79RF","DetailPageURL":"https://www.amazon.es/dp/B0878D79RF?tag=topinalambricos-21&linkCode=osi&th=1&psc=1","Images":{"Primary":{"Small":{"Height":75,"URL":"https://m.media-amazon.com/images/I/41u4QDaetPL._SL75_.jpg","Width":75}}},"ItemInfo":{"ByLineInfo":{"Brand":{"DisplayValue":"WOLTU","Label":"Brand","Locale":"es_ES"},"Manufacturer":{"DisplayValue":"WOLTU","Label":"Manufacturer","Locale":"es_ES"}},"Title":{"DisplayValue":"WOLTU 4X Sillas de Comedor Nordicas Estilo Vintage Juego de 4, Sillas de Cocina Sillas Tapizadas en Cuero Sintetico, Aspecto de Cuero Antiguo Estructura de Metal Sillas Comedor Marrón Claro BH210hbr-4","Label":"Title","Locale":"es_ES"}},"Offers":{"Summaries":[{"Condition":{"Value":"New"},"LowestPrice":{"Amount":280.99,"Currency":"EUR","DisplayAmount":"280,99 €"}}]}},{"ASIN":"B084VQ44PV","DetailPageURL":"https://www.amazon.es/dp/B084VQ44PV?tag=topinalambricos-21&linkCode=osi&th=1&psc=1","Images":{"Primary":{"Small":{"Height":75,"URL":"https://m.media-amazon.com/images/I/41mfxKKBv+L._SL75_.jpg","Width":75}}},"ItemInfo":{"ByLineInfo":{"Brand":{"DisplayValue":"Lestarain","Label":"Brand","Locale":"es_ES"},"Manufacturer":{"DisplayValue":"Lestarain","Label":"Manufacturer","Locale":"es_ES"}},"Title":{"DisplayValue":"Lestarain 2X Sillas de Comedor Dining Chairs Sillas Tapizadas Paquete de 2 Sillas Cocina Nórdicas Cuero Sintético Sillas Bar Metal Silla de Oficina Marrón Oscuro","Label":"Title","Locale":"es_ES"}},"Offers":{"Summaries":[{"Condition":{"Value":"New"},"LowestPrice":{"Amount":143.99,"Currency":"EUR","DisplayAmount":"143,99 €"}}]}},{"ASIN":"B0BBMKLDMJ","DetailPageURL":"https://www.amazon.es/dp/B0BBMKLDMJ?tag=topinalambricos-21&linkCode=osi&th=1&psc=1","Images":{"Primary":{"Small":{"Height":75,"URL":"https://m.media-amazon.com/images/I/31MmAev+kdL._SL75_.jpg","Width":75}}},"ItemInfo":{"ByLineInfo":{"Brand":{"DisplayValue":"vidaXL","Label":"Brand","Locale":"es_ES"},"Manufacturer":{"DisplayValue":"vidaXL","Label":"Manufacturer","Locale":"es_ES"}},"Title":{"DisplayValue":"vidaXL Sillas de Comedor 2 Unidades Cuero sintético Color Capuchino","Label":"Title","Locale":"es_ES"}},"Offers":{"Summaries":[{"Condition":{"Value":"New"},"LowestPrice":{"Amount":121.99,"Currency":"EUR","DisplayAmount":"121,99 € (61,00 € / unidad)","PricePerUnit":61.0}}]}}],"SearchURL":"https://www.amazon.es/s?k=cuero&rh=n%3A2822769031%2Cp_n_availability%3A-1&tag=topinalambricos-21&linkCode=osi","TotalResultCount":2524}},"283":{"SearchResult":{"Items":[{"ASIN":"B071NV5GYV","DetailPageURL":"https://www.amazon.es/dp/B071NV5GYV?tag=topinalambricos-21&linkCode=osi&th=1&psc=1","Images":{"Primary":{"Small":{"Height":75,"URL":"https://m.media-amazon.com/images/I/41cQV-QrL6S._SL75_.jpg","Width":75}}},"ItemInfo":{"ByLineInfo":{"Brand":{"DisplayValue":"vidaXL","Label":"Brand","Locale":"es_ES"},"Manufacturer":{"DisplayValue":"vidaXL","Label":"Manufacturer","Locale":"es_ES"}},"Title":{"DisplayValue":"vidaXL Silla Mariposa de Cuero Verdadero Marrón BFK Butterfly Cómodo Asiento","Label":"Title","Locale":"es_ES"}},"Offers":{"Summaries":[{"Condition":{"Value":"New"},"LowestPrice":{"Amount":106.55,"Currency":"EUR","DisplayAmount":"106,55 €"}}]}},{"ASIN":"B07N39WT3X","DetailPageURL":"https://www.amazon.es/dp/B07N39WT3X?tag=topinalambricos-21&linkCode=osi&th=1&psc=1","Images":{"Primary":{"Small":{"Height":75,"URL":"https://m.media-amazon.com/images/I/41D0qNs-MXL._SL75_.jpg","Width":75}}},"ItemInfo":{"ByLineInfo":{"Brand":{"DisplayValue":"vidaXL","Label":"Brand","Locale":"es_ES"},"Manufacturer":{"DisplayValue":"vidaXL","Label":"Manufacturer","Locale":"es_ES"}},"Title":{"DisplayValue":"vidaXL Sillón Vintage Retro Cuero Madera Acacia Silla Salón Comedor Habitación","Label":"Title","Locale":"es_ES"}},"Offers":{"Summaries":[{"Condition":{"Value":"New"},"LowestPrice":{"Amount":280.62,"Currency":"EUR","DisplayAmount":"280,62 €"}}]}},{"ASIN":"B083Z2RF8J","DetailPageURL":"https://www.amazon.es/dp/B083Z2RF8J?tag=topinalambricos-21&linkCode=osi&th=1&psc=1","Images":{"Primary":{"Small":{"Height":75,"URL":"https://m.media-amazon.com/images/I/41chGeI4xVL._SL75_.jpg","Width":75}}},"ItemInfo":{"ByLineInfo":{"Brand":{"DisplayValue":"vidaXL","Label":"Brand","Locale":"es_ES"},"Manufacturer":{"DisplayValue":"vidaXL","Label":"Manufacturer","Locale":"es_ES"}},"Title":{"DisplayValue":"vidaXL Sillón con Diseño de Estilo Cubo Asiento para Salón Silla Tapizado de Cuero Sintético Piel Artificial Negro","Label":"Title","Locale":"es_ES"}},"Offers":{"Summaries":[{"Condition":{"Value":"New"},"LowestPrice":{"Amount":181.9,"Currency":"EUR","DisplayAmount":"181,90 €"}}]}},{"ASIN":"B09R1M12HL","DetailPageURL":"https://www.amazon.es/dp/B09R1M12HL?tag=topinalambricos-21&linkCode=osi&th=1&psc=1","Images":{"Primary":{"Small":{"Height":75,"URL":"https://m.media-amazon.com/images/I/51Z-pOWecbL._SL75_.jpg","Width":75}}},"ItemInfo":{"ByLineInfo":{"Brand":{"DisplayValue":"HomeMiYN","Label":"Brand","Locale":"es_ES"},"Manufacturer":{"DisplayValue":"HomeMiYN","Label":"Manufacturer","Locale":"es_ES"}},"Title":{"DisplayValue":"Silla Sillón de Cuero Moderna Silla Butaca de Ocio Individual Sillones de Estilo nórdico,Sillón para Lectura de Diseño Vintage Silla Relax de Lectura para Salón/Dormitorio","Label":"Title","Locale":"es_ES"}},"Offers":{"Summaries":[{"Condition":{"Value":"New"},"LowestPrice":{"Amount":229.99,"Currency":"EUR","DisplayAmount":"229,99 €"}}]}},{"ASIN":"B09RS9SJ6S","DetailPageURL":"https://www.amazon.es/dp/B09RS9SJ6S?tag=topinalambricos-21&linkCode=osi&th=1&psc=1","Images":{"Primary":{"Small":{"Height":75,"URL":"https://m.media-amazon.com/images/I/516iojiR9rL._SL75_.jpg","Width":75}}},"ItemInfo":{"ByLineInfo":{"Brand":{"DisplayValue":"WAHSON OFFICE CHAIRS","Label":"Brand","Locale":"es_ES"},"Manufacturer":{"DisplayValue":"WAHSON OFFICE CHAIRS","Label":"Manufacturer","Locale":"es_ES"}},"Title":{"DisplayValue":"Wahson Silla Sillón de Cuero Moderna Silla Butaca de Ocio Individual con Marco de Metal Negro,Silla Relax de Lectura para Salón/Dormitorio/Sala de Estudio (Color Café)","Label":"Title","Locale":"es_ES"}},"Offers":{"Summaries":[{"Condition":{"Value":"New"},"LowestPrice":{"Amount":209.99,"Currency":"EUR","DisplayAmount":"209,99 €"}}]}},{"ASIN":"B00ODJENXE","DetailPageURL":"https://www.amazon.es/dp/B00ODJENXE?tag=topinalambricos-21&linkCode=osi&th=1&psc=1","Images":{"Primary":{"Small":{"Height":75,"URL":"https://m.media-amazon.com/images/I/41YyOr4lgPL._SL75_.jpg","Width":75}}},"ItemInfo":{"ByLineInfo":{"Brand":{"DisplayValue":"vidaXL","Label":"Brand","Locale":"es_ES"},"Manufacturer":{"DisplayValue":"vidaXL","Label":"Manufacturer","Locale":"es_ES"}},"Title":{"DisplayValue":"vidaXL Sillón Cuadrado Salón Forma Cubo Cuero Artificial Marrón Patas Cromadas","Label":"Title","Locale":"es_ES"}},"Offers":{"Summaries":[{"Condition":{"Value":"New"},"LowestPrice":{"Amount":239.93,"Currency":"EUR","DisplayAmount":"239,93 €"}}]}},{"ASIN":"B00ESWVT7O","DetailPageURL":"https://www.amazon.es/dp/B00ESWVT7O?tag=topinalambricos-21&linkCode=osi&th=1&psc=1","Images":{"Primary":{"Small":{"Height":75,"URL":"https://m.media-amazon.com/images/I/51fqFBslIlL._SL75_.jpg","Width":75}}},"ItemInfo":{"ByLineInfo":{"Brand":{"DisplayValue":"MIADOMODO","Label":"Brand","Locale":"es_ES"},"Manufacturer":{"DisplayValue":"Miadomodo","Label":"Manufacturer","Locale":"es_ES"}},"Title":{"DisplayValue":"MIADOMODO Sillón Chesterfield con Reposapiés | Tapizado en Cuero Artificial con Patas de Madera, Color a Elegir | Butaca de Piel Sintética para Dormitorio y Salón, Sofá Chester 1 Plaza (Marrón)","Label":"Title","Locale":"es_ES"}},"Offers":{"Summaries":[{"Condition":{"Value":"New"},"LowestPrice":{"Amount":174.95,"Currency":"EUR","DisplayAmount":"174,95 €"}}]}},{"ASIN":"B07KXV14RG","DetailPageURL":"https://www.amazon.es/dp/B07KXV14RG?tag=topinalambricos-21&linkCode=osi&th=1&psc=1","Images":{"Primary":{"Small":{"Height":75,"URL":"https://m.media-amazon.com/images/I/41zvi+yi0DL._SL75_.jpg","Width":75}}},"ItemInfo":{"ByLineInfo":{"Brand":{"DisplayValue":"vidaXL","Label":"Brand","Locale":"es_ES"},"Manufacturer":{"DisplayValue":"vidaXL","Label":"Manufacturer","Locale":"es_ES"}},"Title":{"DisplayValue":"vidaXL Silla de Mariposa de Piel Cabra Auténtica Marrón/Blanco Decoración Casa","Label":"Title","Locale":"es_ES"}},"Offers":{"Summaries":[{"Condition":{"Value":"New"},"LowestPrice":{"Amount":114.23,"Currency":"EUR","DisplayAmount":"114,23 €"}}]}},{"ASIN":"B01N3PP4O7","DetailPageURL":"https://www.amazon.es/dp/B01N3PP4O7?tag=topinalambricos-21&linkCode=osi&th=1&psc=1","Images":{"Primary":{"Small":{"Height":75,"URL":"https://m.media-amazon.com/images/I/21vMKaCL7+L._SL75_.jpg","Width":75}}},"ItemInfo":{"ByLineInfo":{"Brand":{"DisplayValue":"vidaXL","Label":"Brand","Locale":"es_ES"},"Manufacturer":{"DisplayValue":"vidaXL","Label":"Manufacturer","Locale":"es_ES"}},"Title":{"DisplayValue":"vidaXL Sillón Blanco de Cuero Artificial Elegante Lujoso reposabrazos Izquierdo","Label":"Title","Locale":"es_ES"}},"Offers":{"Summaries":[{"Condition":{"Value":"New"},"LowestPrice":{"Amount":206.14,"Currency":"EUR","DisplayAmount":"206,14 €"}}]}},{"ASIN":"B08LV85S1N","DetailPageURL":"https://www.amazon.es/dp/B08LV85S1N?tag=topinalambricos-21&linkCode=osi&th=1&psc=1","Images":{"Primary":{"Small":{"Height":75,"URL":"https://m.media-amazon.com/images/I/41+Fsg8koqL._SL75_.jpg","Width":75}}},"ItemInfo":{"ByLineInfo":{"Brand":{"DisplayValue":"vidaXL","Label":"Brand","Locale":"es_ES"},"Manufacturer":{"DisplayValue":"vidaXL","Label":"Manufacturer","Locale":"es_ES"}},"Title":{"DisplayValue":"vidaXL Sillón Sofá Silla Asiento Dormitorio Sala de Estar Salón Acolchado Vintage Suave Cómodo Individual de Cuero Auténtico de Cabra Negro","Label":"Title","Locale":"es_ES"}},"Offers":{"Summaries":[{"Condition":{"Value":"New"},"LowestPrice":{"Amount":262.78,"Currency":"EUR","DisplayAmount":"262,78 €"}}]}}],"SearchURL":"https://www.amazon.es/s?k=sillones+cuero&rh=n%3A2822907031%2Cp_n_availability%3A-1&tag=topinalambricos-21&linkCode=osi","TotalResultCount":1954}},"284":{"SearchResult":{"Items":[{"ASIN":"B01G9FOL6S","DetailPageURL":"https://www.amazon.es/dp/B01G9FOL6S?tag=topinalambricos-21&linkCode=osi&th=1&psc=1","Images":{"Primary":{"Small":{"Height":75,"URL":"https://m.media-amazon.com/images/I/31oODork9ML._SL75_.jpg","Width":71}}},"ItemInfo":{"ByLineInfo":{"Brand":{"DisplayValue":"CLP","Label":"Brand","Locale":"es_ES"},"Manufacturer":{"DisplayValue":"CLP","Label":"Manufacturer","Locale":"es_ES"}},"Title":{"DisplayValue":"CLP Silla Cantiléver Attila Tapizada En Cuero Sintético & con Base De Metal I Silla Conferencia con Reposabrazos, Color:Blanco","Label":"Title","Locale":"es_ES"}},"Offers":{"Summaries":[{"Condition":{"Value":"New"},"LowestPrice":{"Amount":141.9,"Currency":"EUR","DisplayAmount":"141,90 €"}}]}},{"ASIN":"B00ESZ30W8","DetailPageURL":"https://www.amazon.es/dp/B00ESZ30W8?tag=topinalambricos-21&linkCode=osi&th=1&psc=1","Images":{"Primary":{"Small":{"Height":75,"URL":"https://m.media-amazon.com/images/I/41aLK+QG-OL._SL75_.jpg","Width":75}}},"ItemInfo":{"ByLineInfo":{"Brand":{"DisplayValue":"MIADOMODO","Label":"Brand","Locale":"es_ES"},"Manufacturer":{"DisplayValue":"Miadomodo","Label":"Manufacturer","Locale":"es_ES"}},"Title":{"DisplayValue":"MIADOMODO Sillón Chesterfield | Tapizado en Cuero Artificial con Patas de Madera, Set y Color a Elegir | Butaca de Piel Sintética para Dormitorio y Salón, Sofá Chester 1 Plaza (1 Pieza, Blanco)","Label":"Title","Locale":"es_ES"}},"Offers":{"Summaries":[{"Condition":{"Value":"New"},"LowestPrice":{"Amount":139.97,"Currency":"EUR","DisplayAmount":"139,97 €"}}]}},{"ASIN":"B0718YPVNS","DetailPageURL":"https://www.amazon.es/dp/B0718YPVNS?tag=topinalambricos-21&linkCode=osi&th=1&psc=1","Images":{"Primary":{"Small":{"Height":75,"URL":"https://m.media-amazon.com/images/I/41ChAnly-GL._SL75_.jpg","Width":75}}},"ItemInfo":{"ByLineInfo":{"Brand":{"DisplayValue":"vidaXL","Label":"Brand","Locale":"es_ES"},"Manufacturer":{"DisplayValue":"vidaXL","Label":"Manufacturer","Locale":"es_ES"}},"Title":{"DisplayValue":"vidaXL Sillón de Salón de Cuero Artificial Marrón Silla Sofá Asiento Acolchado","Label":"Title","Locale":"es_ES"}},"Offers":{"Summaries":[{"Condition":{"Value":"New"},"LowestPrice":{"Amount":232.87,"Currency":"EUR","DisplayAmount":"232,87 €"}}]}},{"ASIN":"B01C5YZCNS","DetailPageURL":"https://www.amazon.es/dp/B01C5YZCNS?tag=topinalambricos-21&linkCode=osi&th=1&psc=1","Images":{"Primary":{"Small":{"Height":75,"URL":"https://m.media-amazon.com/images/I/51XhnqOqJxL._SL75_.jpg","Width":75}}},"ItemInfo":{"ByLineInfo":{"Brand":{"DisplayValue":"MIADOMODO","Label":"Brand","Locale":"es_ES"},"Manufacturer":{"DisplayValue":"Miadomodo","Label":"Manufacturer","Locale":"es_ES"}},"Title":{"DisplayValue":"MIADOMODO Sillón Chesterfield | Tapizado en Cuero Artificial con Patas de Madera, Set y Color a Elegir | Butaca de Piel Sintética para Dormitorio y Salón, Sofá Chester 1 Plaza (Juego de 2, Marrón)","Label":"Title","Locale":"es_ES"}},"Offers":{"Summaries":[{"Condition":{"Value":"New"},"LowestPrice":{"Amount":289.97,"Currency":"EUR","DisplayAmount":"289,97 €"}}]}},{"ASIN":"B076C6X61J","DetailPageURL":"https://www.amazon.es/dp/B076C6X61J?tag=topinalambricos-21&linkCode=osi&th=1&psc=1","Images":{"Primary":{"Small":{"Height":75,"URL":"https://m.media-amazon.com/images/I/31P7akh3+6L._SL75_.jpg","Width":49}}},"ItemInfo":{"ByLineInfo":{"Brand":{"DisplayValue":"CLP","Label":"Brand","Locale":"es_ES"},"Manufacturer":{"DisplayValue":"CLP","Label":"Manufacturer","Locale":"es_ES"}},"Title":{"DisplayValue":"Silla Lounge Los Angeles En Cuero Sintético I Butaca De Salón Giratoria & Regulable en Altura I Taburete Bajo con Reposabrazos I Color:, Color:Gris","Label":"Title","Locale":"es_ES"}},"Offers":{"Summaries":[{"Condition":{"Value":"New"},"LowestPrice":{"Amount":133.05,"Currency":"EUR","DisplayAmount":"133,05 €"}}]}},{"ASIN":"B01MUZ8P2N","DetailPageURL":"https://www.amazon.es/dp/B01MUZ8P2N?tag=topinalambricos-21&linkCode=osi&th=1&psc=1","Images":{"Primary":{"Small":{"Height":75,"URL":"https://m.media-amazon.com/images/I/31KNaLR86bL._SL75_.jpg","Width":49}}},"ItemInfo":{"ByLineInfo":{"Brand":{"DisplayValue":"CLP","Label":"Brand","Locale":"es_ES"},"Manufacturer":{"DisplayValue":"CLP","Label":"Manufacturer","Locale":"es_ES"}},"Title":{"DisplayValue":"CLP Silla De Comedor Cassidy En Simil Cuero I Silla De Visita con Respaldo I Butaca De Salón Nórdica con Base De 4 Patas De Madera I Color:, Color:Negro, Color del Marco:Natura","Label":"Title","Locale":"es_ES"}},"Offers":{"Summaries":[{"Condition":{"Value":"New"},"LowestPrice":{"Amount":150.9,"Currency":"EUR","DisplayAmount":"150,90 €"}}]}},{"ASIN":"B08QH29QLW","DetailPageURL":"https://www.amazon.es/dp/B08QH29QLW?tag=topinalambricos-21&linkCode=osi&th=1&psc=1","Images":{"Primary":{"Small":{"Height":75,"URL":"https://m.media-amazon.com/images/I/41CXehVbrdL._SL75_.jpg","Width":75}}},"ItemInfo":{"ByLineInfo":{"Brand":{"DisplayValue":"Fern","Label":"Brand","Locale":"es_ES"},"Manufacturer":{"DisplayValue":"Fern","Label":"Manufacturer","Locale":"es_ES"}},"Title":{"DisplayValue":"Silla de salón estilo Barcelona solamente cuero negro","Label":"Title","Locale":"es_ES"}},"Offers":{"Summaries":[{"Condition":{"Value":"New"},"LowestPrice":{"Amount":455.0,"Currency":"EUR","DisplayAmount":"455,00 €"}}]}},{"ASIN":"B07WVX667D","DetailPageURL":"https://www.amazon.es/dp/B07WVX667D?tag=topinalambricos-21&linkCode=osi&th=1&psc=1","Images":{"Primary":{"Small":{"Height":75,"URL":"https://m.media-amazon.com/images/I/417oT+b4uXL._SL75_.jpg","Width":75}}},"ItemInfo":{"ByLineInfo":{"Brand":{"DisplayValue":"OFCASA","Label":"Brand","Locale":"es_ES"},"Manufacturer":{"DisplayValue":"OFCASA","Label":"Manufacturer","Locale":"es_ES"}},"Title":{"DisplayValue":"OFCASA Juego de 2 sillas de bañera acento de cuero sintético gris asiento tapizado ocasional con apoyabrazos sofá sillón para sala de estar, recepción, oficina","Label":"Title","Locale":"es_ES"}},"Offers":{"Summaries":[{"Condition":{"Value":"New"},"LowestPrice":{"Amount":129.99,"Currency":"EUR","DisplayAmount":"129,99 € (32,50 € / count)","PricePerUnit":32.5}}]}},{"ASIN":"B07DXDNG6X","DetailPageURL":"https://www.amazon.es/dp/B07DXDNG6X?tag=topinalambricos-21&linkCode=osi&th=1&psc=1","Images":{"Primary":{"Small":{"Height":75,"URL":"https://m.media-amazon.com/images/I/41M0GAlVtYL._SL75_.jpg","Width":75}}},"ItemInfo":{"ByLineInfo":{"Brand":{"DisplayValue":"vidaXL","Label":"Brand","Locale":"es_ES"},"Manufacturer":{"DisplayValue":"vidaXL","Label":"Manufacturer","Locale":"es_ES"}},"Title":{"DisplayValue":"vidaXL Sillón de Cuero Lona Crema Silla Asiento Sofá Banco Mueble Sala Salón","Label":"Title","Locale":"es_ES"}},"Offers":{"Summaries":[{"Condition":{"Value":"New"},"LowestPrice":{"Amount":173.99,"Currency":"EUR","DisplayAmount":"173,99 €"}}]}},{"ASIN":"B07TDCM546","DetailPageURL":"https://www.amazon.es/dp/B07TDCM546?tag=topinalambricos-21&linkCode=osi&th=1&psc=1","Images":{"Primary":{"Small":{"Height":75,"URL":"https://m.media-amazon.com/images/I/31VlRc8nROL._SL75_.jpg","Width":61}}},"ItemInfo":{"ByLineInfo":{"Brand":{"DisplayValue":"CLP","Label":"Brand","Locale":"es_ES"},"Manufacturer":{"DisplayValue":"CLP","Label":"Manufacturer","Locale":"es_ES"}},"Title":{"DisplayValue":"CLP Butaca Lounge Dublin Tapizada en Cuero PU I Taburete Bajo Elegante & Moderno I Silla Lounge Regulable en Altura & Giratorio I Color:, Color:Crema","Label":"Title","Locale":"es_ES"}},"Offers":{"Summaries":[{"Condition":{"Value":"New"},"LowestPrice":{"Amount":133.9,"Currency":"EUR","DisplayAmount":"133,90 €"}}]}}],"SearchURL":"https://www.amazon.es/s?k=cuero&rh=n%3A2822914031%2Cp_n_availability%3A-1&tag=topinalambricos-21&linkCode=osi","TotalResultCount":24}},"285":{"SearchResult":{"Items":[{"ASIN":"B08NYDWY1C","DetailPageURL":"https://www.amazon.es/dp/B08NYDWY1C?tag=topinalambricos-21&linkCode=osi&th=1&psc=1","Images":{"Primary":{"Small":{"Height":75,"URL":"https://m.media-amazon.com/images/I/51xV+EnrBVL._SL75_.jpg","Width":75}}},"ItemInfo":{"ByLineInfo":{"Brand":{"DisplayValue":"MLUPODY","Label":"Brand","Locale":"es_ES"},"Manufacturer":{"DisplayValue":"WWZ","Label":"Manufacturer","Locale":"es_ES"}},"Title":{"DisplayValue":"MLUPODY Funda de cojín de Cuero Artificial de sin Relleno, otomana,sillón puf,Taburete,(vacíos y nuevos) (marrón)","Label":"Title","Locale":"es_ES"}},"Offers":{"Summaries":[{"Condition":{"Value":"New"},"LowestPrice":{"Amount":69.99,"Currency":"EUR","DisplayAmount":"69,99 €"}}]}},{"ASIN":"B072JX4SPN","DetailPageURL":"https://www.amazon.es/dp/B072JX4SPN?tag=topinalambricos-21&linkCode=osi&th=1&psc=1","Images":{"Primary":{"Small":{"Height":75,"URL":"https://m.media-amazon.com/images/I/31AMedObqoL._SL75_.jpg","Width":75}}},"ItemInfo":{"ByLineInfo":{"Brand":{"DisplayValue":"Horus Artesanía de Egipto","Label":"Brand","Locale":"es_ES"},"Manufacturer":{"DisplayValue":"HorusEgipto","Label":"Manufacturer","Locale":"es_ES"}},"Title":{"DisplayValue":"Puf Pouff Puff de Cuero reposapies Liso Color (Naranja), Mide Aproximadamente 40 cm de diámetro y 35 cm Alto","Label":"Title","Locale":"es_ES"}},"Offers":{"Summaries":[{"Condition":{"Value":"New"},"LowestPrice":{"Amount":69.99,"Currency":"EUR","DisplayAmount":"69,99 €"}}]}},{"ASIN":"B07S2SVYKZ","DetailPageURL":"https://www.amazon.es/dp/B07S2SVYKZ?tag=topinalambricos-21&linkCode=osi&th=1&psc=1","Images":{"Primary":{"Small":{"Height":75,"URL":"https://m.media-amazon.com/images/I/51tjkMh+WaS._SL75_.jpg","Width":75}}},"ItemInfo":{"ByLineInfo":{"Brand":{"DisplayValue":"Poufs&Pillows","Label":"Brand","Locale":"es_ES"}},"Title":{"DisplayValue":"Poufs&Pillows Puf Marroquí de Cuero auténtico - Hecho a Mano - Entregado con Relleno - Otomana, cojin de Suelo, reposapiés (Azul Cielo)","Label":"Title","Locale":"es_ES"}},"Offers":{"Summaries":[{"Condition":{"Value":"New"},"LowestPrice":{"Amount":105.0,"Currency":"EUR","DisplayAmount":"105,00 €"}}]}},{"ASIN":"B07B9DWZ6X","DetailPageURL":"https://www.amazon.es/dp/B07B9DWZ6X?tag=topinalambricos-21&linkCode=osi&th=1&psc=1","Images":{"Primary":{"Small":{"Height":66,"URL":"https://m.media-amazon.com/images/I/51oKV5T7b+L._SL75_.jpg","Width":75}}},"ItemInfo":{"ByLineInfo":{"Brand":{"DisplayValue":"Etnico Arredo","Label":"Brand","Locale":"es_ES"},"Manufacturer":{"DisplayValue":"Artigianato Marocco","Label":"Manufacturer","Locale":"es_ES"}},"Title":{"DisplayValue":"Puf puff marroquí Marruecos de cuero auténtico Oriental étnico reposapiés","Label":"Title","Locale":"es_ES"}},"Offers":{"Summaries":[{"Condition":{"Value":"New"},"LowestPrice":{"Amount":59.0,"Currency":"EUR","DisplayAmount":"59,00 €"}}]}},{"ASIN":"B00AC19KZI","DetailPageURL":"https://www.amazon.es/dp/B00AC19KZI?tag=topinalambricos-21&linkCode=osi&th=1&psc=1","Images":{"Primary":{"Small":{"Height":75,"URL":"https://m.media-amazon.com/images/I/31VIUgIgn3L._SL75_.jpg","Width":75}}},"ItemInfo":{"ByLineInfo":{"Brand":{"DisplayValue":"Icon","Label":"Brand","Locale":"es_ES"},"Manufacturer":{"DisplayValue":"Bean Bag Bazaar®","Label":"Manufacturer","Locale":"es_ES"}},"Title":{"DisplayValue":"Icon Valencia Cuero Real Sillón Reclinable, Negro,90cm x 70cm, Puff Vintage de Cuero Auténtico para Adultos, Grande Puff para Zonas de Estar con Relleno Incluido","Label":"Title","Locale":"es_ES"}},"Offers":{"Summaries":[{"Condition":{"Value":"New"},"LowestPrice":{"Amount":299.99,"Currency":"EUR","DisplayAmount":"299,99 €"}}]}},{"ASIN":"B07K2L28TG","DetailPageURL":"https://www.amazon.es/dp/B07K2L28TG?tag=topinalambricos-21&linkCode=osi&th=1&psc=1","Images":{"Primary":{"Small":{"Height":75,"URL":"https://m.media-amazon.com/images/I/51kqLgCIgYL._SL75_.jpg","Width":75}}},"ItemInfo":{"ByLineInfo":{"Brand":{"DisplayValue":"Moroccan Leather","Label":"Brand","Locale":"es_ES"},"Manufacturer":{"DisplayValue":"Moroccan Leather","Label":"Manufacturer","Locale":"es_ES"}},"Title":{"DisplayValue":"Puf de cuero marroquí – Puf de cuero hecho a mano – Puf marrón oscuro – reposapiés otomano – 100% piel natural – sin relleno","Label":"Title","Locale":"es_ES"}},"Offers":{"Summaries":[{"Condition":{"Value":"New"},"LowestPrice":{"Amount":79.0,"Currency":"EUR","DisplayAmount":"79,00 €"}}]}},{"ASIN":"B01N6SKDA1","DetailPageURL":"https://www.amazon.es/dp/B01N6SKDA1?tag=topinalambricos-21&linkCode=osi&th=1&psc=1","Images":{"Primary":{"Small":{"Height":67,"URL":"https://m.media-amazon.com/images/I/51TeKb-ACjL._SL75_.jpg","Width":75}}},"ItemInfo":{"ByLineInfo":{"Brand":{"DisplayValue":"moroccanmasterpiece","Label":"Brand","Locale":"es_ES"},"Manufacturer":{"DisplayValue":"moroccanmasterpiece","Label":"Manufacturer","Locale":"es_ES"}},"Title":{"DisplayValue":"Puf Pouf Hecho a Mano en Fez, Marrakech Cuero autentico reposa-pies vacío.","Label":"Title","Locale":"es_ES"}},"Offers":{"Summaries":[{"Condition":{"Value":"New"},"LowestPrice":{"Amount":55.0,"Currency":"EUR","DisplayAmount":"55,00 €"}}]}},{"ASIN":"B09LQH62ML","DetailPageURL":"https://www.amazon.es/dp/B09LQH62ML?tag=topinalambricos-21&linkCode=osi&th=1&psc=1","Images":{"Primary":{"Small":{"Height":75,"URL":"https://m.media-amazon.com/images/I/41u2WIcgoRL._SL75_.jpg","Width":75}}},"ItemInfo":{"ByLineInfo":{"Brand":{"DisplayValue":"SS&LL","Label":"Brand","Locale":"es_ES"},"Manufacturer":{"DisplayValue":"SS&LL","Label":"Manufacturer","Locale":"es_ES"}},"Title":{"DisplayValue":"Premium Auténtico Cuero Puf Sin Rechazo Marroquí Puf,Cuadrado Otomano Descansando Puff Taburete,Silla De Bolsa De Frijoles,Moderno Reposapiés Puf Cubrir Almacenamiento Solución-Marrón 48x48x38cm(19x19","Label":"Title","Locale":"es_ES"}},"Offers":{"Summaries":[{"Condition":{"Value":"New"},"LowestPrice":{"Amount":71.99,"Currency":"EUR","DisplayAmount":"71,99 €"}}]}},{"ASIN":"B077S1XQWN","DetailPageURL":"https://www.amazon.es/dp/B077S1XQWN?tag=topinalambricos-21&linkCode=osi&th=1&psc=1","Images":{"Primary":{"Small":{"Height":75,"URL":"https://m.media-amazon.com/images/I/51vG4ChxzYL._SL75_.jpg","Width":75}}},"ItemInfo":{"ByLineInfo":{"Brand":{"DisplayValue":"Horus Artesanía de Egipto","Label":"Brand","Locale":"es_ES"}},"Title":{"DisplayValue":"Puf, Pouf de Cuero Modelo marroquí Hecho a Mano. Mide 45 cm de diámetro y 23 cm de Alto Aproximadamente. Se Vende vacío. Se rellena con Papel de periódicos, Trapos o Goma Espuma. …","Label":"Title","Locale":"es_ES"}},"Offers":{"Summaries":[{"Condition":{"Value":"New"},"LowestPrice":{"Amount":58.0,"Currency":"EUR","DisplayAmount":"58,00 €"}}]}},{"ASIN":"B07T6CPM2V","DetailPageURL":"https://www.amazon.es/dp/B07T6CPM2V?tag=topinalambricos-21&linkCode=osi&th=1&psc=1","Images":{"Primary":{"Small":{"Height":75,"URL":"https://m.media-amazon.com/images/I/41yp+xHF4SL._SL75_.jpg","Width":75}}},"ItemInfo":{"ByLineInfo":{"Brand":{"DisplayValue":"vidaXL","Label":"Brand","Locale":"es_ES"},"Manufacturer":{"DisplayValue":"vidaXL","Label":"Manufacturer","Locale":"es_ES"}},"Title":{"DisplayValue":"vidaXL Puf Cuero Genuino de Cabra Asientos Sillones Sillas Sofá Salón Comedor Sala de Estar Decoración Interiores Casa Hogar Diseño 40x40x40 cm","Label":"Title","Locale":"es_ES"}},"Offers":{"Summaries":[{"Condition":{"Value":"New"},"LowestPrice":{"Amount":101.76,"Currency":"EUR","DisplayAmount":"101,76 €"}}]}}],"SearchURL":"https://www.amazon.es/s?k=cuero&rh=n%3A2822903031%2Cp_n_availability%3A-1&tag=topinalambricos-21&linkCode=osi","TotalResultCount":527}},"286":{"SearchResult":{"Items":[{"ASIN":"B07FKJZRVH","DetailPageURL":"https://www.amazon.es/dp/B07FKJZRVH?tag=topinalambricos-21&linkCode=osi&th=1&psc=1","Images":{"Primary":{"Small":{"Height":75,"URL":"https://m.media-amazon.com/images/I/41NSWzRju2L._SL75_.jpg","Width":75}}},"ItemInfo":{"ByLineInfo":{"Brand":{"DisplayValue":"IntimaTe WM Heart","Label":"Brand","Locale":"es_ES"},"Manufacturer":{"DisplayValue":"LIANSHENG","Label":"Manufacturer","Locale":"es_ES"}},"Title":{"DisplayValue":"IntimaTe WM Heart 2 x Taburete de Bar con Respaldo Regulable en Altura Taburete Giratorio de Cuero Artificial Reposapiés y Base Cromado, para Bar, Cocina, Hogar, Marrón","Label":"Title","Locale":"es_ES"}},"Offers":{"Summaries":[{"Condition":{"Value":"New"},"LowestPrice":{"Amount":129.99,"Currency":"EUR","DisplayAmount":"129,99 €"}}]}},{"ASIN":"B09NJYVRXR","DetailPageURL":"https://www.amazon.es/dp/B09NJYVRXR?tag=topinalambricos-21&linkCode=osi&th=1&psc=1","Images":{"Primary":{"Small":{"Height":75,"URL":"https://m.media-amazon.com/images/I/41dEDkpWezL._SL75_.jpg","Width":75}}},"ItemInfo":{"ByLineInfo":{"Brand":{"DisplayValue":"HOMCOM","Label":"Brand","Locale":"es_ES"},"Manufacturer":{"DisplayValue":"HOMCOM","Label":"Manufacturer","Locale":"es_ES"}},"Title":{"DisplayValue":"HOMCOM Juego de 2 Taburetes de Bar Tapizado en Cuero Sintético Taburetes Altos de Comedor Regulable en Altura Giratorio con Respaldo y Reposapiés 46,5x54x88-108 cm Marrón","Label":"Title","Locale":"es_ES"}},"Offers":{"Summaries":[{"Condition":{"Value":"New"},"LowestPrice":{"Amount":136.99,"Currency":"EUR","DisplayAmount":"136,99 €"}}]}},{"ASIN":"B09YRBG1LZ","DetailPageURL":"https://www.amazon.es/dp/B09YRBG1LZ?tag=topinalambricos-21&linkCode=osi&th=1&psc=1","Images":{"Primary":{"Small":{"Height":75,"URL":"https://m.media-amazon.com/images/I/313hn69mrmL._SL75_.jpg","Width":75}}},"ItemInfo":{"ByLineInfo":{"Brand":{"DisplayValue":"EUGAD","Label":"Brand","Locale":"es_ES"},"Manufacturer":{"DisplayValue":"EUGAD","Label":"Manufacturer","Locale":"es_ES"}},"Title":{"DisplayValue":"EUGAD 2X Taburetes de Bar con Respaldo Taburetes Altos de Cocina en Cuero sintético Altura Ajustable 61-82 cm con Reposapiés Taburetes Giratorios de 360° para Bar y Cafetería Marrón 0914BY-2","Label":"Title","Locale":"es_ES"}},"Offers":{"Summaries":[{"Condition":{"Value":"New"},"LowestPrice":{"Amount":99.99,"Currency":"EUR","DisplayAmount":"99,99 € (50,00 € / unidad)","PricePerUnit":50.0}}]}},{"ASIN":"B072MP8B66","DetailPageURL":"https://www.amazon.es/dp/B072MP8B66?tag=topinalambricos-21&linkCode=osi&th=1&psc=1","Images":{"Primary":{"Small":{"Height":75,"URL":"https://m.media-amazon.com/images/I/31DdxvtmL-L._SL75_.jpg","Width":49}}},"ItemInfo":{"ByLineInfo":{"Brand":{"DisplayValue":"CLP","Label":"Brand","Locale":"es_ES"},"Manufacturer":{"DisplayValue":"CLP","Label":"Manufacturer","Locale":"es_ES"}},"Title":{"DisplayValue":"Taburete De Bar Panama En Cuero PU I Taburete Alto Regulable En Altura & Giratorio I Taburete De Cocina con Respaldo & Reposapiés I Color:, Color:Negro, Color del Marco:Negro","Label":"Title","Locale":"es_ES"}},"Offers":{"Summaries":[{"Condition":{"Value":"New"},"LowestPrice":{"Amount":199.9,"Currency":"EUR","DisplayAmount":"199,90 €"}}]}},{"ASIN":"B09L3YN383","DetailPageURL":"https://www.amazon.es/dp/B09L3YN383?tag=topinalambricos-21&linkCode=osi&th=1&psc=1","Images":{"Primary":{"Small":{"Height":75,"URL":"https://m.media-amazon.com/images/I/41Of6V61VZL._SL75_.jpg","Width":75}}},"ItemInfo":{"ByLineInfo":{"Brand":{"DisplayValue":"Kidol & Shellder","Label":"Brand","Locale":"es_ES"},"Manufacturer":{"DisplayValue":"BOLANTE Inc","Label":"Manufacturer","Locale":"es_ES"}},"Title":{"DisplayValue":"Kidol & Shellder Taburetes de Bar Juego de 2 para Isla de Cocina, taburetes de mostrador de Altura de mostrador Ajustable, Asiento Cubierto de PU, Giratorio de 360°, Color Blanco","Label":"Title","Locale":"es_ES"}},"Offers":{"Summaries":[{"Condition":{"Value":"Used"},"LowestPrice":{"Amount":167.2,"Currency":"EUR","DisplayAmount":"167,20 € (83,60 € / unidad)","PricePerUnit":83.6}},{"Condition":{"Value":"New"},"LowestPrice":{"Amount":189.99,"Currency":"EUR","DisplayAmount":"189,99 € (95,00 € / unidad)","PricePerUnit":95.0}}]}},{"ASIN":"B07R6G76Q3","DetailPageURL":"https://www.amazon.es/dp/B07R6G76Q3?tag=topinalambricos-21&linkCode=osi&th=1&psc=1","Images":{"Primary":{"Small":{"Height":75,"URL":"https://m.media-amazon.com/images/I/41llgUL9OsL._SL75_.jpg","Width":75}}},"ItemInfo":{"ByLineInfo":{"Brand":{"DisplayValue":"WOLTU","Label":"Brand","Locale":"es_ES"},"Manufacturer":{"DisplayValue":"WOLTU","Label":"Manufacturer","Locale":"es_ES"}},"Title":{"DisplayValue":"WOLTU 2X Taburete de Bar con Respaldo, Marco de Madera Maciza Imitación de Cuero Taburete Alto para Cocina, Bar, Paquete de 2 Unidades Gris+Blanco","Label":"Title","Locale":"es_ES"}},"Offers":{"Summaries":[{"Condition":{"Value":"New"},"LowestPrice":{"Amount":109.99,"Currency":"EUR","DisplayAmount":"109,99 €"}}]}},{"ASIN":"B094D9WR76","DetailPageURL":"https://www.amazon.es/dp/B094D9WR76?tag=topinalambricos-21&linkCode=osi&th=1&psc=1","Images":{"Primary":{"Small":{"Height":75,"URL":"https://m.media-amazon.com/images/I/31DxpJnlXhS._SL75_.jpg","Width":75}}},"ItemInfo":{"ByLineInfo":{"Brand":{"DisplayValue":"WOLTU","Label":"Brand","Locale":"es_ES"},"Manufacturer":{"DisplayValue":"WOLTU","Label":"Manufacturer","Locale":"es_ES"}},"Title":{"DisplayValue":"WOLTU 1X Taburetes con Respaldo Cuero Sintético Cocina Regulable en Altura Taburete Giratorio Peluquería Sillas Bar Taburete de Escritorio Negro 39,5-50,5cm de Altura BH304sz-1","Label":"Title","Locale":"es_ES"}},"Offers":{"Summaries":[{"Condition":{"Value":"New"},"LowestPrice":{"Amount":42.99,"Currency":"EUR","DisplayAmount":"42,99 €"}}]}},{"ASIN":"B072BXX33K","DetailPageURL":"https://www.amazon.es/dp/B072BXX33K?tag=topinalambricos-21&linkCode=osi&th=1&psc=1","Images":{"Primary":{"Small":{"Height":75,"URL":"https://m.media-amazon.com/images/I/516xuEsMHPL._SL75_.jpg","Width":75}}},"ItemInfo":{"ByLineInfo":{"Brand":{"DisplayValue":"WOLTU","Label":"Brand","Locale":"es_ES"},"Manufacturer":{"DisplayValue":"WOLTU","Label":"Manufacturer","Locale":"es_ES"}},"Title":{"DisplayValue":"WOLTU BH51sz-2 Juego de 2 taburetes de Bar Bien Acolchado Asiento y Respaldo de Cuero Artificial Silla de diseño Madera Negro","Label":"Title","Locale":"es_ES"}},"Offers":{"Summaries":[{"Condition":{"Value":"New"},"LowestPrice":{"Amount":132.99,"Currency":"EUR","DisplayAmount":"132,99 €"}}]}},{"ASIN":"B08ZYHFDZQ","DetailPageURL":"https://www.amazon.es/dp/B08ZYHFDZQ?tag=topinalambricos-21&linkCode=osi&th=1&psc=1","Images":{"Primary":{"Small":{"Height":75,"URL":"https://m.media-amazon.com/images/I/318vjzbDAtL._SL75_.jpg","Width":75}}},"ItemInfo":{"ByLineInfo":{"Brand":{"DisplayValue":"FURWOO","Label":"Brand","Locale":"es_ES"},"Manufacturer":{"DisplayValue":"FURWOO","Label":"Manufacturer","Locale":"es_ES"}},"Title":{"DisplayValue":"FURWOO Silla de mostrador Silla de Tienda Silla de Compras Silla giratoria y elevadora Multifuncional de Cuero PU Adecuado para Oficina SPA Caja registradora (Blanco)","Label":"Title","Locale":"es_ES"}},"Offers":{"Summaries":[{"Condition":{"Value":"New"},"LowestPrice":{"Amount":34.99,"Currency":"EUR","DisplayAmount":"34,99 €"}}]}},{"ASIN":"B00LHJHGA0","DetailPageURL":"https://www.amazon.es/dp/B00LHJHGA0?tag=topinalambricos-21&linkCode=osi&th=1&psc=1","Images":{"Primary":{"Small":{"Height":75,"URL":"https://m.media-amazon.com/images/I/31-rfjWsSPL._SL75_.jpg","Width":75}}},"ItemInfo":{"ByLineInfo":{"Brand":{"DisplayValue":"WOLTU","Label":"Brand","Locale":"es_ES"},"Manufacturer":{"DisplayValue":"WOLTU","Label":"Manufacturer","Locale":"es_ES"}},"Title":{"DisplayValue":"WOLTU 1x Taburete de Bar con Respaldo, Ajuste de Altura Continuo, Acero Cromado, tapicería de Cuero de fácil Cuidado, Asiento Bien Acolchado, (Blanco)","Label":"Title","Locale":"es_ES"}},"Offers":{"Summaries":[{"Condition":{"Value":"New"},"LowestPrice":{"Amount":66.99,"Currency":"EUR","DisplayAmount":"66,99 €"}}]}}],"SearchURL":"https://www.amazon.es/s?k=taburete+cuero&rh=n%3A2822854031%2Cp_n_availability%3A-1&tag=topinalambricos-21&linkCode=osi","TotalResultCount":46042}},"287":{"SearchResult":{"Items":[{"ASIN":"B07N75GH3V","DetailPageURL":"https://www.amazon.es/dp/B07N75GH3V?tag=topinalambricos-21&linkCode=osi&th=1&psc=1","Images":{"Primary":{"Small":{"Height":75,"URL":"https://m.media-amazon.com/images/I/41LC9Ra1iAL._SL75_.jpg","Width":75}}},"ItemInfo":{"ByLineInfo":{"Brand":{"DisplayValue":"VANT","Label":"Brand","Locale":"es_ES"},"Manufacturer":{"DisplayValue":"Vant","Label":"Manufacturer","Locale":"es_ES"}},"Title":{"DisplayValue":"VANT Paneles de Pared con Tapizados - Paquetes 4 - Fácil Instalar - Cabecera Gemelo - Tamaño Gigante (Cuero Vintage Polvoriento Topo, 91cm Ancho)","Label":"Title","Locale":"es_ES"}},"Offers":{"Summaries":[{"Condition":{"Value":"New"},"LowestPrice":{"Amount":239.99,"Currency":"EUR","DisplayAmount":"239,99 €"}}]}},{"ASIN":"B0922WLQRG","DetailPageURL":"https://www.amazon.es/dp/B0922WLQRG?tag=topinalambricos-21&linkCode=osi&th=1&psc=1","Images":{"Primary":{"Small":{"Height":75,"URL":"https://m.media-amazon.com/images/I/41AQ9sryXRL._SL75_.jpg","Width":75}}},"ItemInfo":{"ByLineInfo":{"Brand":{"DisplayValue":"CXLT","Label":"Brand","Locale":"es_ES"},"Manufacturer":{"DisplayValue":"Longtaizhizaoxiaoshoushang","Label":"Manufacturer","Locale":"es_ES"}},"Title":{"DisplayValue":"Cubierta De Cabecero Queen King Terciopelo De Diamante Algodón Acolchado Funda para Cabecera De Cama Individual Doble Madera Cuero Tela Respaldo De Cama Protector Decoración,Blue-Length:200cm","Label":"Title","Locale":"es_ES"}},"Offers":{"Summaries":[{"Condition":{"Value":"New"},"LowestPrice":{"Amount":47.33,"Currency":"EUR","DisplayAmount":"47,33 €"}}]}},{"ASIN":"B09GG827PJ","DetailPageURL":"https://www.amazon.es/dp/B09GG827PJ?tag=topinalambricos-21&linkCode=osi&th=1&psc=1","Images":{"Primary":{"Small":{"Height":75,"URL":"https://m.media-amazon.com/images/I/410ZJ-Ops1L._SL75_.jpg","Width":75}}},"ItemInfo":{"ByLineInfo":{"Brand":{"DisplayValue":"TFBH","Label":"Brand","Locale":"es_ES"},"Manufacturer":{"DisplayValue":"TongFaZhiZaoXiaoShouBu","Label":"Manufacturer","Locale":"es_ES"}},"Title":{"DisplayValue":"TFBH Elástica Funda para Cabecera/Terciopelo Funda para Cabecera De Cama Individual Doble Cubierta para Cabecero De Cama Funda Protectora para Camas De Cuero De Madera Respaldo,Green-Length:210-240cm","Label":"Title","Locale":"es_ES"}},"Offers":{"Summaries":[{"Condition":{"Value":"New"},"LowestPrice":{"Amount":38.63,"Currency":"EUR","DisplayAmount":"38,63 €"}}]}},{"ASIN":"B097N9RQX6","DetailPageURL":"https://www.amazon.es/dp/B097N9RQX6?tag=topinalambricos-21&linkCode=osi&th=1&psc=1","Images":{"Primary":{"Small":{"Height":75,"URL":"https://m.media-amazon.com/images/I/41eWl9Mo6CS._SL75_.jpg","Width":75}}},"ItemInfo":{"ByLineInfo":{"Brand":{"DisplayValue":"TFBH","Label":"Brand","Locale":"es_ES"},"Manufacturer":{"DisplayValue":"TongFaZhiZaoXiaoShouBu","Label":"Manufacturer","Locale":"es_ES"}},"Title":{"DisplayValue":"TFBH Cubierta para Cabecero De Cama/Funda para Cabecera Doble Individual Espesar Terciopelo Protectora Cubre Madera/Cuero Cama Respaldo Cover Antipolvo Decoración De Dormitorio,Beige-150CM","Label":"Title","Locale":"es_ES"}},"Offers":{"Summaries":[{"Condition":{"Value":"New"},"LowestPrice":{"Amount":34.75,"Currency":"EUR","DisplayAmount":"34,75 €"}}]}},{"ASIN":"B09K6M3732","DetailPageURL":"https://www.amazon.es/dp/B09K6M3732?tag=topinalambricos-21&linkCode=osi&th=1&psc=1","Images":{"Primary":{"Small":{"Height":75,"URL":"https://m.media-amazon.com/images/I/41wXyYNppHL._SL75_.jpg","Width":75}}},"ItemInfo":{"ByLineInfo":{"Brand":{"DisplayValue":"TFBH","Label":"Brand","Locale":"es_ES"},"Manufacturer":{"DisplayValue":"TongFaZhiZaoXiaoShouBu","Label":"Manufacturer","Locale":"es_ES"}},"Title":{"DisplayValue":"TFBH Cojín para La Cabecera De La Cama Funda para Cabecero De Cama Protección De Cabecero, Decoración De Cabecero Espesar La Cómoda Funda Antipolvo para Camas De Madera/Cuero/Hierro,Beige-160x60cm","Label":"Title","Locale":"es_ES"}},"Offers":{"Summaries":[{"Condition":{"Value":"New"},"LowestPrice":{"Amount":103.32,"Currency":"EUR","DisplayAmount":"103,32 €"}}]}},{"ASIN":"B01H56WZ9U","DetailPageURL":"https://www.amazon.es/dp/B01H56WZ9U?tag=topinalambricos-21&linkCode=osi&th=1&psc=1","Images":{"Primary":{"Small":{"Height":49,"URL":"https://m.media-amazon.com/images/I/31QDzjW9d-L._SL75_.jpg","Width":75}}},"ItemInfo":{"ByLineInfo":{"Brand":{"DisplayValue":"Infutisa","Label":"Brand","Locale":"es_ES"},"Manufacturer":{"DisplayValue":"1Tapiza S.L.","Label":"Manufacturer","Locale":"es_ES"}},"Title":{"DisplayValue":"Infutisa Arteta Cabezal, Microfibra, Cuero, Cama 150/170 (King), 160x8x80 cm","Label":"Title","Locale":"es_ES"}},"Offers":{"Summaries":[{"Condition":{"Value":"New"},"LowestPrice":{"Amount":27.43,"Currency":"EUR","DisplayAmount":"27,43 €"}}]}},{"ASIN":"B00KKMQCFA","DetailPageURL":"https://www.amazon.es/dp/B00KKMQCFA?tag=topinalambricos-21&linkCode=osi&th=1&psc=1","Images":{"Primary":{"Small":{"Height":75,"URL":"https://m.media-amazon.com/images/I/51w+iZ6AnGL._SL75_.jpg","Width":75}}},"ItemInfo":{"ByLineInfo":{"Brand":{"DisplayValue":"CROWNBEDSUK","Label":"Brand","Locale":"es_ES"},"Manufacturer":{"DisplayValue":"CROWNBEDSUK","Label":"Manufacturer","Locale":"es_ES"}},"Title":{"DisplayValue":"CROWNBEDSUK Excelente cabecero de Pared Alton en Opciones de 2, 4, 6 pies y Altura. (Berenjena, 1,52 m (tamaño King) 91,44 cm), Cuero sintético, 5ft (Kingsize) 36''","Label":"Title","Locale":"es_ES"}},"Offers":{"Summaries":[{"Condition":{"Value":"New"},"LowestPrice":{"Amount":102.35,"Currency":"EUR","DisplayAmount":"102,35 €"}}]}},{"ASIN":"B0859XQGD1","DetailPageURL":"https://www.amazon.es/dp/B0859XQGD1?tag=topinalambricos-21&linkCode=osi&th=1&psc=1","Images":{"Primary":{"Small":{"Height":75,"URL":"https://m.media-amazon.com/images/I/417LJVE2uHL._SL75_.jpg","Width":75}}},"ItemInfo":{"ByLineInfo":{"Brand":{"DisplayValue":"Zoey's store","Label":"Brand","Locale":"es_ES"},"Manufacturer":{"DisplayValue":"Zoey's store","Label":"Manufacturer","Locale":"es_ES"}},"Title":{"DisplayValue":"Zoey's store Funda elástica para cabecero de cama, funda para respaldo, estilo nórdico, todo incluido, para cama, funda protectora de madera, cuero y polvo, curvada (# 12, 1,5 m x 0,8 m)","Label":"Title","Locale":"es_ES"}},"Offers":{"Summaries":[{"Condition":{"Value":"New"},"LowestPrice":{"Amount":15.9,"Currency":"EUR","DisplayAmount":"15,90 €"}}]}},{"ASIN":"B00KG7J63Y","DetailPageURL":"https://www.amazon.es/dp/B00KG7J63Y?tag=topinalambricos-21&linkCode=osi&th=1&psc=1","Images":{"Primary":{"Small":{"Height":56,"URL":"https://m.media-amazon.com/images/I/41LPnVY4k+L._SL75_.jpg","Width":75}}},"ItemInfo":{"ByLineInfo":{"Brand":{"DisplayValue":"CROWNBEDSUK","Label":"Brand","Locale":"es_ES"},"Manufacturer":{"DisplayValue":"CROWNBEDSUK","Label":"Manufacturer","Locale":"es_ES"}},"Title":{"DisplayValue":"CROWNBEDSUK Cabecero de Cama de Piel sintética de Lujo de Calidad Rosa, 1,82, Cuero, Pink, 1,52 m (King Size)","Label":"Title","Locale":"es_ES"}},"Offers":{"Summaries":[{"Condition":{"Value":"New"},"LowestPrice":{"Amount":62.84,"Currency":"EUR","DisplayAmount":"62,84 €"}}]}},{"ASIN":"B0BF4JK72Y","DetailPageURL":"https://www.amazon.es/dp/B0BF4JK72Y?tag=topinalambricos-21&linkCode=osi&th=1&psc=1","Images":{"Primary":{"Small":{"Height":75,"URL":"https://m.media-amazon.com/images/I/419jlSNN50L._SL75_.jpg","Width":75}}},"ItemInfo":{"ByLineInfo":{"Brand":{"DisplayValue":"MJMJ","Label":"Brand","Locale":"es_ES"},"Manufacturer":{"DisplayValue":"MJMJ","Label":"Manufacturer","Locale":"es_ES"}},"Title":{"DisplayValue":"MJMJ Lectura Cabecas para El Cuero De Imitación Suave para Adultos Cabeceras con Mechones Cubiertos De Cabecera De Mechones(Size:35.4\"/90cm,Color:Blue1)","Label":"Title","Locale":"es_ES"}},"Offers":{"Summaries":[{"Condition":{"Value":"New"},"LowestPrice":{"Amount":128.92,"Currency":"EUR","DisplayAmount":"128,92 €"}}]}}],"SearchURL":"https://www.amazon.es/s?k=cuero&rh=n%3A2822720031%2Cp_n_availability%3A-1&tag=topinalambricos-21&linkCode=osi","TotalResultCount":1479}},"288":{"SearchResult":{"Items":[{"ASIN":"B08PP1SRLR","DetailPageURL":"https://www.amazon.es/dp/B08PP1SRLR?tag=topinalambricos-21&linkCode=osi&th=1&psc=1","Images":{"Primary":{"Small":{"Height":75,"URL":"https://m.media-amazon.com/images/I/41p2SPWklpL._SL75_.jpg","Width":75}}},"ItemInfo":{"ByLineInfo":{"Brand":{"DisplayValue":"EASY EAGLE","Label":"Brand","Locale":"es_ES"},"Manufacturer":{"DisplayValue":"Guang Zhou Yu Lei Dian Zi You Xian Gong Si","Label":"Manufacturer","Locale":"es_ES"}},"Title":{"DisplayValue":"EASY EAGLE Spuma de Memoria Cojín de Espuma Memoria, Cómodo Cubre Asientos para Apoyo, 1 Paquete","Label":"Title","Locale":"es_ES"}},"Offers":{"Summaries":[{"Condition":{"Value":"New"},"LowestPrice":{"Amount":34.99,"Currency":"EUR","DisplayAmount":"34,99 €"}}]}},{"ASIN":"B09XKDXS7Z","DetailPageURL":"https://www.amazon.es/dp/B09XKDXS7Z?tag=topinalambricos-21&linkCode=osi&th=1&psc=1","Images":{"Primary":{"Small":{"Height":75,"URL":"https://m.media-amazon.com/images/I/4191zXEnrpL._SL75_.jpg","Width":75}}},"ItemInfo":{"ByLineInfo":{"Brand":{"DisplayValue":"GYL-JL","Label":"Brand","Locale":"es_ES"},"Manufacturer":{"DisplayValue":"GYL-JL","Label":"Manufacturer","Locale":"es_ES"}},"Title":{"DisplayValue":"GYL-JL Cojín para Silla De Ordenador Office Boss, Cojín para Asiento De Cuero para Sofá Y Coche, Cojín Antideslizante para Asiento De Peluquería, Cojín para Silla De Comedor Cuadrado De Cuero","Label":"Title","Locale":"es_ES"}},"Offers":{"Summaries":[{"Condition":{"Value":"New"},"LowestPrice":{"Amount":19.73,"Currency":"EUR","DisplayAmount":"19,73 €"}}]}},{"ASIN":"B08M9P3TKG","DetailPageURL":"https://www.amazon.es/dp/B08M9P3TKG?tag=topinalambricos-21&linkCode=osi&th=1&psc=1","Images":{"Primary":{"Small":{"Height":75,"URL":"https://m.media-amazon.com/images/I/31C5ukE6x6L._SL75_.jpg","Width":75}}},"ItemInfo":{"ByLineInfo":{"Brand":{"DisplayValue":"YUESFZ","Label":"Brand","Locale":"es_ES"},"Manufacturer":{"DisplayValue":"YUESFZ","Label":"Manufacturer","Locale":"es_ES"}},"Title":{"DisplayValue":"YUESFZ Cojines Cojín De Silla Sedentario De Oficina De Cuero, Cojín Redondo Súper Suave para Nalgas, Futón De Algodón con Memoria En El Suelo del Dormitorio, Cojín Antideslizante Extraíble Y Lavable","Label":"Title","Locale":"es_ES"}},"Offers":{"Summaries":[{"Condition":{"Value":"New"},"LowestPrice":{"Amount":27.95,"Currency":"EUR","DisplayAmount":"27,95 €"}}]}},{"ASIN":"B076CNY8LR","DetailPageURL":"https://www.amazon.es/dp/B076CNY8LR?tag=topinalambricos-21&linkCode=osi&th=1&psc=1","Images":{"Primary":{"Small":{"Height":73,"URL":"https://m.media-amazon.com/images/I/51+xGEcnWdL._SL75_.jpg","Width":75}}},"ItemInfo":{"ByLineInfo":{"Brand":{"DisplayValue":"Black Temptation","Label":"Brand","Locale":"es_ES"},"Manufacturer":{"DisplayValue":"Black Temptation","Label":"Manufacturer","Locale":"es_ES"}},"Title":{"DisplayValue":"Black Temptation Cojín Redondo de Cuero de Estilo Simple Envoltorio Creativo de Asiento de Taburete Redondo, B5","Label":"Title","Locale":"es_ES"}},"Offers":{"Summaries":[{"Condition":{"Value":"New"},"LowestPrice":{"Amount":14.56,"Currency":"EUR","DisplayAmount":"14,56 €"}}]}},{"ASIN":"B0736SFJS3","DetailPageURL":"https://www.amazon.es/dp/B0736SFJS3?tag=topinalambricos-21&linkCode=osi&th=1&psc=1","Images":{"Primary":{"Small":{"Height":75,"URL":"https://m.media-amazon.com/images/I/51y+z2MHQEL._SL75_.jpg","Width":75}}},"ItemInfo":{"ByLineInfo":{"Brand":{"DisplayValue":"Big Ant","Label":"Brand","Locale":"es_ES"},"Manufacturer":{"DisplayValue":"CARCHAIN","Label":"Manufacturer","Locale":"es_ES"}},"Title":{"DisplayValue":"Big Ant Cojines de Asiento de Coche,Coche Protector de Asiento Delantero, Cubiertas de Asiento de Coche de bambú del carbón de leña con el cojín Interior del Asiento de Cuero de la PU (Gris,1 Pieza)","Label":"Title","Locale":"es_ES"}},"Offers":{"Summaries":[{"Condition":{"Value":"New"},"LowestPrice":{"Amount":31.18,"Currency":"EUR","DisplayAmount":"31,18 €"}}]}},{"ASIN":"B00HVXQTI6","DetailPageURL":"https://www.amazon.es/dp/B00HVXQTI6?tag=topinalambricos-21&linkCode=osi&th=1&psc=1","Images":{"Primary":{"Small":{"Height":75,"URL":"https://m.media-amazon.com/images/I/513zRzzPrjL._SL75_.jpg","Width":75}}},"ItemInfo":{"ByLineInfo":{"Brand":{"DisplayValue":"HOMESCAPES","Label":"Brand","Locale":"es_ES"},"Manufacturer":{"DisplayValue":"Homescapes","Label":"Manufacturer","Locale":"es_ES"}},"Title":{"DisplayValue":"HOMESCAPES Cojín Acolchado en Cuero Terciopelo para sillas de 40 cm x 40 cm x 10 cm de Color Negro","Label":"Title","Locale":"es_ES"}},"Offers":{"Summaries":[{"Condition":{"Value":"New"},"LowestPrice":{"Amount":30.71,"Currency":"EUR","DisplayAmount":"30,71 €"}}]}},{"ASIN":"B07YJC3MBH","DetailPageURL":"https://www.amazon.es/dp/B07YJC3MBH?tag=topinalambricos-21&linkCode=osi&th=1&psc=1","Images":{"Primary":{"Small":{"Height":75,"URL":"https://m.media-amazon.com/images/I/31e+MzIx0VL._SL75_.jpg","Width":75}}},"ItemInfo":{"ByLineInfo":{"Brand":{"DisplayValue":"Chair cushion","Label":"Brand","Locale":"es_ES"},"Manufacturer":{"DisplayValue":"Chair cushion","Label":"Manufacturer","Locale":"es_ES"}},"Title":{"DisplayValue":"Chair cushion Cojines Gruesos para Sillas De Cuero,Impermeable Removeable Cuadrado Durable Cojín De Asiento para Sofá Comedor Silla De Oficina Patio Almohadillas-Verde 40x40x5cm(16x16x2inch)","Label":"Title","Locale":"es_ES"}},"Offers":{"Summaries":[{"Condition":{"Value":"New"},"LowestPrice":{"Amount":43.0,"Currency":"EUR","DisplayAmount":"43,00 €"}}]}},{"ASIN":"B09S5M1YT2","DetailPageURL":"https://www.amazon.es/dp/B09S5M1YT2?tag=topinalambricos-21&linkCode=osi&th=1&psc=1","Images":{"Primary":{"Small":{"Height":75,"URL":"https://m.media-amazon.com/images/I/41BSFMsre6L._SL75_.jpg","Width":75}}},"ItemInfo":{"ByLineInfo":{"Brand":{"DisplayValue":"HAiHALA","Label":"Brand","Locale":"es_ES"},"Manufacturer":{"DisplayValue":"HAiHALA","Label":"Manufacturer","Locale":"es_ES"}},"Title":{"DisplayValue":"HAiHALA Cojín De Silla Redonda Cojín Redondo De Cuero Cojín De Esponja Engrosada Cojín De Futón De Meditación Cojín De Silla Cojín De Ventana De Bahía De Tatami Cojín De Asiento De Taburete Redondo","Label":"Title","Locale":"es_ES"}},"Offers":{"Summaries":[{"Condition":{"Value":"New"},"LowestPrice":{"Amount":34.03,"Currency":"EUR","DisplayAmount":"34,03 €"}}]}},{"ASIN":"B0BNYMGF5C","DetailPageURL":"https://www.amazon.es/dp/B0BNYMGF5C?tag=topinalambricos-21&linkCode=osi&th=1&psc=1","Images":{"Primary":{"Small":{"Height":65,"URL":"https://m.media-amazon.com/images/I/410aOu+iPgL._SL75_.jpg","Width":75}}},"ItemInfo":{"ByLineInfo":{"Brand":{"DisplayValue":"XOOPIT","Label":"Brand","Locale":"es_ES"},"Manufacturer":{"DisplayValue":"XOOPIT","Label":"Manufacturer","Locale":"es_ES"}},"Title":{"DisplayValue":"Cojín De Asiento De Cuero Redondo, Cojín De Silla Suave De Cuero, Asiento De Tarjeta De Restaurante, Taburete Redondo, Taburete De Bar, Cojines De Silla Redondo / Cojines De Asiento ( Color : Color 4","Label":"Title","Locale":"es_ES"}},"Offers":{"Summaries":[{"Condition":{"Value":"New"},"LowestPrice":{"Amount":23.63,"Currency":"EUR","DisplayAmount":"23,63 €"}}]}},{"ASIN":"B0BNDRH35T","DetailPageURL":"https://www.amazon.es/dp/B0BNDRH35T?tag=topinalambricos-21&linkCode=osi&th=1&psc=1","Images":{"Primary":{"Small":{"Height":50,"URL":"https://m.media-amazon.com/images/I/21U-XjRVvtL._SL75_.jpg","Width":75}}},"ItemInfo":{"ByLineInfo":{"Brand":{"DisplayValue":"XOOPIT","Label":"Brand","Locale":"es_ES"},"Manufacturer":{"DisplayValue":"XOOPIT","Label":"Manufacturer","Locale":"es_ES"}},"Title":{"DisplayValue":"Taburete Redondo Cojines Para Sillas, Cojines De Esponja De Cuero, Asiento De Tarjeta For Restaurante, Taburete Redondo, Taburete De Bar, Cojín For Asiento, Cojín For Silla ( Color : Color 4 , Size :","Label":"Title","Locale":"es_ES"}},"Offers":{"Summaries":[{"Condition":{"Value":"New"},"LowestPrice":{"Amount":26.8,"Currency":"EUR","DisplayAmount":"26,80 €"}}]}}],"SearchURL":"https://www.amazon.es/s?k=cuero&rh=n%3A2822877031%2Cp_n_availability%3A-1&tag=topinalambricos-21&linkCode=osi","TotalResultCount":1052}}}