{"3":{"SearchResult":{"Items":[{"ASIN":"B07RDYLBZM","DetailPageURL":"https://www.amazon.es/dp/B07RDYLBZM?tag=topinalambricos-21&linkCode=osi&th=1&psc=1","Images":{"Primary":{"Small":{"Height":75,"URL":"https://m.media-amazon.com/images/I/41WrEciEcFL._SL75_.jpg","Width":51}}},"ItemInfo":{"ByLineInfo":{"Brand":{"DisplayValue":"Redbridge","Label":"Brand","Locale":"es_ES"}},"Title":{"DisplayValue":"Red Bridge Chaqueta Guateada Manga Larga para Hombre Cuero sintético Negro, M","Label":"Title","Locale":"es_ES"}},"Offers":{"Summaries":[{"Condition":{"Value":"New"},"LowestPrice":{"Amount":69.9,"Currency":"EUR","DisplayAmount":"69,90 €"}}]}},{"ASIN":"B07DXMCJW7","DetailPageURL":"https://www.amazon.es/dp/B07DXMCJW7?tag=topinalambricos-21&linkCode=osi&th=1&psc=1","Images":{"Primary":{"Small":{"Height":75,"URL":"https://m.media-amazon.com/images/I/41Sc0lG6S6L._SL75_.jpg","Width":56}}},"ItemInfo":{"ByLineInfo":{"Brand":{"DisplayValue":"Redbridge","Label":"Brand","Locale":"es_ES"}},"Title":{"DisplayValue":"Redbridge Chaqueta de Hombres Cuero Sintético Moda Casual Negro M","Label":"Title","Locale":"es_ES"}},"Offers":{"Summaries":[{"Condition":{"Value":"New"},"LowestPrice":{"Amount":69.9,"Currency":"EUR","DisplayAmount":"69,90 €"}}]}},{"ASIN":"B00JFYFPL6","DetailPageURL":"https://www.amazon.es/dp/B00JFYFPL6?tag=topinalambricos-21&linkCode=osi&th=1&psc=1","Images":{"Primary":{"Small":{"Height":75,"URL":"https://m.media-amazon.com/images/I/51v-j7sZnfL._SL75_.jpg","Width":60}}},"ItemInfo":{"ByLineInfo":{"Brand":{"DisplayValue":"Redbridge","Label":"Brand","Locale":"es_ES"}},"Title":{"DisplayValue":"Red Bridge Hombres Chaqueta Cuero Sintético Transición Acanalada Moda Casuales Algodón Jacket","Label":"Title","Locale":"es_ES"}},"Offers":{"Summaries":[{"Condition":{"Value":"New"},"LowestPrice":{"Amount":69.9,"Currency":"EUR","DisplayAmount":"69,90 €"}}]}},{"ASIN":"B00Z7W6OG0","DetailPageURL":"https://www.amazon.es/dp/B00Z7W6OG0?tag=topinalambricos-21&linkCode=osi&th=1&psc=1","Images":{"Primary":{"Small":{"Height":75,"URL":"https://m.media-amazon.com/images/I/41oCURgTvFL._SL75_.jpg","Width":59}}},"ItemInfo":{"ByLineInfo":{"Brand":{"DisplayValue":"Redbridge","Label":"Brand","Locale":"es_ES"},"Manufacturer":{"DisplayValue":"Red Bridge","Label":"Manufacturer","Locale":"es_ES"}},"Title":{"DisplayValue":"Redbridge Chaqueta de cuero sintético para hombre Cazadora de transición acanalada Negro XL","Label":"Title","Locale":"es_ES"}},"Offers":{"Summaries":[{"Condition":{"Value":"New"},"LowestPrice":{"Amount":79.9,"Currency":"EUR","DisplayAmount":"79,90 €"}}]}},{"ASIN":"B085S5P848","DetailPageURL":"https://www.amazon.es/dp/B085S5P848?tag=topinalambricos-21&linkCode=osi&th=1&psc=1","Images":{"Primary":{"Small":{"Height":75,"URL":"https://m.media-amazon.com/images/I/41FreIaxLaL._SL75_.jpg","Width":56}}},"ItemInfo":{"ByLineInfo":{"Brand":{"DisplayValue":"Aviatrix","Label":"Brand","Locale":"es_ES"}},"Title":{"DisplayValue":"Aviatrix Chaqueta Biker de Moda de Cuero Real para Hombre con Diseno de Hombros Acolchados (T86N)","Label":"Title","Locale":"es_ES"}},"Offers":{"Summaries":[{"Condition":{"Value":"New"},"LowestPrice":{"Amount":129.99,"Currency":"EUR","DisplayAmount":"129,99 €"}}]}},{"ASIN":"B0BLW488M3","DetailPageURL":"https://www.amazon.es/dp/B0BLW488M3?tag=topinalambricos-21&linkCode=osi&th=1&psc=1","Images":{"Primary":{"Small":{"Height":75,"URL":"https://m.media-amazon.com/images/I/41OJq3QUdKL._SL75_.jpg","Width":75}}},"ItemInfo":{"ByLineInfo":{"Brand":{"DisplayValue":"NUSGEAR","Label":"Brand","Locale":"es_ES"}},"Title":{"DisplayValue":"NUSGEAR 2022 Chaqueta de Cuero Hombres Otoño Invierno Chaqueta de Cuero béisbol Colores Mezclados PU Abrigo Moda Patchwork Chaqueta bombardero Impermeable a Prueba de Viento Ropa de moto","Label":"Title","Locale":"es_ES"}},"Offers":{"Summaries":[{"Condition":{"Value":"New"},"LowestPrice":{"Amount":35.98,"Currency":"EUR","DisplayAmount":"35,98 €"}}]}},{"ASIN":"B07RCZJPCK","DetailPageURL":"https://www.amazon.es/dp/B07RCZJPCK?tag=topinalambricos-21&linkCode=osi&th=1&psc=1","Images":{"Primary":{"Small":{"Height":75,"URL":"https://m.media-amazon.com/images/I/41WrEciEcFL._SL75_.jpg","Width":51}}},"ItemInfo":{"ByLineInfo":{"Brand":{"DisplayValue":"Redbridge","Label":"Brand","Locale":"es_ES"}},"Title":{"DisplayValue":"Red Bridge Chaqueta Guateada Manga Larga para Hombre Cuero sintético Negro, S","Label":"Title","Locale":"es_ES"}},"Offers":{"Summaries":[{"Condition":{"Value":"New"},"LowestPrice":{"Amount":69.9,"Currency":"EUR","DisplayAmount":"69,90 €"}}]}},{"ASIN":"B09MKQN558","DetailPageURL":"https://www.amazon.es/dp/B09MKQN558?tag=topinalambricos-21&linkCode=osi&th=1&psc=1","Images":{"Primary":{"Small":{"Height":75,"URL":"https://m.media-amazon.com/images/I/5113cKo4HxL._SL75_.jpg","Width":75}}},"ItemInfo":{"ByLineInfo":{"Brand":{"DisplayValue":"NUSGEAR","Label":"Brand","Locale":"es_ES"}},"Title":{"DisplayValue":"NUSGEAR 2022 Hombres Chaqueta de Cuero,Invierno otoño Cuero de la Piel PU Chaqueta de béisbol Abrigo de Pieles Impermeable a Prueba de Viento Ropa de moto Chaqueta Talla grande caliente Chaqueta","Label":"Title","Locale":"es_ES"}},"Offers":{"Summaries":[{"Condition":{"Value":"New"},"LowestPrice":{"Amount":48.98,"Currency":"EUR","DisplayAmount":"48,98 €"}}]}},{"ASIN":"B09M3ZVFQX","DetailPageURL":"https://www.amazon.es/dp/B09M3ZVFQX?tag=topinalambricos-21&linkCode=osi&th=1&psc=1","Images":{"Primary":{"Small":{"Height":75,"URL":"https://m.media-amazon.com/images/I/41wdXDeEMcL._SL75_.jpg","Width":75}}},"ItemInfo":{"ByLineInfo":{"Brand":{"DisplayValue":"NUSGEAR","Label":"Brand","Locale":"es_ES"}},"Title":{"DisplayValue":"2022 Hombres Chaqueta de Cuero,Invierno Otoño Moda Chaqueta de béisbol Abrigo de Pieles Talla grande Coincidencia solapa Casual Cuello alto Chaqueta Impermeable a Prueba de Viento PU Ropa de moto","Label":"Title","Locale":"es_ES"}},"Offers":{"Summaries":[{"Condition":{"Value":"New"},"LowestPrice":{"Amount":55.99,"Currency":"EUR","DisplayAmount":"55,99 €"}}]}},{"ASIN":"B07RCXSVB5","DetailPageURL":"https://www.amazon.es/dp/B07RCXSVB5?tag=topinalambricos-21&linkCode=osi&th=1&psc=1","Images":{"Primary":{"Small":{"Height":75,"URL":"https://m.media-amazon.com/images/I/41-zF8P-qCL._SL75_.jpg","Width":56}}},"ItemInfo":{"ByLineInfo":{"Brand":{"DisplayValue":"Redbridge","Label":"Brand","Locale":"es_ES"}},"Title":{"DisplayValue":"Red Bridge Chaqueta de Hombre Cazadora de Cuero sintético, Cazadora de Motocicleta de Cuero sintético Negro","Label":"Title","Locale":"es_ES"}},"Offers":{"Summaries":[{"Condition":{"Value":"New"},"LowestPrice":{"Amount":79.9,"Currency":"EUR","DisplayAmount":"79,90 €"}}]}}],"SearchURL":"https://www.amazon.es/s?k=cuero&rh=n%3A3074196031%2Cp_n_availability%3A-1&tag=topinalambricos-21&linkCode=osi","TotalResultCount":1000}},"4":{"SearchResult":{"Items":[{"ASIN":"B00Z7W6O3I","DetailPageURL":"https://www.amazon.es/dp/B00Z7W6O3I?tag=topinalambricos-21&linkCode=osi&th=1&psc=1","Images":{"Primary":{"Small":{"Height":75,"URL":"https://m.media-amazon.com/images/I/41oCURgTvFL._SL75_.jpg","Width":59}}},"ItemInfo":{"ByLineInfo":{"Brand":{"DisplayValue":"Redbridge","Label":"Brand","Locale":"es_ES"},"Manufacturer":{"DisplayValue":"Red Bridge","Label":"Manufacturer","Locale":"es_ES"}},"Title":{"DisplayValue":"Redbridge Chaqueta de cuero sintético para hombre Cazadora de transición acanalada Negro M","Label":"Title","Locale":"es_ES"}},"Offers":{"Summaries":[{"Condition":{"Value":"New"},"LowestPrice":{"Amount":79.9,"Currency":"EUR","DisplayAmount":"79,90 €"}}]}},{"ASIN":"B01HZPYG1Q","DetailPageURL":"https://www.amazon.es/dp/B01HZPYG1Q?tag=topinalambricos-21&linkCode=osi&th=1&psc=1","Images":{"Primary":{"Small":{"Height":75,"URL":"https://m.media-amazon.com/images/I/41RRYY20OPL._SL75_.jpg","Width":75}}},"ItemInfo":{"ByLineInfo":{"Brand":{"DisplayValue":"Urban Leather","Label":"Brand","Locale":"es_ES"},"Manufacturer":{"DisplayValue":"Ur Leather","Label":"Manufacturer","Locale":"es_ES"}},"Title":{"DisplayValue":"Chaqueta Moto Hombre en Cuero 58 Gents | Cazadora de Moto de Piel de Cordero | Armadura Removible para Espalda, Hombros y Codos Aprobada por la CE | Marrón | XXL","Label":"Title","Locale":"es_ES"}},"Offers":{"Summaries":[{"Condition":{"Value":"New"},"LowestPrice":{"Amount":141.24,"Currency":"EUR","DisplayAmount":"141,24 €"}}]}},{"ASIN":"B08CXSZ8VQ","DetailPageURL":"https://www.amazon.es/dp/B08CXSZ8VQ?tag=topinalambricos-21&linkCode=osi&th=1&psc=1","Images":{"Primary":{"Small":{"Height":75,"URL":"https://m.media-amazon.com/images/I/41dBXb2AxUL._SL75_.jpg","Width":75}}},"ItemInfo":{"ByLineInfo":{"Brand":{"DisplayValue":"LYHY","Label":"Brand","Locale":"es_ES"},"Manufacturer":{"DisplayValue":"LYHY","Label":"Manufacturer","Locale":"es_ES"}},"Title":{"DisplayValue":"Chaqueta Cuero De Hombres,Chaqueta De Moto Retro Informal Con Cuello De Pie Delgado, Invierno Hombres Biker Pocket Design Pu Piloto Chaquetas Abrigo De Piel Sintética, Para Andar En Motocicleta, Fi","Label":"Title","Locale":"es_ES"}},"Offers":{"Summaries":[{"Condition":{"Value":"New"},"LowestPrice":{"Amount":28.0,"Currency":"EUR","DisplayAmount":"28,00 €"}}]}},{"ASIN":"B01EE3DOE2","DetailPageURL":"https://www.amazon.es/dp/B01EE3DOE2?tag=topinalambricos-21&linkCode=osi&th=1&psc=1","Images":{"Primary":{"Small":{"Height":75,"URL":"https://m.media-amazon.com/images/I/51w-44-wlxL._SL75_.jpg","Width":56}}},"ItemInfo":{"ByLineInfo":{"Brand":{"DisplayValue":"Aviatrix","Label":"Brand","Locale":"es_ES"}},"Title":{"DisplayValue":"Aviatrix Chaqueta Biker De Cuero Autentico Para Hombre Con Cuello De Banda y Distintivos De Moto (CXUS)","Label":"Title","Locale":"es_ES"}},"Offers":{"Summaries":[{"Condition":{"Value":"New"},"LowestPrice":{"Amount":119.99,"Currency":"EUR","DisplayAmount":"119,99 €"}}]}},{"ASIN":"B0788T9FL4","DetailPageURL":"https://www.amazon.es/dp/B0788T9FL4?tag=topinalambricos-21&linkCode=osi&th=1&psc=1","Images":{"Primary":{"Small":{"Height":75,"URL":"https://m.media-amazon.com/images/I/514-xNO13+L._SL75_.jpg","Width":56}}},"ItemInfo":{"ByLineInfo":{"Brand":{"DisplayValue":"Aviatrix","Label":"Brand","Locale":"es_ES"}},"Title":{"DisplayValue":"Aviatrix Hombres Cuero Autentico Especial Retro Moda Chaqueta (4W9C)","Label":"Title","Locale":"es_ES"}},"Offers":{"Summaries":[{"Condition":{"Value":"New"},"LowestPrice":{"Amount":129.99,"Currency":"EUR","DisplayAmount":"129,99 €"}}]}},{"ASIN":"B07KKMJ2GS","DetailPageURL":"https://www.amazon.es/dp/B07KKMJ2GS?tag=topinalambricos-21&linkCode=osi&th=1&psc=1","Images":{"Primary":{"Small":{"Height":75,"URL":"https://m.media-amazon.com/images/I/41VWGoKa9dL._SL75_.jpg","Width":56}}},"ItemInfo":{"ByLineInfo":{"Brand":{"DisplayValue":"Redbridge","Label":"Brand","Locale":"es_ES"},"Manufacturer":{"DisplayValue":"Redbridge","Label":"Manufacturer","Locale":"es_ES"}},"Title":{"DisplayValue":"Redbridge Chaqueta de imitación de cuero para hombre con capucha Negro M","Label":"Title","Locale":"es_ES"}},"Offers":{"Summaries":[{"Condition":{"Value":"New"},"LowestPrice":{"Amount":139.65,"Currency":"EUR","DisplayAmount":"139,65 €"}}]}},{"ASIN":"B09M9KT6GH","DetailPageURL":"https://www.amazon.es/dp/B09M9KT6GH?tag=topinalambricos-21&linkCode=osi&th=1&psc=1","Images":{"Primary":{"Small":{"Height":75,"URL":"https://m.media-amazon.com/images/I/51fhiQCqwEL._SL75_.jpg","Width":75}}},"ItemInfo":{"ByLineInfo":{"Brand":{"DisplayValue":"NUSGEAR","Label":"Brand","Locale":"es_ES"}},"Title":{"DisplayValue":"NUSGEAR 2022 Hombres Chaqueta de Cuero,Invierno Espesar Cuero de la Piel Chaqueta de béisbol Forro de lana Abrigo de solapa Impermeable a Prueba de Viento Ropa de moto Talla grande PU cremallera","Label":"Title","Locale":"es_ES"}},"Offers":{"Summaries":[{"Condition":{"Value":"New"},"LowestPrice":{"Amount":35.99,"Currency":"EUR","DisplayAmount":"35,99 €"}}]}},{"ASIN":"B0716LZ4DW","DetailPageURL":"https://www.amazon.es/dp/B0716LZ4DW?tag=topinalambricos-21&linkCode=osi&th=1&psc=1","Images":{"Primary":{"Small":{"Height":75,"URL":"https://m.media-amazon.com/images/I/41ufTREjVHL._SL75_.jpg","Width":56}}},"ItemInfo":{"ByLineInfo":{"Brand":{"DisplayValue":"Aviatrix","Label":"Brand","Locale":"es_ES"}},"Title":{"DisplayValue":"Aviatrix Hombres Genuino Cuero De Vaca Cinturón Chaqueta De Moto con Armadura De Cuerpo Desmontable (PT9R)","Label":"Title","Locale":"es_ES"}},"Offers":{"Summaries":[{"Condition":{"Value":"New"},"LowestPrice":{"Amount":149.99,"Currency":"EUR","DisplayAmount":"149,99 €"}}]}},{"ASIN":"B083P277NR","DetailPageURL":"https://www.amazon.es/dp/B083P277NR?tag=topinalambricos-21&linkCode=osi&th=1&psc=1","Images":{"Primary":{"Small":{"Height":75,"URL":"https://m.media-amazon.com/images/I/41wAk5EnI7L._SL75_.jpg","Width":56}}},"ItemInfo":{"ByLineInfo":{"Brand":{"DisplayValue":"Aviatrix","Label":"Brand","Locale":"es_ES"}},"Title":{"DisplayValue":"Aviatrix Hombres Muy Estiloso Diseñador Cuero Auténtico Chaqueta De Moda Moto (D4EN)","Label":"Title","Locale":"es_ES"}},"Offers":{"Summaries":[{"Condition":{"Value":"New"},"LowestPrice":{"Amount":119.99,"Currency":"EUR","DisplayAmount":"119,99 €"}}]}},{"ASIN":"B09M42QBSD","DetailPageURL":"https://www.amazon.es/dp/B09M42QBSD?tag=topinalambricos-21&linkCode=osi&th=1&psc=1","Images":{"Primary":{"Small":{"Height":75,"URL":"https://m.media-amazon.com/images/I/41wdXDeEMcL._SL75_.jpg","Width":75}}},"ItemInfo":{"ByLineInfo":{"Brand":{"DisplayValue":"NUSGEAR","Label":"Brand","Locale":"es_ES"}},"Title":{"DisplayValue":"2022 Hombres Chaqueta de Cuero,Invierno Otoño Moda Chaqueta de béisbol Abrigo de Pieles Talla grande Coincidencia solapa Casual Cuello alto Chaqueta Impermeable a Prueba de Viento PU Ropa de moto","Label":"Title","Locale":"es_ES"}},"Offers":{"Summaries":[{"Condition":{"Value":"New"},"LowestPrice":{"Amount":55.99,"Currency":"EUR","DisplayAmount":"55,99 €"}}]}}],"SearchURL":"https://www.amazon.es/s?k=cuero+moto&rh=n%3A3074196031%2Cp_n_availability%3A-1&tag=topinalambricos-21&linkCode=osi","TotalResultCount":1000}},"5":{"SearchResult":{"Items":[{"ASIN":"B08SQHKWQQ","DetailPageURL":"https://www.amazon.es/dp/B08SQHKWQQ?tag=topinalambricos-21&linkCode=osi&th=1&psc=1","Images":{"Primary":{"Small":{"Height":75,"URL":"https://m.media-amazon.com/images/I/41Fjx9zJzBL._SL75_.jpg","Width":51}}},"ItemInfo":{"ByLineInfo":{"Brand":{"DisplayValue":"Redbridge","Label":"Brand","Locale":"es_ES"}},"Title":{"DisplayValue":"Redbridge Chaqueta de Hombres Cuero Sintético Moda Casual Marrón M","Label":"Title","Locale":"es_ES"}},"Offers":{"Summaries":[{"Condition":{"Value":"New"},"LowestPrice":{"Amount":69.9,"Currency":"EUR","DisplayAmount":"69,90 €"}}]}},{"ASIN":"B07VQTQ7CK","DetailPageURL":"https://www.amazon.es/dp/B07VQTQ7CK?tag=topinalambricos-21&linkCode=osi&th=1&psc=1","Images":{"Primary":{"Small":{"Height":75,"URL":"https://m.media-amazon.com/images/I/51ty6AT+gCL._SL75_.jpg","Width":56}}},"ItemInfo":{"ByLineInfo":{"Brand":{"DisplayValue":"Redbridge","Label":"Brand","Locale":"es_ES"},"Manufacturer":{"DisplayValue":"Red Bridge","Label":"Manufacturer","Locale":"es_ES"}},"Title":{"DisplayValue":"Redbridge Chaqueta de cuero sintético para hombre Cazadora de transición acanalada Marrón L","Label":"Title","Locale":"es_ES"}},"Offers":{"Summaries":[{"Condition":{"Value":"New"},"LowestPrice":{"Amount":79.9,"Currency":"EUR","DisplayAmount":"79,90 €"}}]}},{"ASIN":"B072MNCJ8H","DetailPageURL":"https://www.amazon.es/dp/B072MNCJ8H?tag=topinalambricos-21&linkCode=osi&th=1&psc=1","Images":{"Primary":{"Small":{"Height":75,"URL":"https://m.media-amazon.com/images/I/41cUc524cSL._SL75_.jpg","Width":57}}},"ItemInfo":{"ByLineInfo":{"Brand":{"DisplayValue":"Wantdo","Label":"Brand","Locale":"es_ES"}},"Title":{"DisplayValue":"Wantdo Chaqueta Gorditas de Invierno Chaqueton Barato Chaquetas Cuero Cazadoras Entretiempo Marrón(Gruesa) S","Label":"Title","Locale":"es_ES"}},"Offers":{"Summaries":[{"Condition":{"Value":"New"},"LowestPrice":{"Amount":46.99,"Currency":"EUR","DisplayAmount":"46,99 €"}}]}},{"ASIN":"B0831SFJTS","DetailPageURL":"https://www.amazon.es/dp/B0831SFJTS?tag=topinalambricos-21&linkCode=osi&th=1&psc=1","Images":{"Primary":{"Small":{"Height":75,"URL":"https://m.media-amazon.com/images/I/41Ex7KUq87L._SL75_.jpg","Width":56}}},"ItemInfo":{"ByLineInfo":{"Brand":{"DisplayValue":"Jack & Jones","Label":"Brand","Locale":"es_ES"},"Manufacturer":{"DisplayValue":"Jack & Jones NOS","Label":"Manufacturer","Locale":"es_ES"}},"Title":{"DisplayValue":"Jack & Jones NOS Jjerocky Jacket Noos, Chaqueta Hombre, Coñac, L","Label":"Title","Locale":"es_ES"}},"Offers":{"Summaries":[{"Condition":{"Value":"Used"},"LowestPrice":{"Amount":40.9,"Currency":"EUR","DisplayAmount":"40,90 €"}},{"Condition":{"Value":"New"},"LowestPrice":{"Amount":41.95,"Currency":"EUR","DisplayAmount":"41,95 €"}}]}},{"ASIN":"B085LM8TXG","DetailPageURL":"https://www.amazon.es/dp/B085LM8TXG?tag=topinalambricos-21&linkCode=osi&th=1&psc=1","Images":{"Primary":{"Small":{"Height":75,"URL":"https://m.media-amazon.com/images/I/41PFkXnmb8L._SL75_.jpg","Width":51}}},"ItemInfo":{"ByLineInfo":{"Brand":{"DisplayValue":"Redbridge","Label":"Brand","Locale":"es_ES"}},"Title":{"DisplayValue":"Redbridge Chaqueta de cuero sintético para hombre con capucha Marrón XXL","Label":"Title","Locale":"es_ES"}},"Offers":{"Summaries":[{"Condition":{"Value":"New"},"LowestPrice":{"Amount":129.9,"Currency":"EUR","DisplayAmount":"129,90 €"}}]}},{"ASIN":"B07FTD3PRB","DetailPageURL":"https://www.amazon.es/dp/B07FTD3PRB?tag=topinalambricos-21&linkCode=osi&th=1&psc=1","Images":{"Primary":{"Small":{"Height":75,"URL":"https://m.media-amazon.com/images/I/41t+5B+UWaL._SL75_.jpg","Width":61}}},"ItemInfo":{"ByLineInfo":{"Brand":{"DisplayValue":"Gipsy","Label":"Brand","Locale":"es_ES"},"Manufacturer":{"DisplayValue":"Mauritius GmbH","Label":"Manufacturer","Locale":"es_ES"}},"Title":{"DisplayValue":"Gipsy Arne Slim Fit Lamov Hombre Chaqueta de Cuero Marrón oscuro XL 100% cuero Estrechos","Label":"Title","Locale":"es_ES"}},"Offers":{"Summaries":[{"Condition":{"Value":"New"},"LowestPrice":{"Amount":133.99,"Currency":"EUR","DisplayAmount":"133,99 €"}}]}},{"ASIN":"B06WLK2DC7","DetailPageURL":"https://www.amazon.es/dp/B06WLK2DC7?tag=topinalambricos-21&linkCode=osi&th=1&psc=1","Images":{"Primary":{"Small":{"Height":62,"URL":"https://m.media-amazon.com/images/I/51vdlJmCWQL._SL75_.jpg","Width":75}}},"ItemInfo":{"ByLineInfo":{"Brand":{"DisplayValue":"Bohmberg","Label":"Brand","Locale":"es_ES"},"Manufacturer":{"DisplayValue":"Bohmberg","Label":"Manufacturer","Locale":"es_ES"}},"Title":{"DisplayValue":"Bohmberg Chaqueta de cuero Valuable para hombre Ropa urbana-Cuero pull-up-Clásico atemporal con un aspecto inconfundiblemente masculino de motorista/Cuero genuino (L)","Label":"Title","Locale":"es_ES"}},"Offers":{"Summaries":[{"Condition":{"Value":"New"},"LowestPrice":{"Amount":169.9,"Currency":"EUR","DisplayAmount":"169,90 €"}}]}},{"ASIN":"B09SGWKYJ3","DetailPageURL":"https://www.amazon.es/dp/B09SGWKYJ3?tag=topinalambricos-21&linkCode=osi&th=1&psc=1","Images":{"Primary":{"Small":{"Height":75,"URL":"https://m.media-amazon.com/images/I/41CfF6JyjeL._SL75_.jpg","Width":51}}},"ItemInfo":{"ByLineInfo":{"Brand":{"DisplayValue":"KOROSHI MANIAKS GRAPHIC DESIGN TM","Label":"Brand","Locale":"es_ES"}},"Title":{"DisplayValue":"Koroshi Chaqueta Cazadora Cuero sintético, Efecto Piel de Manga Larga con Bolsillos Exteriores e Interior para Hombre, de Color Marrón, Talla M","Label":"Title","Locale":"es_ES"}},"Offers":{"Summaries":[{"Condition":{"Value":"New"},"LowestPrice":{"Amount":45.99,"Currency":"EUR","DisplayAmount":"45,99 €"}}]}},{"ASIN":"B0B79VG1FL","DetailPageURL":"https://www.amazon.es/dp/B0B79VG1FL?tag=topinalambricos-21&linkCode=osi&th=1&psc=1","Images":{"Primary":{"Small":{"Height":75,"URL":"https://m.media-amazon.com/images/I/31RfFYS9eNL._SL75_.jpg","Width":36}}},"ItemInfo":{"ByLineInfo":{"Brand":{"DisplayValue":"Springfield","Label":"Brand","Locale":"es_ES"},"Manufacturer":{"DisplayValue":"Springfield","Label":"Manufacturer","Locale":"es_ES"}},"Title":{"DisplayValue":"Springfield Cazadora Efecto Ante Chaqueta, Marrón Oscuro (Dark Brown), M para Hombre","Label":"Title","Locale":"es_ES"}},"Offers":{"Summaries":[{"Condition":{"Value":"New"},"LowestPrice":{"Amount":51.12,"Currency":"EUR","DisplayAmount":"51,12 €"}}]}},{"ASIN":"B0792S4H4L","DetailPageURL":"https://www.amazon.es/dp/B0792S4H4L?tag=topinalambricos-21&linkCode=osi&th=1&psc=1","Images":{"Primary":{"Small":{"Height":75,"URL":"https://m.media-amazon.com/images/I/512ibt19W4L._SL75_.jpg","Width":58}}},"ItemInfo":{"ByLineInfo":{"Brand":{"DisplayValue":"FLAVOR","Label":"Brand","Locale":"es_ES"},"Manufacturer":{"DisplayValue":"FLAVOR","Label":"Manufacturer","Locale":"es_ES"}},"Title":{"DisplayValue":"FLAVOR Chaqueta cuero hombre auténtico capucha desmontable (L, Marrón)","Label":"Title","Locale":"es_ES"}},"Offers":{"Summaries":[{"Condition":{"Value":"New"},"LowestPrice":{"Amount":169.99,"Currency":"EUR","DisplayAmount":"169,99 €"}}]}}],"SearchURL":"https://www.amazon.es/s?k=chaqueta+cuero+marron&rh=n%3A3074196031%2Cp_n_availability%3A-1&tag=topinalambricos-21&linkCode=osi","TotalResultCount":1000}},"6":{"SearchResult":{"Items":[{"ASIN":"B07W4XH13B","DetailPageURL":"https://www.amazon.es/dp/B07W4XH13B?tag=topinalambricos-21&linkCode=osi&th=1&psc=1","Images":{"Primary":{"Small":{"Height":75,"URL":"https://m.media-amazon.com/images/I/515u7noydXL._SL75_.jpg","Width":56}}},"ItemInfo":{"ByLineInfo":{"Brand":{"DisplayValue":"Redbridge","Label":"Brand","Locale":"es_ES"}},"Title":{"DisplayValue":"Redbridge Chaqueta de cuero sintético para hombre Cazadora de transición acanalada Rojo M","Label":"Title","Locale":"es_ES"}},"Offers":{"Summaries":[{"Condition":{"Value":"New"},"LowestPrice":{"Amount":79.9,"Currency":"EUR","DisplayAmount":"79,90 €"}}]}},{"ASIN":"B07HGZX1FT","DetailPageURL":"https://www.amazon.es/dp/B07HGZX1FT?tag=topinalambricos-21&linkCode=osi&th=1&psc=1","Images":{"Primary":{"Small":{"Height":75,"URL":"https://m.media-amazon.com/images/I/41GlZqdZQNL._SL75_.jpg","Width":75}}},"ItemInfo":{"ByLineInfo":{"Brand":{"DisplayValue":"Mxssi","Label":"Brand","Locale":"es_ES"}},"Title":{"DisplayValue":"Hombre Manga Larga Chaqueta Moda Cremallera Biker Chaqueta de Cuero con Bolsillos Hombres Casual Otoño Invierno Abrigo Chaqueta Streetwear Negro/Vino Rojo/Púrpura","Label":"Title","Locale":"es_ES"}},"Offers":{"Summaries":[{"Condition":{"Value":"New"},"LowestPrice":{"Amount":56.0,"Currency":"EUR","DisplayAmount":"56,00 €"}}]}},{"ASIN":"B078GVZ3CW","DetailPageURL":"https://www.amazon.es/dp/B078GVZ3CW?tag=topinalambricos-21&linkCode=osi&th=1&psc=1","Images":{"Primary":{"Small":{"Height":75,"URL":"https://m.media-amazon.com/images/I/51ooRSRKtIS._SL75_.jpg","Width":68}}},"ItemInfo":{"ByLineInfo":{"Brand":{"DisplayValue":"Gipsy","Label":"Brand","Locale":"es_ES"},"Manufacturer":{"DisplayValue":"Mauritius GmbH","Label":"Manufacturer","Locale":"es_ES"}},"Title":{"DisplayValue":"Gipsy Camren Slim Fit NSLVW Hombre Chaqueta de Cuero Rojo M 100% cuero Estrechos","Label":"Title","Locale":"es_ES"}},"Offers":{"Summaries":[{"Condition":{"Value":"New"},"LowestPrice":{"Amount":183.99,"Currency":"EUR","DisplayAmount":"183,99 €"}}]}},{"ASIN":"B085LLXR94","DetailPageURL":"https://www.amazon.es/dp/B085LLXR94?tag=topinalambricos-21&linkCode=osi&th=1&psc=1","Images":{"Primary":{"Small":{"Height":75,"URL":"https://m.media-amazon.com/images/I/41evZ5W2eCL._SL75_.jpg","Width":51}}},"ItemInfo":{"ByLineInfo":{"Brand":{"DisplayValue":"Redbridge","Label":"Brand","Locale":"es_ES"}},"Title":{"DisplayValue":"Redbridge Chaqueta de cuero sintético para hombre con capucha Rojo L","Label":"Title","Locale":"es_ES"}},"Offers":{"Summaries":[{"Condition":{"Value":"Used"},"LowestPrice":{"Amount":128.6,"Currency":"EUR","DisplayAmount":"128,60 €"}},{"Condition":{"Value":"New"},"LowestPrice":{"Amount":129.9,"Currency":"EUR","DisplayAmount":"129,90 €"}}]}},{"ASIN":"B08HGZYXV5","DetailPageURL":"https://www.amazon.es/dp/B08HGZYXV5?tag=topinalambricos-21&linkCode=osi&th=1&psc=1","Images":{"Primary":{"Small":{"Height":75,"URL":"https://m.media-amazon.com/images/I/51EUuS2HreL._SL75_.jpg","Width":67}}},"ItemInfo":{"ByLineInfo":{"Brand":{"DisplayValue":"Luming","Label":"Brand","Locale":"es_ES"}},"Title":{"DisplayValue":"Luming Michael Jackso Cosplay Custome Chaqueta de Cuero Beat it Chaqueta ROJA Traje Locomotora Chaqueta de Cuero (M)","Label":"Title","Locale":"es_ES"}},"Offers":{"Summaries":[{"Condition":{"Value":"New"},"LowestPrice":{"Amount":56.99,"Currency":"EUR","DisplayAmount":"56,99 €"}}]}},{"ASIN":"B07PKMDJ8W","DetailPageURL":"https://www.amazon.es/dp/B07PKMDJ8W?tag=topinalambricos-21&linkCode=osi&th=1&psc=1","Images":{"Primary":{"Small":{"Height":75,"URL":"https://m.media-amazon.com/images/I/41MAVl-GTiL._SL75_.jpg","Width":57}}},"ItemInfo":{"ByLineInfo":{"Brand":{"DisplayValue":"Wantdo","Label":"Brand","Locale":"es_ES"}},"Title":{"DisplayValue":"Wantdo Chaqueta Gorditas de Invierno Cazadora Piel con Capucha Chaqueta de Polipiel Negra Cazadora Piel Vino Rojo(Gruesa) M","Label":"Title","Locale":"es_ES"}},"Offers":{"Summaries":[{"Condition":{"Value":"New"},"LowestPrice":{"Amount":64.99,"Currency":"EUR","DisplayAmount":"64,99 €"}}]}},{"ASIN":"B0C1B4WF5L","DetailPageURL":"https://www.amazon.es/dp/B0C1B4WF5L?tag=topinalambricos-21&linkCode=osi&th=1&psc=1","Images":{"Primary":{"Small":{"Height":75,"URL":"https://m.media-amazon.com/images/I/413K5E6KEQL._SL75_.jpg","Width":75}}},"ItemInfo":{"ByLineInfo":{"Brand":{"DisplayValue":"NEMWYY","Label":"Brand","Locale":"es_ES"}},"Title":{"DisplayValue":"NEMWYY Chaqueta de Cuero de PU para Hombre Chaqueta de Cuero de Motocicleta para jóvenes con Cuello levantado para Hombre Chaqueta de Motociclista para Hombre Chaqueta de Cuero de PU para Hombre","Label":"Title","Locale":"es_ES"}},"Offers":{"Summaries":[{"Condition":{"Value":"New"},"LowestPrice":{"Amount":37.79,"Currency":"EUR","DisplayAmount":"37,79 €"}}]}},{"ASIN":"B0BMZFCV9T","DetailPageURL":"https://www.amazon.es/dp/B0BMZFCV9T?tag=topinalambricos-21&linkCode=osi&th=1&psc=1","Images":{"Primary":{"Small":{"Height":75,"URL":"https://m.media-amazon.com/images/I/41JIr-hwdCL._SL75_.jpg","Width":49}}},"ItemInfo":{"ByLineInfo":{"Brand":{"DisplayValue":"Naxxramas","Label":"Brand","Locale":"es_ES"},"Manufacturer":{"DisplayValue":"Naxxramas","Label":"Manufacturer","Locale":"es_ES"}},"Title":{"DisplayValue":"Naxxramas Chaqueta de Cuero para Hombre, Traje de Motocicleta, Chaqueta de Ocio Al Aire Libre Clásico Chaqueta Moda (Rojo,M)","Label":"Title","Locale":"es_ES"}},"Offers":{"Summaries":[{"Condition":{"Value":"New"},"LowestPrice":{"Amount":59.99,"Currency":"EUR","DisplayAmount":"59,99 €"}}]}},{"ASIN":"B09C7Y2HST","DetailPageURL":"https://www.amazon.es/dp/B09C7Y2HST?tag=topinalambricos-21&linkCode=osi&th=1&psc=1","Images":{"Primary":{"Small":{"Height":75,"URL":"https://m.media-amazon.com/images/I/41SI5yEOdUL._SL75_.jpg","Width":75}}},"ItemInfo":{"ByLineInfo":{"Brand":{"DisplayValue":"LSSM","Label":"Brand","Locale":"es_ES"}},"Title":{"DisplayValue":"LSSM OtoñO E Invierno Moda Botones De Color SóLido Cremallera Costura Cuello De Piel Chaquetas De Cuero Para Hombres Acolchada Chaqueta De Hombres Cuero SintéTica Rojo Xxl","Label":"Title","Locale":"es_ES"}},"Offers":{"Summaries":[{"Condition":{"Value":"New"},"LowestPrice":{"Amount":58.6,"Currency":"EUR","DisplayAmount":"58,60 €"}}]}},{"ASIN":"B093298H1K","DetailPageURL":"https://www.amazon.es/dp/B093298H1K?tag=topinalambricos-21&linkCode=osi&th=1&psc=1","Images":{"Primary":{"Small":{"Height":75,"URL":"https://m.media-amazon.com/images/I/51IpjNsv9DS._SL75_.jpg","Width":67}}},"ItemInfo":{"ByLineInfo":{"Brand":{"DisplayValue":"Rock Rebel by EMP","Label":"Brand","Locale":"es_ES"},"Manufacturer":{"DisplayValue":"E.M.P.","Label":"Manufacturer","Locale":"es_ES"}},"Title":{"DisplayValue":"Rock Rebel by EMP Hombre Cazadora de Cuero Negra con Detalles Rojos M","Label":"Title","Locale":"es_ES"}},"Offers":{"Summaries":[{"Condition":{"Value":"New"},"LowestPrice":{"Amount":283.99,"Currency":"EUR","DisplayAmount":"283,99 €"}}]}}],"SearchURL":"https://www.amazon.es/s?k=cuero+rojo&rh=n%3A3074196031%2Cp_n_availability%3A-1&tag=topinalambricos-21&linkCode=osi","TotalResultCount":150}},"7":{"SearchResult":{"Items":[{"ASIN":"B07RDYLBZM","DetailPageURL":"https://www.amazon.es/dp/B07RDYLBZM?tag=topinalambricos-21&linkCode=osi&th=1&psc=1","Images":{"Primary":{"Small":{"Height":75,"URL":"https://m.media-amazon.com/images/I/41WrEciEcFL._SL75_.jpg","Width":51}}},"ItemInfo":{"ByLineInfo":{"Brand":{"DisplayValue":"Redbridge","Label":"Brand","Locale":"es_ES"}},"Title":{"DisplayValue":"Red Bridge Chaqueta Guateada Manga Larga para Hombre Cuero sintético Negro, M","Label":"Title","Locale":"es_ES"}},"Offers":{"Summaries":[{"Condition":{"Value":"New"},"LowestPrice":{"Amount":69.9,"Currency":"EUR","DisplayAmount":"69,90 €"}}]}},{"ASIN":"B0BTFKF5CZ","DetailPageURL":"https://www.amazon.es/dp/B0BTFKF5CZ?tag=topinalambricos-21&linkCode=osi&th=1&psc=1","Images":{"Primary":{"Small":{"Height":75,"URL":"https://m.media-amazon.com/images/I/410NrMhp5XL._SL75_.jpg","Width":56}}},"ItemInfo":{"ByLineInfo":{"Brand":{"DisplayValue":"Diesel","Label":"Brand","Locale":"es_ES"},"Manufacturer":{"DisplayValue":"Diesel","Label":"Manufacturer","Locale":"es_ES"}},"Title":{"DisplayValue":"Diesel de los Hombres Chaqueta de Cuero Cale, Negro, L","Label":"Title","Locale":"es_ES"}},"Offers":{"Summaries":[{"Condition":{"Value":"New"},"LowestPrice":{"Amount":592.95,"Currency":"EUR","DisplayAmount":"592,95 €"}}]}},{"ASIN":"B07G4RY53C","DetailPageURL":"https://www.amazon.es/dp/B07G4RY53C?tag=topinalambricos-21&linkCode=osi&th=1&psc=1","Images":{"Primary":{"Small":{"Height":75,"URL":"https://m.media-amazon.com/images/I/414cwoFkFJL._SL75_.jpg","Width":57}}},"ItemInfo":{"ByLineInfo":{"Brand":{"DisplayValue":"Only & Sons","Label":"Brand","Locale":"es_ES"},"Manufacturer":{"DisplayValue":"ONLY & SONS","Label":"Manufacturer","Locale":"es_ES"}},"Title":{"DisplayValue":"Only & Sons Onsal PU Noos Otw Chaqueta, Negro (Black), Medium para Hombre","Label":"Title","Locale":"es_ES"}},"Offers":{"Summaries":[{"Condition":{"Value":"New"},"LowestPrice":{"Amount":40.99,"Currency":"EUR","DisplayAmount":"40,99 €"}}]}},{"ASIN":"B00Z7W6OG0","DetailPageURL":"https://www.amazon.es/dp/B00Z7W6OG0?tag=topinalambricos-21&linkCode=osi&th=1&psc=1","Images":{"Primary":{"Small":{"Height":75,"URL":"https://m.media-amazon.com/images/I/41oCURgTvFL._SL75_.jpg","Width":59}}},"ItemInfo":{"ByLineInfo":{"Brand":{"DisplayValue":"Redbridge","Label":"Brand","Locale":"es_ES"},"Manufacturer":{"DisplayValue":"Red Bridge","Label":"Manufacturer","Locale":"es_ES"}},"Title":{"DisplayValue":"Redbridge Chaqueta de cuero sintético para hombre Cazadora de transición acanalada Negro XL","Label":"Title","Locale":"es_ES"}},"Offers":{"Summaries":[{"Condition":{"Value":"New"},"LowestPrice":{"Amount":79.9,"Currency":"EUR","DisplayAmount":"79,90 €"}}]}},{"ASIN":"B07DXRV17H","DetailPageURL":"https://www.amazon.es/dp/B07DXRV17H?tag=topinalambricos-21&linkCode=osi&th=1&psc=1","Images":{"Primary":{"Small":{"Height":75,"URL":"https://m.media-amazon.com/images/I/41Sc0lG6S6L._SL75_.jpg","Width":56}}},"ItemInfo":{"ByLineInfo":{"Brand":{"DisplayValue":"Redbridge","Label":"Brand","Locale":"es_ES"}},"Title":{"DisplayValue":"Redbridge Chaqueta de Hombres Cuero Sintético Moda Casual Negro L","Label":"Title","Locale":"es_ES"}},"Offers":{"Summaries":[{"Condition":{"Value":"New"},"LowestPrice":{"Amount":69.9,"Currency":"EUR","DisplayAmount":"69,90 €"}}]}},{"ASIN":"B01N3XN6F7","DetailPageURL":"https://www.amazon.es/dp/B01N3XN6F7?tag=topinalambricos-21&linkCode=osi&th=1&psc=1","Images":{"Primary":{"Small":{"Height":75,"URL":"https://m.media-amazon.com/images/I/41ZWUx6mqFL._SL75_.jpg","Width":51}}},"ItemInfo":{"ByLineInfo":{"Brand":{"DisplayValue":"Redbridge","Label":"Brand","Locale":"es_ES"}},"Title":{"DisplayValue":"Redbridge Chaqueta de Hombres Cuero Sintético Moda Casual Negro M","Label":"Title","Locale":"es_ES"}},"Offers":{"Summaries":[{"Condition":{"Value":"New"},"LowestPrice":{"Amount":79.9,"Currency":"EUR","DisplayAmount":"79,90 €"}}]}},{"ASIN":"B0BMQBHC6H","DetailPageURL":"https://www.amazon.es/dp/B0BMQBHC6H?tag=topinalambricos-21&linkCode=osi&th=1&psc=1","Images":{"Primary":{"Small":{"Height":75,"URL":"https://m.media-amazon.com/images/I/41Jr45Ef0pL._SL75_.jpg","Width":49}}},"ItemInfo":{"ByLineInfo":{"Brand":{"DisplayValue":"Jack & Jones","Label":"Brand","Locale":"es_ES"}},"Title":{"DisplayValue":"Jack & Jones chaqueta de cuero para hombre chaqueta de motociclista de cuero de imitación chaqueta de transición - negro - Tate 384 - XXL","Label":"Title","Locale":"es_ES"}},"Offers":{"Summaries":[{"Condition":{"Value":"New"},"LowestPrice":{"Amount":57.7,"Currency":"EUR","DisplayAmount":"57,70 €"}}]}},{"ASIN":"B092DRJGYF","DetailPageURL":"https://www.amazon.es/dp/B092DRJGYF?tag=topinalambricos-21&linkCode=osi&th=1&psc=1","Images":{"Primary":{"Small":{"Height":75,"URL":"https://m.media-amazon.com/images/I/41m696HAooL._SL75_.jpg","Width":75}}},"ItemInfo":{"ByLineInfo":{"Brand":{"DisplayValue":"Freaky Nation","Label":"Brand","Locale":"es_ES"},"Manufacturer":{"DisplayValue":"Freaky Nation","Label":"Manufacturer","Locale":"es_ES"}},"Title":{"DisplayValue":"Freaky Nation My Fire-fn Chaqueta de Cuero, Negro, XXL para Hombre","Label":"Title","Locale":"es_ES"}},"Offers":{"Summaries":[{"Condition":{"Value":"New"},"LowestPrice":{"Amount":99.27,"Currency":"EUR","DisplayAmount":"99,27 €"}}]}},{"ASIN":"B07RCXSVB5","DetailPageURL":"https://www.amazon.es/dp/B07RCXSVB5?tag=topinalambricos-21&linkCode=osi&th=1&psc=1","Images":{"Primary":{"Small":{"Height":75,"URL":"https://m.media-amazon.com/images/I/41-zF8P-qCL._SL75_.jpg","Width":56}}},"ItemInfo":{"ByLineInfo":{"Brand":{"DisplayValue":"Redbridge","Label":"Brand","Locale":"es_ES"}},"Title":{"DisplayValue":"Red Bridge Chaqueta de Hombre Cazadora de Cuero sintético, Cazadora de Motocicleta de Cuero sintético Negro","Label":"Title","Locale":"es_ES"}},"Offers":{"Summaries":[{"Condition":{"Value":"New"},"LowestPrice":{"Amount":79.9,"Currency":"EUR","DisplayAmount":"79,90 €"}}]}},{"ASIN":"B07TDMZVY3","DetailPageURL":"https://www.amazon.es/dp/B07TDMZVY3?tag=topinalambricos-21&linkCode=osi&th=1&psc=1","Images":{"Primary":{"Small":{"Height":75,"URL":"https://m.media-amazon.com/images/I/41Dw5lFtjfL._SL75_.jpg","Width":56}}},"ItemInfo":{"ByLineInfo":{"Brand":{"DisplayValue":"Aviatrix","Label":"Brand","Locale":"es_ES"}},"Title":{"DisplayValue":"Aviatrix Hombres Ultra Estiloso Cuero Auténtico Chaqueta De Campo Militar Moda (ZGOK)","Label":"Title","Locale":"es_ES"}},"Offers":{"Summaries":[{"Condition":{"Value":"New"},"LowestPrice":{"Amount":129.99,"Currency":"EUR","DisplayAmount":"129,99 €"}}]}}],"SearchURL":"https://www.amazon.es/s?k=cuero+negro&rh=n%3A3074196031%2Cp_n_availability%3A-1&tag=topinalambricos-21&linkCode=osi","TotalResultCount":484}},"8":{"SearchResult":{"Items":[{"ASIN":"B07RDYLBZM","DetailPageURL":"https://www.amazon.es/dp/B07RDYLBZM?tag=topinalambricos-21&linkCode=osi&th=1&psc=1","Images":{"Primary":{"Small":{"Height":75,"URL":"https://m.media-amazon.com/images/I/41WrEciEcFL._SL75_.jpg","Width":51}}},"ItemInfo":{"ByLineInfo":{"Brand":{"DisplayValue":"Redbridge","Label":"Brand","Locale":"es_ES"}},"Title":{"DisplayValue":"Red Bridge Chaqueta Guateada Manga Larga para Hombre Cuero sintético Negro, M","Label":"Title","Locale":"es_ES"}},"Offers":{"Summaries":[{"Condition":{"Value":"New"},"LowestPrice":{"Amount":69.9,"Currency":"EUR","DisplayAmount":"69,90 €"}}]}},{"ASIN":"B01CZTY2AM","DetailPageURL":"https://www.amazon.es/dp/B01CZTY2AM?tag=topinalambricos-21&linkCode=osi&th=1&psc=1","Images":{"Primary":{"Small":{"Height":75,"URL":"https://m.media-amazon.com/images/I/41TXqe5rzpL._SL75_.jpg","Width":60}}},"ItemInfo":{"ByLineInfo":{"Brand":{"DisplayValue":"Gaudi-Leathers","Label":"Brand","Locale":"es_ES"}},"Title":{"DisplayValue":"Gaudi-Leathers Brando - Chaqueta de piel para hombre, chaqueta de motero, color negro, Negro , XL","Label":"Title","Locale":"es_ES"}},"Offers":{"Summaries":[{"Condition":{"Value":"New"},"LowestPrice":{"Amount":79.9,"Currency":"EUR","DisplayAmount":"79,90 €"}}]}},{"ASIN":"B09VTHTFMJ","DetailPageURL":"https://www.amazon.es/dp/B09VTHTFMJ?tag=topinalambricos-21&linkCode=osi&th=1&psc=1","Images":{"Primary":{"Small":{"Height":75,"URL":"https://m.media-amazon.com/images/I/41yiBourRJL._SL75_.jpg","Width":57}}},"ItemInfo":{"ByLineInfo":{"Brand":{"DisplayValue":"Casa das Peles","Label":"Brand","Locale":"es_ES"},"Manufacturer":{"DisplayValue":"Casa das Peles","Label":"Manufacturer","Locale":"es_ES"}},"Title":{"DisplayValue":"Casa das Peles - Chaqueta de Hombre - con Piel de Ante - XL - Verde Seco - Cuero Auténtico - Cazadora Suave y Ligera - Cierre de Botones - Acabado Elegante","Label":"Title","Locale":"es_ES"}},"Offers":{"Summaries":[{"Condition":{"Value":"New"},"LowestPrice":{"Amount":149.0,"Currency":"EUR","DisplayAmount":"149,00 €"}}]}},{"ASIN":"B07G4CQYDD","DetailPageURL":"https://www.amazon.es/dp/B07G4CQYDD?tag=topinalambricos-21&linkCode=osi&th=1&psc=1","Images":{"Primary":{"Small":{"Height":75,"URL":"https://m.media-amazon.com/images/I/414cwoFkFJL._SL75_.jpg","Width":57}}},"ItemInfo":{"ByLineInfo":{"Brand":{"DisplayValue":"Only & Sons","Label":"Brand","Locale":"es_ES"},"Manufacturer":{"DisplayValue":"ONLY & SONS","Label":"Manufacturer","Locale":"es_ES"}},"Title":{"DisplayValue":"Only & Sons Onsal PU Noos Otw Chaqueta, Negro (Black), Large para Hombre","Label":"Title","Locale":"es_ES"}},"Offers":{"Summaries":[{"Condition":{"Value":"New"},"LowestPrice":{"Amount":40.99,"Currency":"EUR","DisplayAmount":"40,99 €"}}]}},{"ASIN":"B00Z7W6OG0","DetailPageURL":"https://www.amazon.es/dp/B00Z7W6OG0?tag=topinalambricos-21&linkCode=osi&th=1&psc=1","Images":{"Primary":{"Small":{"Height":75,"URL":"https://m.media-amazon.com/images/I/41oCURgTvFL._SL75_.jpg","Width":59}}},"ItemInfo":{"ByLineInfo":{"Brand":{"DisplayValue":"Redbridge","Label":"Brand","Locale":"es_ES"},"Manufacturer":{"DisplayValue":"Red Bridge","Label":"Manufacturer","Locale":"es_ES"}},"Title":{"DisplayValue":"Redbridge Chaqueta de cuero sintético para hombre Cazadora de transición acanalada Negro XL","Label":"Title","Locale":"es_ES"}},"Offers":{"Summaries":[{"Condition":{"Value":"New"},"LowestPrice":{"Amount":79.9,"Currency":"EUR","DisplayAmount":"79,90 €"}}]}},{"ASIN":"B07MXQ9Y44","DetailPageURL":"https://www.amazon.es/dp/B07MXQ9Y44?tag=topinalambricos-21&linkCode=osi&th=1&psc=1","Images":{"Primary":{"Small":{"Height":75,"URL":"https://m.media-amazon.com/images/I/41P5V8W2heL._SL75_.jpg","Width":56}}},"ItemInfo":{"ByLineInfo":{"Brand":{"DisplayValue":"Jack & Jones","Label":"Brand","Locale":"es_ES"},"Manufacturer":{"DisplayValue":"Jack & Jones","Label":"Manufacturer","Locale":"es_ES"}},"Title":{"DisplayValue":"Jack & Jones Jcorocky Noos - Chaqueta para hombre Negro XS","Label":"Title","Locale":"es_ES"}},"Offers":{"Summaries":[{"Condition":{"Value":"New"},"LowestPrice":{"Amount":49.99,"Currency":"EUR","DisplayAmount":"49,99 €"}}]}},{"ASIN":"B07KKMJ2GS","DetailPageURL":"https://www.amazon.es/dp/B07KKMJ2GS?tag=topinalambricos-21&linkCode=osi&th=1&psc=1","Images":{"Primary":{"Small":{"Height":75,"URL":"https://m.media-amazon.com/images/I/41VWGoKa9dL._SL75_.jpg","Width":56}}},"ItemInfo":{"ByLineInfo":{"Brand":{"DisplayValue":"Redbridge","Label":"Brand","Locale":"es_ES"},"Manufacturer":{"DisplayValue":"Redbridge","Label":"Manufacturer","Locale":"es_ES"}},"Title":{"DisplayValue":"Redbridge Chaqueta de imitación de cuero para hombre con capucha Negro M","Label":"Title","Locale":"es_ES"}},"Offers":{"Summaries":[{"Condition":{"Value":"New"},"LowestPrice":{"Amount":139.65,"Currency":"EUR","DisplayAmount":"139,65 €"}}]}},{"ASIN":"B07RDY2P58","DetailPageURL":"https://www.amazon.es/dp/B07RDY2P58?tag=topinalambricos-21&linkCode=osi&th=1&psc=1","Images":{"Primary":{"Small":{"Height":75,"URL":"https://m.media-amazon.com/images/I/41WrEciEcFL._SL75_.jpg","Width":51}}},"ItemInfo":{"ByLineInfo":{"Brand":{"DisplayValue":"Redbridge","Label":"Brand","Locale":"es_ES"}},"Title":{"DisplayValue":"Red Bridge Chaqueta Guateada Manga Larga para Hombre cuero sintético (XXL, Negro)","Label":"Title","Locale":"es_ES"}},"Offers":{"Summaries":[{"Condition":{"Value":"New"},"LowestPrice":{"Amount":69.9,"Currency":"EUR","DisplayAmount":"69,90 €"}}]}},{"ASIN":"B085S5P848","DetailPageURL":"https://www.amazon.es/dp/B085S5P848?tag=topinalambricos-21&linkCode=osi&th=1&psc=1","Images":{"Primary":{"Small":{"Height":75,"URL":"https://m.media-amazon.com/images/I/41FreIaxLaL._SL75_.jpg","Width":56}}},"ItemInfo":{"ByLineInfo":{"Brand":{"DisplayValue":"Aviatrix","Label":"Brand","Locale":"es_ES"}},"Title":{"DisplayValue":"Aviatrix Chaqueta Biker de Moda de Cuero Real para Hombre con Diseno de Hombros Acolchados (T86N)","Label":"Title","Locale":"es_ES"}},"Offers":{"Summaries":[{"Condition":{"Value":"New"},"LowestPrice":{"Amount":129.99,"Currency":"EUR","DisplayAmount":"129,99 €"}}]}},{"ASIN":"B01HZPXZEA","DetailPageURL":"https://www.amazon.es/dp/B01HZPXZEA?tag=topinalambricos-21&linkCode=osi&th=1&psc=1","Images":{"Primary":{"Small":{"Height":75,"URL":"https://m.media-amazon.com/images/I/418ql5CNp1L._SL75_.jpg","Width":75}}},"ItemInfo":{"ByLineInfo":{"Brand":{"DisplayValue":"Urban Leather","Label":"Brand","Locale":"es_ES"},"Manufacturer":{"DisplayValue":"Ur Leather","Label":"Manufacturer","Locale":"es_ES"}},"Title":{"DisplayValue":"Chaqueta Moto Hombre en Cuero 58 Gents | Cazadora de Moto de Piel de Cordero | Armadura Removible para Espalda, Hombros y Codos Aprobada por la CE | Negro | L","Label":"Title","Locale":"es_ES"}},"Offers":{"Summaries":[{"Condition":{"Value":"New"},"LowestPrice":{"Amount":131.64,"Currency":"EUR","DisplayAmount":"131,64 €"}}]}}],"SearchURL":"https://www.amazon.es/s?k=cuero+buena&rh=n%3A3074196031%2Cp_n_availability%3A-1&tag=topinalambricos-21&linkCode=osi","TotalResultCount":133}},"9":{"SearchResult":{"Items":[{"ASIN":"B0769MYKNH","DetailPageURL":"https://www.amazon.es/dp/B0769MYKNH?tag=topinalambricos-21&linkCode=osi&th=1&psc=1","Images":{"Primary":{"Small":{"Height":75,"URL":"https://m.media-amazon.com/images/I/31vQO+faWRL._SL75_.jpg","Width":56}}},"ItemInfo":{"ByLineInfo":{"Brand":{"DisplayValue":"Only","Label":"Brand","Locale":"es_ES"},"Manufacturer":{"DisplayValue":"ONLY","Label":"Manufacturer","Locale":"es_ES"}},"Title":{"DisplayValue":"Only ONLGEMMA Faux Leather Biker OTW Noos Chaqueta, Negro (Black Black), 38 para Mujer","Label":"Title","Locale":"es_ES"}},"Offers":{"Summaries":[{"Condition":{"Value":"Used"},"LowestPrice":{"Amount":27.83,"Currency":"EUR","DisplayAmount":"27,83 €"}},{"Condition":{"Value":"New"},"LowestPrice":{"Amount":36.88,"Currency":"EUR","DisplayAmount":"36,88 €"}}]}},{"ASIN":"B09BB4Z8H2","DetailPageURL":"https://www.amazon.es/dp/B09BB4Z8H2?tag=topinalambricos-21&linkCode=osi&th=1&psc=1","Images":{"Primary":{"Small":{"Height":75,"URL":"https://m.media-amazon.com/images/I/41+3SbnGIvL._SL75_.jpg","Width":57}}},"ItemInfo":{"ByLineInfo":{"Brand":{"DisplayValue":"JDY","Label":"Brand","Locale":"es_ES"},"Manufacturer":{"DisplayValue":"Bestseller A/S","Label":"Manufacturer","Locale":"es_ES"}},"Title":{"DisplayValue":"JDY JDYemily Faux Leather Jacket Otw Noos Chaqueta de Cuero sinttico, Negro, 38 para Mujer","Label":"Title","Locale":"es_ES"}},"Offers":{"Summaries":[{"Condition":{"Value":"New"},"LowestPrice":{"Amount":34.16,"Currency":"EUR","DisplayAmount":"34,16 €"}}]}},{"ASIN":"B0BS41KQMQ","DetailPageURL":"https://www.amazon.es/dp/B0BS41KQMQ?tag=topinalambricos-21&linkCode=osi&th=1&psc=1","Images":{"Primary":{"Small":{"Height":75,"URL":"https://m.media-amazon.com/images/I/41uFGMDJVZL._SL75_.jpg","Width":51}}},"ItemInfo":{"ByLineInfo":{"Brand":{"DisplayValue":"KOROSHI MANIAKS GRAPHIC DESIGN TM","Label":"Brand","Locale":"es_ES"}},"Title":{"DisplayValue":"Koroshi Chaqueta Cazadora Cuero sintético Detalles en Hombros Color Negro para Mujer, de Color Negro, Talla XL","Label":"Title","Locale":"es_ES"}},"Offers":{"Summaries":[{"Condition":{"Value":"New"},"LowestPrice":{"Amount":59.99,"Currency":"EUR","DisplayAmount":"59,99 €"}}]}},{"ASIN":"B07RDQ4KPF","DetailPageURL":"https://www.amazon.es/dp/B07RDQ4KPF?tag=topinalambricos-21&linkCode=osi&th=1&psc=1","Images":{"Primary":{"Small":{"Height":75,"URL":"https://m.media-amazon.com/images/I/41IWBGa5fIL._SL75_.jpg","Width":57}}},"ItemInfo":{"ByLineInfo":{"Brand":{"DisplayValue":"ONLY CARMAKOMA","Label":"Brand","Locale":"es_ES"},"Manufacturer":{"DisplayValue":"ONLY Carmakoma NOS","Label":"Manufacturer","Locale":"es_ES"}},"Title":{"DisplayValue":"ONLY CARMAKOMA Caremmy Faux Leather Biker Noos Chaqueta, Negro (Black), 42 para Mujer","Label":"Title","Locale":"es_ES"}},"Offers":{"Summaries":[{"Condition":{"Value":"New"},"LowestPrice":{"Amount":45.21,"Currency":"EUR","DisplayAmount":"45,21 €"}}]}},{"ASIN":"B07ZXC9NL1","DetailPageURL":"https://www.amazon.es/dp/B07ZXC9NL1?tag=topinalambricos-21&linkCode=osi&th=1&psc=1","Images":{"Primary":{"Small":{"Height":72,"URL":"https://m.media-amazon.com/images/I/41MAF3eNKGL._SL75_.jpg","Width":75}}},"ItemInfo":{"ByLineInfo":{"Brand":{"DisplayValue":"Leatherick","Label":"Brand","Locale":"es_ES"},"Manufacturer":{"DisplayValue":"Leatherick Limited","Label":"Manufacturer","Locale":"es_ES"}},"Title":{"DisplayValue":"Chaleco de cuero para mujer Chaqueta sin mangas de cuero de búfalo de grano superior genuino negro/Chaleco M (10)","Label":"Title","Locale":"es_ES"}},"Offers":{"Summaries":[{"Condition":{"Value":"New"},"LowestPrice":{"Amount":49.99,"Currency":"EUR","DisplayAmount":"49,99 €"}}]}},{"ASIN":"B0866GZLQN","DetailPageURL":"https://www.amazon.es/dp/B0866GZLQN?tag=topinalambricos-21&linkCode=osi&th=1&psc=1","Images":{"Primary":{"Small":{"Height":75,"URL":"https://m.media-amazon.com/images/I/41NpapniIJL._SL75_.jpg","Width":57}}},"ItemInfo":{"ByLineInfo":{"Brand":{"DisplayValue":"Morgan","Label":"Brand","Locale":"es_ES"},"Manufacturer":{"DisplayValue":"Morgan","Label":"Manufacturer","Locale":"es_ES"}},"Title":{"DisplayValue":"Morgan PU Grainé Grammo Chaqueta de Cuero de imitación, Negro, T42 para Mujer","Label":"Title","Locale":"es_ES"}},"Offers":{"Summaries":[{"Condition":{"Value":"New"},"LowestPrice":{"Amount":48.48,"Currency":"EUR","DisplayAmount":"48,48 €"}}]}},{"ASIN":"B09PXYX3M9","DetailPageURL":"https://www.amazon.es/dp/B09PXYX3M9?tag=topinalambricos-21&linkCode=osi&th=1&psc=1","Images":{"Primary":{"Small":{"Height":75,"URL":"https://m.media-amazon.com/images/I/41geCmMSnOL._SL75_.jpg","Width":57}}},"ItemInfo":{"ByLineInfo":{"Brand":{"DisplayValue":"Naf Naf","Label":"Brand","Locale":"es_ES"},"Manufacturer":{"DisplayValue":"Naf Naf","Label":"Manufacturer","Locale":"es_ES"}},"Title":{"DisplayValue":"Naf Naf Chaqueta de Piel, Duna, 36 para Mujer","Label":"Title","Locale":"es_ES"}},"Offers":{"Summaries":[{"Condition":{"Value":"New"},"LowestPrice":{"Amount":99.65,"Currency":"EUR","DisplayAmount":"99,65 €"}}]}},{"ASIN":"B09DT1L185","DetailPageURL":"https://www.amazon.es/dp/B09DT1L185?tag=topinalambricos-21&linkCode=osi&th=1&psc=1","Images":{"Primary":{"Small":{"Height":75,"URL":"https://m.media-amazon.com/images/I/31svO7gjs6L._SL75_.jpg","Width":56}}},"ItemInfo":{"ByLineInfo":{"Brand":{"DisplayValue":"JJXX","Label":"Brand","Locale":"es_ES"},"Manufacturer":{"DisplayValue":"Bestseller A/S","Label":"Manufacturer","Locale":"es_ES"}},"Title":{"DisplayValue":"JJXX Jxgail Faux Leather Biker Jacket Noos Chaqueta de Cuero sinttico, Negro, M para Mujer","Label":"Title","Locale":"es_ES"}},"Offers":{"Summaries":[{"Condition":{"Value":"New"},"LowestPrice":{"Amount":47.9,"Currency":"EUR","DisplayAmount":"47,90 €"}}]}},{"ASIN":"B09PXJLMB9","DetailPageURL":"https://www.amazon.es/dp/B09PXJLMB9?tag=topinalambricos-21&linkCode=osi&th=1&psc=1","Images":{"Primary":{"Small":{"Height":75,"URL":"https://m.media-amazon.com/images/I/41XWoCH0GkL._SL75_.jpg","Width":57}}},"ItemInfo":{"ByLineInfo":{"Brand":{"DisplayValue":"Naf Naf","Label":"Brand","Locale":"es_ES"},"Manufacturer":{"DisplayValue":"Naf Naf","Label":"Manufacturer","Locale":"es_ES"}},"Title":{"DisplayValue":"Naf Naf Chaqueta de Piel, Negro, 40 para Mujer","Label":"Title","Locale":"es_ES"}},"Offers":{"Summaries":[{"Condition":{"Value":"New"},"LowestPrice":{"Amount":120.67,"Currency":"EUR","DisplayAmount":"120,67 €"}},{"Condition":{"Value":"Used"},"LowestPrice":{"Amount":97.27,"Currency":"EUR","DisplayAmount":"97,27 €"}}]}},{"ASIN":"B09PXQC2J5","DetailPageURL":"https://www.amazon.es/dp/B09PXQC2J5?tag=topinalambricos-21&linkCode=osi&th=1&psc=1","Images":{"Primary":{"Small":{"Height":75,"URL":"https://m.media-amazon.com/images/I/412Bu4cEIVL._SL75_.jpg","Width":57}}},"ItemInfo":{"ByLineInfo":{"Brand":{"DisplayValue":"Naf Naf","Label":"Brand","Locale":"es_ES"},"Manufacturer":{"DisplayValue":"Naf Naf","Label":"Manufacturer","Locale":"es_ES"}},"Title":{"DisplayValue":"Naf Naf Veste en Cuir Cuero, Noir, 42 para Mujer","Label":"Title","Locale":"es_ES"}},"Offers":{"Summaries":[{"Condition":{"Value":"New"},"LowestPrice":{"Amount":111.09,"Currency":"EUR","DisplayAmount":"111,09 €"}}]}}],"SearchURL":"https://www.amazon.es/s?k=cuero&rh=n%3A3074066031%2Cp_n_availability%3A-1&tag=topinalambricos-21&linkCode=osi","TotalResultCount":1000}},"10":{"SearchResult":{"Items":[{"ASIN":"B09PXJLMB9","DetailPageURL":"https://www.amazon.es/dp/B09PXJLMB9?tag=topinalambricos-21&linkCode=osi&th=1&psc=1","Images":{"Primary":{"Small":{"Height":75,"URL":"https://m.media-amazon.com/images/I/41XWoCH0GkL._SL75_.jpg","Width":57}}},"ItemInfo":{"ByLineInfo":{"Brand":{"DisplayValue":"Naf Naf","Label":"Brand","Locale":"es_ES"},"Manufacturer":{"DisplayValue":"Naf Naf","Label":"Manufacturer","Locale":"es_ES"}},"Title":{"DisplayValue":"Naf Naf Chaqueta de Piel, Negro, 40 para Mujer","Label":"Title","Locale":"es_ES"}},"Offers":{"Summaries":[{"Condition":{"Value":"New"},"LowestPrice":{"Amount":120.67,"Currency":"EUR","DisplayAmount":"120,67 €"}},{"Condition":{"Value":"Used"},"LowestPrice":{"Amount":97.27,"Currency":"EUR","DisplayAmount":"97,27 €"}}]}},{"ASIN":"B09DT1L185","DetailPageURL":"https://www.amazon.es/dp/B09DT1L185?tag=topinalambricos-21&linkCode=osi&th=1&psc=1","Images":{"Primary":{"Small":{"Height":75,"URL":"https://m.media-amazon.com/images/I/31svO7gjs6L._SL75_.jpg","Width":56}}},"ItemInfo":{"ByLineInfo":{"Brand":{"DisplayValue":"JJXX","Label":"Brand","Locale":"es_ES"},"Manufacturer":{"DisplayValue":"Bestseller A/S","Label":"Manufacturer","Locale":"es_ES"}},"Title":{"DisplayValue":"JJXX Jxgail Faux Leather Biker Jacket Noos Chaqueta de Cuero sinttico, Negro, M para Mujer","Label":"Title","Locale":"es_ES"}},"Offers":{"Summaries":[{"Condition":{"Value":"New"},"LowestPrice":{"Amount":47.9,"Currency":"EUR","DisplayAmount":"47,90 €"}}]}},{"ASIN":"B09PXL5S4P","DetailPageURL":"https://www.amazon.es/dp/B09PXL5S4P?tag=topinalambricos-21&linkCode=osi&th=1&psc=1","Images":{"Primary":{"Small":{"Height":75,"URL":"https://m.media-amazon.com/images/I/41XWoCH0GkL._SL75_.jpg","Width":57}}},"ItemInfo":{"ByLineInfo":{"Brand":{"DisplayValue":"Naf Naf","Label":"Brand","Locale":"es_ES"},"Manufacturer":{"DisplayValue":"Naf Naf","Label":"Manufacturer","Locale":"es_ES"}},"Title":{"DisplayValue":"Naf Naf Chaqueta de Piel, Negro, 42 para Mujer","Label":"Title","Locale":"es_ES"}},"Offers":{"Summaries":[{"Condition":{"Value":"New"},"LowestPrice":{"Amount":102.26,"Currency":"EUR","DisplayAmount":"102,26 €"}}]}},{"ASIN":"B09PXQKW43","DetailPageURL":"https://www.amazon.es/dp/B09PXQKW43?tag=topinalambricos-21&linkCode=osi&th=1&psc=1","Images":{"Primary":{"Small":{"Height":75,"URL":"https://m.media-amazon.com/images/I/41+iSXHggOL._SL75_.jpg","Width":57}}},"ItemInfo":{"ByLineInfo":{"Brand":{"DisplayValue":"Naf Naf","Label":"Brand","Locale":"es_ES"},"Manufacturer":{"DisplayValue":"Naf Naf","Label":"Manufacturer","Locale":"es_ES"}},"Title":{"DisplayValue":"Naf Naf Chaqueta de Piel, Negro, 44 para Mujer","Label":"Title","Locale":"es_ES"}},"Offers":{"Summaries":[{"Condition":{"Value":"New"},"LowestPrice":{"Amount":75.52,"Currency":"EUR","DisplayAmount":"75,52 €"}}]}},{"ASIN":"B07XFCMB95","DetailPageURL":"https://www.amazon.es/dp/B07XFCMB95?tag=topinalambricos-21&linkCode=osi&th=1&psc=1","Images":{"Primary":{"Small":{"Height":75,"URL":"https://m.media-amazon.com/images/I/417h+pJB5qL._SL75_.jpg","Width":75}}},"ItemInfo":{"ByLineInfo":{"Brand":{"DisplayValue":"Vero Moda","Label":"Brand","Locale":"es_ES"},"Manufacturer":{"DisplayValue":"Vero Moda NOS","Label":"Manufacturer","Locale":"es_ES"}},"Title":{"DisplayValue":"Vero Moda Vmkerriultra Short Coated Jacket Noos Chaqueta, Negro (Black Black), S para Mujer","Label":"Title","Locale":"es_ES"}},"Offers":{"Summaries":[{"Condition":{"Value":"New"},"LowestPrice":{"Amount":42.76,"Currency":"EUR","DisplayAmount":"42,76 €"}}]}},{"ASIN":"B085MSQMP4","DetailPageURL":"https://www.amazon.es/dp/B085MSQMP4?tag=topinalambricos-21&linkCode=osi&th=1&psc=1","Images":{"Primary":{"Small":{"Height":75,"URL":"https://m.media-amazon.com/images/I/413OPcuPr2L._SL75_.jpg","Width":57}}},"ItemInfo":{"ByLineInfo":{"Brand":{"DisplayValue":"ONLY Carmakoma","Label":"Brand","Locale":"es_ES"},"Manufacturer":{"DisplayValue":"ONLY Carmakoma","Label":"Manufacturer","Locale":"es_ES"}},"Title":{"DisplayValue":"ONLY Carmakoma Carrobber Faux Leather Jacket Noos Chaqueta de Cuero, Negro, 44 para Mujer","Label":"Title","Locale":"es_ES"}},"Offers":{"Summaries":[{"Condition":{"Value":"New"},"LowestPrice":{"Amount":41.49,"Currency":"EUR","DisplayAmount":"41,49 €"}}]}},{"ASIN":"B0BS41R6CV","DetailPageURL":"https://www.amazon.es/dp/B0BS41R6CV?tag=topinalambricos-21&linkCode=osi&th=1&psc=1","Images":{"Primary":{"Small":{"Height":75,"URL":"https://m.media-amazon.com/images/I/41qrVcXkq3L._SL75_.jpg","Width":51}}},"ItemInfo":{"ByLineInfo":{"Brand":{"DisplayValue":"KOROSHI MANIAKS GRAPHIC DESIGN TM","Label":"Brand","Locale":"es_ES"}},"Title":{"DisplayValue":"Koroshi Chaqueta Cazadora Cuero sintético Cuello Mao Color Negro para Mujer, de Color Negro, Talla S","Label":"Title","Locale":"es_ES"}},"Offers":{"Summaries":[{"Condition":{"Value":"New"},"LowestPrice":{"Amount":49.99,"Currency":"EUR","DisplayAmount":"49,99 €"}}]}},{"ASIN":"B085MSZFFM","DetailPageURL":"https://www.amazon.es/dp/B085MSZFFM?tag=topinalambricos-21&linkCode=osi&th=1&psc=1","Images":{"Primary":{"Small":{"Height":75,"URL":"https://m.media-amazon.com/images/I/413OPcuPr2L._SL75_.jpg","Width":57}}},"ItemInfo":{"ByLineInfo":{"Brand":{"DisplayValue":"ONLY Carmakoma","Label":"Brand","Locale":"es_ES"},"Manufacturer":{"DisplayValue":"ONLY Carmakoma","Label":"Manufacturer","Locale":"es_ES"}},"Title":{"DisplayValue":"ONLY Carmakoma Carrobber Faux Leather Jacket Noos Chaqueta de Cuero, Negro, 48 para Mujer","Label":"Title","Locale":"es_ES"}},"Offers":{"Summaries":[{"Condition":{"Value":"New"},"LowestPrice":{"Amount":41.49,"Currency":"EUR","DisplayAmount":"41,49 €"}}]}},{"ASIN":"B092DTRVWT","DetailPageURL":"https://www.amazon.es/dp/B092DTRVWT?tag=topinalambricos-21&linkCode=osi&th=1&psc=1","Images":{"Primary":{"Small":{"Height":75,"URL":"https://m.media-amazon.com/images/I/316tQwLA76L._SL75_.jpg","Width":75}}},"ItemInfo":{"ByLineInfo":{"Brand":{"DisplayValue":"Freaky Nation","Label":"Brand","Locale":"es_ES"},"Manufacturer":{"DisplayValue":"Freaky Nation","Label":"Manufacturer","Locale":"es_ES"}},"Title":{"DisplayValue":"Freaky Nation My Luck-fn Chaqueta de Cuero, Negro, XXL para Mujer","Label":"Title","Locale":"es_ES"}},"Offers":{"Summaries":[{"Condition":{"Value":"New"},"LowestPrice":{"Amount":82.71,"Currency":"EUR","DisplayAmount":"82,71 €"}}]}},{"ASIN":"B0866GZLQN","DetailPageURL":"https://www.amazon.es/dp/B0866GZLQN?tag=topinalambricos-21&linkCode=osi&th=1&psc=1","Images":{"Primary":{"Small":{"Height":75,"URL":"https://m.media-amazon.com/images/I/41NpapniIJL._SL75_.jpg","Width":57}}},"ItemInfo":{"ByLineInfo":{"Brand":{"DisplayValue":"Morgan","Label":"Brand","Locale":"es_ES"},"Manufacturer":{"DisplayValue":"Morgan","Label":"Manufacturer","Locale":"es_ES"}},"Title":{"DisplayValue":"Morgan PU Grainé Grammo Chaqueta de Cuero de imitación, Negro, T42 para Mujer","Label":"Title","Locale":"es_ES"}},"Offers":{"Summaries":[{"Condition":{"Value":"New"},"LowestPrice":{"Amount":48.48,"Currency":"EUR","DisplayAmount":"48,48 €"}}]}}],"SearchURL":"https://www.amazon.es/s?k=cuero+negro&rh=n%3A3074298031%2Cp_n_availability%3A-1&tag=topinalambricos-21&linkCode=osi","TotalResultCount":696}},"11":{"SearchResult":{"Items":[{"ASIN":"B07PVPTSZQ","DetailPageURL":"https://www.amazon.es/dp/B07PVPTSZQ?tag=topinalambricos-21&linkCode=osi&th=1&psc=1","Images":{"Primary":{"Small":{"Height":75,"URL":"https://m.media-amazon.com/images/I/41pzt42pnXL._SL75_.jpg","Width":56}}},"ItemInfo":{"ByLineInfo":{"Brand":{"DisplayValue":"Aviatrix","Label":"Brand","Locale":"es_ES"}},"Title":{"DisplayValue":"Aviatrix Chaqueta Cuero Genuino de la Mujer (X5QE)","Label":"Title","Locale":"es_ES"}},"Offers":{"Summaries":[{"Condition":{"Value":"New"},"LowestPrice":{"Amount":99.99,"Currency":"EUR","DisplayAmount":"99,99 €"}}]}},{"ASIN":"B09XB3K6JY","DetailPageURL":"https://www.amazon.es/dp/B09XB3K6JY?tag=topinalambricos-21&linkCode=osi&th=1&psc=1","Images":{"Primary":{"Small":{"Height":75,"URL":"https://m.media-amazon.com/images/I/410fHVd+JyL._SL75_.jpg","Width":75}}},"ItemInfo":{"ByLineInfo":{"Brand":{"DisplayValue":"YYNUDA","Label":"Brand","Locale":"es_ES"},"Manufacturer":{"DisplayValue":"YYNUDA","Label":"Manufacturer","Locale":"es_ES"}},"Title":{"DisplayValue":"YYNUDA Chaqueta de Cuero Sintética corta para Mujer Estilo Vintage （Rojo XL）","Label":"Title","Locale":"es_ES"}},"Offers":{"Summaries":[{"Condition":{"Value":"New"},"LowestPrice":{"Amount":53.59,"Currency":"EUR","DisplayAmount":"53,59 €"}}]}},{"ASIN":"B01MTGDOPG","DetailPageURL":"https://www.amazon.es/dp/B01MTGDOPG?tag=topinalambricos-21&linkCode=osi&th=1&psc=1","Images":{"Primary":{"Small":{"Height":75,"URL":"https://m.media-amazon.com/images/I/41QbzsqaIPL._SL75_.jpg","Width":56}}},"ItemInfo":{"ByLineInfo":{"Brand":{"DisplayValue":"Aviatrix","Label":"Brand","Locale":"es_ES"}},"Title":{"DisplayValue":"Aviatrix Cuero Real Corta Chaqueta De Motociclista Cabida De Las Mujeres (CRD9)","Label":"Title","Locale":"es_ES"}},"Offers":{"Summaries":[{"Condition":{"Value":"New"},"LowestPrice":{"Amount":89.99,"Currency":"EUR","DisplayAmount":"89,99 €"}}]}},{"ASIN":"B099NCM9Y2","DetailPageURL":"https://www.amazon.es/dp/B099NCM9Y2?tag=topinalambricos-21&linkCode=osi&th=1&psc=1","Images":{"Primary":{"Small":{"Height":75,"URL":"https://m.media-amazon.com/images/I/41ESZitoRAS._SL75_.jpg","Width":54}}},"ItemInfo":{"ByLineInfo":{"Brand":{"DisplayValue":"FLYCHEN","Label":"Brand","Locale":"es_ES"}},"Title":{"DisplayValue":"FLYCHEN Mujer Chaqueta Cuero Sintético Biker Chaqueta Saco Blazer Leather Jacket Chaqueta para Mujer Chaqueta con cremallera, Rojo, 2XL","Label":"Title","Locale":"es_ES"}},"Offers":{"Summaries":[{"Condition":{"Value":"New"},"LowestPrice":{"Amount":38.99,"Currency":"EUR","DisplayAmount":"38,99 €"}}]}},{"ASIN":"B09ZF4JFJQ","DetailPageURL":"https://www.amazon.es/dp/B09ZF4JFJQ?tag=topinalambricos-21&linkCode=osi&th=1&psc=1","Images":{"Primary":{"Small":{"Height":75,"URL":"https://m.media-amazon.com/images/I/41sIHA8ZU5L._SL75_.jpg","Width":75}}},"ItemInfo":{"ByLineInfo":{"Brand":{"DisplayValue":"Zerimar","Label":"Brand","Locale":"es_ES"},"Manufacturer":{"DisplayValue":"Zerimar","Label":"Manufacturer","Locale":"es_ES"}},"Title":{"DisplayValue":"Zerimar Chaqueta Cazadora Piel Mujer | Chaqueta Elegante Mujer | Cazadora Mujer | Chaqueta Casual para Mujer | Cazadora Cuero | Color Rojo Talla L","Label":"Title","Locale":"es_ES"}},"Offers":{"Summaries":[{"Condition":{"Value":"New"},"LowestPrice":{"Amount":199.99,"Currency":"EUR","DisplayAmount":"199,99 €"}}]}},{"ASIN":"B086JS6FJ9","DetailPageURL":"https://www.amazon.es/dp/B086JS6FJ9?tag=topinalambricos-21&linkCode=osi&th=1&psc=1","Images":{"Primary":{"Small":{"Height":75,"URL":"https://m.media-amazon.com/images/I/41qhYmY5TiL._SL75_.jpg","Width":57}}},"ItemInfo":{"ByLineInfo":{"Brand":{"DisplayValue":"BELLIVERA","Label":"Brand","Locale":"es_ES"}},"Title":{"DisplayValue":"BELLIVERA Chaqueta para Mujer de Cuero PU con Cremallera Bolsillo Primavera y Otoño Motocicleta Corta Chaqueta 53 Rojo M","Label":"Title","Locale":"es_ES"}},"Offers":{"Summaries":[{"Condition":{"Value":"New"},"LowestPrice":{"Amount":62.99,"Currency":"EUR","DisplayAmount":"62,99 €"}}]}},{"ASIN":"B09VMDYFB4","DetailPageURL":"https://www.amazon.es/dp/B09VMDYFB4?tag=topinalambricos-21&linkCode=osi&th=1&psc=1","Images":{"Primary":{"Small":{"Height":75,"URL":"https://m.media-amazon.com/images/I/413lRY1tb6L._SL75_.jpg","Width":57}}},"ItemInfo":{"ByLineInfo":{"Brand":{"DisplayValue":"Freaky Nation","Label":"Brand","Locale":"es_ES"},"Manufacturer":{"DisplayValue":"Freaky Nation","Label":"Manufacturer","Locale":"es_ES"}},"Title":{"DisplayValue":"Freaky Nation Lieke-fn Chaqueta de Cuero, Rojo Artisanal, S para Mujer","Label":"Title","Locale":"es_ES"}},"Offers":{"Summaries":[{"Condition":{"Value":"Used"},"LowestPrice":{"Amount":116.2,"Currency":"EUR","DisplayAmount":"116,20 €"}},{"Condition":{"Value":"New"},"LowestPrice":{"Amount":201.95,"Currency":"EUR","DisplayAmount":"201,95 €"}}]}},{"ASIN":"B08H5GNXYS","DetailPageURL":"https://www.amazon.es/dp/B08H5GNXYS?tag=topinalambricos-21&linkCode=osi&th=1&psc=1","Images":{"Primary":{"Small":{"Height":75,"URL":"https://m.media-amazon.com/images/I/41fdx9++jUL._SL75_.jpg","Width":75}}},"ItemInfo":{"ByLineInfo":{"Brand":{"DisplayValue":"Kaiyei","Label":"Brand","Locale":"es_ES"}},"Title":{"DisplayValue":"Kaiyei Chaquetas de PU Cuero Sintetico Mujer Slim Fit Talla Grande Cuello Alto Primavera Otoño Manga Larga Elegante Jacket Cortas Cazadora Biker con Cremalleras Rojo 4XL","Label":"Title","Locale":"es_ES"}},"Offers":{"Summaries":[{"Condition":{"Value":"New"},"LowestPrice":{"Amount":34.86,"Currency":"EUR","DisplayAmount":"34,86 €"}}]}},{"ASIN":"B07XXMY2D3","DetailPageURL":"https://www.amazon.es/dp/B07XXMY2D3?tag=topinalambricos-21&linkCode=osi&th=1&psc=1","Images":{"Primary":{"Small":{"Height":75,"URL":"https://m.media-amazon.com/images/I/41pr1p4cNFL._SL75_.jpg","Width":60}}},"ItemInfo":{"ByLineInfo":{"Brand":{"DisplayValue":"Shaoyao","Label":"Brand","Locale":"es_ES"}},"Title":{"DisplayValue":"Mujer Vintage Solapa Chaquetas De Cuero Sintético Abrigo Cazadora Bike Chaqueta De Moto Rojo M","Label":"Title","Locale":"es_ES"}},"Offers":{"Summaries":[{"Condition":{"Value":"New"},"LowestPrice":{"Amount":34.59,"Currency":"EUR","DisplayAmount":"34,59 €"}}]}},{"ASIN":"B01HZQ0CHW","DetailPageURL":"https://www.amazon.es/dp/B01HZQ0CHW?tag=topinalambricos-21&linkCode=osi&th=1&psc=1","Images":{"Primary":{"Small":{"Height":75,"URL":"https://m.media-amazon.com/images/I/41-jbwththL._SL75_.jpg","Width":49}}},"ItemInfo":{"ByLineInfo":{"Brand":{"DisplayValue":"Urban Leather","Label":"Brand","Locale":"es_ES"},"Manufacturer":{"DisplayValue":"Ur Leather","Label":"Manufacturer","Locale":"es_ES"}},"Title":{"DisplayValue":"Urban Leather Corto Biker - Chaqueta de piel, Mujer, rojo, xxx-large","Label":"Title","Locale":"es_ES"}},"Offers":{"Summaries":[{"Condition":{"Value":"New"},"LowestPrice":{"Amount":146.5,"Currency":"EUR","DisplayAmount":"146,50 €"}},{"Condition":{"Value":"Used"},"LowestPrice":{"Amount":74.03,"Currency":"EUR","DisplayAmount":"74,03 €"}}]}}],"SearchURL":"https://www.amazon.es/s?k=cuero+rojo&rh=n%3A3074298031%2Cp_n_availability%3A-1&tag=topinalambricos-21&linkCode=osi","TotalResultCount":514}},"12":{"SearchResult":{"Items":[{"ASIN":"B0BQX2ZTHQ","DetailPageURL":"https://www.amazon.es/dp/B0BQX2ZTHQ?tag=topinalambricos-21&linkCode=osi&th=1&psc=1","Images":{"Primary":{"Small":{"Height":75,"URL":"https://m.media-amazon.com/images/I/41PVXMQs46L._SL75_.jpg","Width":51}}},"ItemInfo":{"ByLineInfo":{"Brand":{"DisplayValue":"KOROSHI MANIAKS GRAPHIC DESIGN TM","Label":"Brand","Locale":"es_ES"}},"Title":{"DisplayValue":"Koroshi Chaqueta Cazadora Cuero sintético con Cuello Mao para Mujer, de Color Marrón, Talla XXL","Label":"Title","Locale":"es_ES"}},"Offers":{"Summaries":[{"Condition":{"Value":"New"},"LowestPrice":{"Amount":49.99,"Currency":"EUR","DisplayAmount":"49,99 €"}}]}},{"ASIN":"B09ZB76D9B","DetailPageURL":"https://www.amazon.es/dp/B09ZB76D9B?tag=topinalambricos-21&linkCode=osi&th=1&psc=1","Images":{"Primary":{"Small":{"Height":75,"URL":"https://m.media-amazon.com/images/I/41TKr7IW4VL._SL75_.jpg","Width":56}}},"ItemInfo":{"ByLineInfo":{"Brand":{"DisplayValue":"Only","Label":"Brand","Locale":"es_ES"},"Manufacturer":{"DisplayValue":"Bestseller A/S","Label":"Manufacturer","Locale":"es_ES"}},"Title":{"DisplayValue":"Only Onlgemma Otw Noos-Biker de Piel sintética Chaqueta, Nogal, 42 para Mujer","Label":"Title","Locale":"es_ES"}},"Offers":{"Summaries":[{"Condition":{"Value":"New"},"LowestPrice":{"Amount":45.0,"Currency":"EUR","DisplayAmount":"45,00 €"}}]}},{"ASIN":"B09L1NPNS5","DetailPageURL":"https://www.amazon.es/dp/B09L1NPNS5?tag=topinalambricos-21&linkCode=osi&th=1&psc=1","Images":{"Primary":{"Small":{"Height":75,"URL":"https://m.media-amazon.com/images/I/41xG2OhGPsL._SL75_.jpg","Width":56}}},"ItemInfo":{"ByLineInfo":{"Brand":{"DisplayValue":"Only","Label":"Brand","Locale":"es_ES"},"Manufacturer":{"DisplayValue":"Bestseller A/S","Label":"Manufacturer","Locale":"es_ES"}},"Title":{"DisplayValue":"Only Onlava-Biker de Piel sintética Otw Noos Chaqueta, Marrón (Tigers Eye), 36 para Mujer","Label":"Title","Locale":"es_ES"}},"Offers":{"Summaries":[{"Condition":{"Value":"New"},"LowestPrice":{"Amount":40.0,"Currency":"EUR","DisplayAmount":"40,00 €"}}]}},{"ASIN":"B00DVI6RHS","DetailPageURL":"https://www.amazon.es/dp/B00DVI6RHS?tag=topinalambricos-21&linkCode=osi&th=1&psc=1","Images":{"Primary":{"Small":{"Height":75,"URL":"https://m.media-amazon.com/images/I/41-HHYIikWL._SL75_.jpg","Width":60}}},"ItemInfo":{"ByLineInfo":{"Brand":{"DisplayValue":"Only","Label":"Brand","Locale":"es_ES"},"Contributors":[{"Locale":"es_ES","Name":"Only","Role":"Diseñador","RoleType":"designer"}],"Manufacturer":{"DisplayValue":"Bestseller A/S","Label":"Manufacturer","Locale":"es_ES"}},"Title":{"DisplayValue":"Only Bandit PU Biker Chaqueta, Marrón (Cognac), 38 (M) para Mujer","Label":"Title","Locale":"es_ES"}},"Offers":{"Summaries":[{"Condition":{"Value":"New"},"LowestPrice":{"Amount":30.0,"Currency":"EUR","DisplayAmount":"30,00 €"}}]}},{"ASIN":"B09999JYPG","DetailPageURL":"https://www.amazon.es/dp/B09999JYPG?tag=topinalambricos-21&linkCode=osi&th=1&psc=1","Images":{"Primary":{"Small":{"Height":75,"URL":"https://m.media-amazon.com/images/I/41vG07krYyL._SL75_.jpg","Width":60}}},"ItemInfo":{"ByLineInfo":{"Brand":{"DisplayValue":"Desigual","Label":"Brand","Locale":"es_ES"},"Manufacturer":{"DisplayValue":"Desigual","Label":"Manufacturer","Locale":"es_ES"}},"Title":{"DisplayValue":"Desigual Chaq_mar Chaqueta de Cuero sintético, marrón, XXL para Mujer","Label":"Title","Locale":"es_ES"}},"Offers":{"Summaries":[{"Condition":{"Value":"New"},"LowestPrice":{"Amount":83.47,"Currency":"EUR","DisplayAmount":"83,47 €"}}]}},{"ASIN":"B01GA55LK2","DetailPageURL":"https://www.amazon.es/dp/B01GA55LK2?tag=topinalambricos-21&linkCode=osi&th=1&psc=1","Images":{"Primary":{"Small":{"Height":75,"URL":"https://m.media-amazon.com/images/I/41htqmmWmBL._SL75_.jpg","Width":56}}},"ItemInfo":{"ByLineInfo":{"Brand":{"DisplayValue":"Aviatrix","Label":"Brand","Locale":"es_ES"}},"Title":{"DisplayValue":"Aviatrix Chaqueta Biker De Cuero Autentica para Mujer con Multiples Cremalleras (AGSM)","Label":"Title","Locale":"es_ES"}},"Offers":{"Summaries":[{"Condition":{"Value":"New"},"LowestPrice":{"Amount":99.99,"Currency":"EUR","DisplayAmount":"99,99 €"}}]}},{"ASIN":"B07Q4CSM5R","DetailPageURL":"https://www.amazon.es/dp/B07Q4CSM5R?tag=topinalambricos-21&linkCode=osi&th=1&psc=1","Images":{"Primary":{"Small":{"Height":75,"URL":"https://m.media-amazon.com/images/I/41tIVEHNFXL._SL75_.jpg","Width":57}}},"ItemInfo":{"ByLineInfo":{"Brand":{"DisplayValue":"Freaky Nation","Label":"Brand","Locale":"es_ES"},"Manufacturer":{"DisplayValue":"Freaky Nation","Label":"Manufacturer","Locale":"es_ES"}},"Title":{"DisplayValue":"Freaky Nation Biker Princess Chaqueta, Marrón (Dark Cognac 8903), XL para Mujer","Label":"Title","Locale":"es_ES"}},"Offers":{"Summaries":[{"Condition":{"Value":"New"},"LowestPrice":{"Amount":99.9,"Currency":"EUR","DisplayAmount":"99,90 €"}}]}},{"ASIN":"B09PXLPNKW","DetailPageURL":"https://www.amazon.es/dp/B09PXLPNKW?tag=topinalambricos-21&linkCode=osi&th=1&psc=1","Images":{"Primary":{"Small":{"Height":75,"URL":"https://m.media-amazon.com/images/I/41vvKJsYo4L._SL75_.jpg","Width":57}}},"ItemInfo":{"ByLineInfo":{"Brand":{"DisplayValue":"Naf Naf","Label":"Brand","Locale":"es_ES"},"Manufacturer":{"DisplayValue":"Naf Naf","Label":"Manufacturer","Locale":"es_ES"}},"Title":{"DisplayValue":"Naf Naf Chaqueta de Piel, coñac, 42 para Mujer","Label":"Title","Locale":"es_ES"}},"Offers":{"Summaries":[{"Condition":{"Value":"Used"},"LowestPrice":{"Amount":122.97,"Currency":"EUR","DisplayAmount":"122,97 €"}},{"Condition":{"Value":"New"},"LowestPrice":{"Amount":149.93,"Currency":"EUR","DisplayAmount":"149,93 €"}}]}},{"ASIN":"B0BY3BM8XK","DetailPageURL":"https://www.amazon.es/dp/B0BY3BM8XK?tag=topinalambricos-21&linkCode=osi&th=1&psc=1","Images":{"Primary":{"Small":{"Height":75,"URL":"https://m.media-amazon.com/images/I/51VCCDsoapL._SL75_.jpg","Width":56}}},"ItemInfo":{"ByLineInfo":{"Brand":{"DisplayValue":"Imperial Studios","Label":"Brand","Locale":"es_ES"},"Manufacturer":{"DisplayValue":"Imperial Studios","Label":"Manufacturer","Locale":"es_ES"}},"Title":{"DisplayValue":"Imperial Studios Chaqueta de motociclista de piel de cordero real para mujer, ajuste elegante, casual, con cremallera cruzada, bolsillos delgados y con cremallera, abrigo ajustado, marrón, L","Label":"Title","Locale":"es_ES"}},"Offers":{"Summaries":[{"Condition":{"Value":"New"},"LowestPrice":{"Amount":62.38,"Currency":"EUR","DisplayAmount":"62,38 €"}}]}},{"ASIN":"B073SDCLF6","DetailPageURL":"https://www.amazon.es/dp/B073SDCLF6?tag=topinalambricos-21&linkCode=osi&th=1&psc=1","Images":{"Primary":{"Small":{"Height":75,"URL":"https://m.media-amazon.com/images/I/41Kg-mxU0cL._SL75_.jpg","Width":57}}},"ItemInfo":{"ByLineInfo":{"Brand":{"DisplayValue":"Oakwood","Label":"Brand","Locale":"es_ES"},"Manufacturer":{"DisplayValue":"Oakwood","Label":"Manufacturer","Locale":"es_ES"}},"Title":{"DisplayValue":"Oakwood 62065-515-XL Chaqueta, marrón (Tan), XL para Mujer","Label":"Title","Locale":"es_ES"}},"Offers":{"Summaries":[{"Condition":{"Value":"New"},"LowestPrice":{"Amount":154.21,"Currency":"EUR","DisplayAmount":"154,21 €"}}]}}],"SearchURL":"https://www.amazon.es/s?k=cuero+marron&rh=n%3A3074298031%2Cp_n_availability%3A-1&tag=topinalambricos-21&linkCode=osi","TotalResultCount":639}},"13":{"SearchResult":{"Items":[{"ASIN":"B09CPGFZ1V","DetailPageURL":"https://www.amazon.es/dp/B09CPGFZ1V?tag=topinalambricos-21&linkCode=osi&th=1&psc=1","Images":{"Primary":{"Small":{"Height":75,"URL":"https://m.media-amazon.com/images/I/41rxWJS10GL._SL75_.jpg","Width":60}}},"ItemInfo":{"ByLineInfo":{"Brand":{"DisplayValue":"YAOTT","Label":"Brand","Locale":"es_ES"},"Manufacturer":{"DisplayValue":"YAOTT","Label":"Manufacturer","Locale":"es_ES"}},"Title":{"DisplayValue":"YAOTT Chaqueta de manga larga para mujer chaqueta de cuero elegante de otoño chaqueta corta de piel sintética chaqueta de motocicleta chaqueta corta de primavera y otoño azul L","Label":"Title","Locale":"es_ES"}},"Offers":{"Summaries":[{"Condition":{"Value":"New"},"LowestPrice":{"Amount":21.37,"Currency":"EUR","DisplayAmount":"21,37 €"}}]}},{"ASIN":"B07H8T57YK","DetailPageURL":"https://www.amazon.es/dp/B07H8T57YK?tag=topinalambricos-21&linkCode=osi&th=1&psc=1","Images":{"Primary":{"Small":{"Height":75,"URL":"https://m.media-amazon.com/images/I/41aJZCZRIuL._SL75_.jpg","Width":75}}},"ItemInfo":{"ByLineInfo":{"Brand":{"DisplayValue":"Schott NYC","Label":"Brand","Locale":"es_ES"},"Manufacturer":{"DisplayValue":"Schott nyc","Label":"Manufacturer","Locale":"es_ES"}},"Title":{"DisplayValue":"Schott NYC LCW1601D Chaqueta, Marina, XS para Mujer","Label":"Title","Locale":"es_ES"}},"Offers":{"Summaries":[{"Condition":{"Value":"New"},"LowestPrice":{"Amount":389.99,"Currency":"EUR","DisplayAmount":"389,99 €"}}]}},{"ASIN":"B075NF2F2X","DetailPageURL":"https://www.amazon.es/dp/B075NF2F2X?tag=topinalambricos-21&linkCode=osi&th=1&psc=1","Images":{"Primary":{"Small":{"Height":75,"URL":"https://m.media-amazon.com/images/I/31dj--MWPiL._SL75_.jpg","Width":61}}},"ItemInfo":{"ByLineInfo":{"Brand":{"DisplayValue":"KRISP","Label":"Brand","Locale":"es_ES"},"Manufacturer":{"DisplayValue":"KRISP","Label":"Manufacturer","Locale":"es_ES"}},"Title":{"DisplayValue":"KRISP Chaqueta Mujer Biker Tacto Cuero Moda Barata, Azul Marino, S, 5027-NVY-S","Label":"Title","Locale":"es_ES"}},"Offers":{"Summaries":[{"Condition":{"Value":"New"},"LowestPrice":{"Amount":44.99,"Currency":"EUR","DisplayAmount":"44,99 €"}}]}},{"ASIN":"B0BD1HVKC4","DetailPageURL":"https://www.amazon.es/dp/B0BD1HVKC4?tag=topinalambricos-21&linkCode=osi&th=1&psc=1","Images":{"Primary":{"Small":{"Height":75,"URL":"https://m.media-amazon.com/images/I/31yzNOpFqSL._SL75_.jpg","Width":75}}},"ItemInfo":{"ByLineInfo":{"Brand":{"DisplayValue":"Negir","Label":"Brand","Locale":"es_ES"},"Manufacturer":{"DisplayValue":"Negir","Label":"Manufacturer","Locale":"es_ES"}},"Title":{"DisplayValue":"Chaquetas cortas de piel sintética para mujer, ajuste delgado, manga larga, moda para motociclista, abrigos de motocicleta para mujer, azul oscuro, M","Label":"Title","Locale":"es_ES"}},"Offers":{"Summaries":[{"Condition":{"Value":"New"},"LowestPrice":{"Amount":44.18,"Currency":"EUR","DisplayAmount":"44,18 €"}}]}},{"ASIN":"B06XRVBK2C","DetailPageURL":"https://www.amazon.es/dp/B06XRVBK2C?tag=topinalambricos-21&linkCode=osi&th=1&psc=1","Images":{"Primary":{"Small":{"Height":75,"URL":"https://m.media-amazon.com/images/I/4195IqWsxoL._SL75_.jpg","Width":75}}},"ItemInfo":{"ByLineInfo":{"Brand":{"DisplayValue":"URBAN 5884","Label":"Brand","Locale":"es_ES"},"Manufacturer":{"DisplayValue":"Urban Leather","Label":"Manufacturer","Locale":"es_ES"}},"Title":{"DisplayValue":"Chaqueta Moto Mujer de Cuero URBAN 5884 UR-178 '58 LADIES', Chaqueta Cuero Mujer, Cazadora Moto de Piel de Cordero, Armadura Removible para Espalda, Hombros y Codos Aprobada por la CE |Azul, L","Label":"Title","Locale":"es_ES"}},"Offers":{"Summaries":[{"Condition":{"Value":"New"},"LowestPrice":{"Amount":114.5,"Currency":"EUR","DisplayAmount":"114,50 €"}}]}},{"ASIN":"B0BYKFWGBD","DetailPageURL":"https://www.amazon.es/dp/B0BYKFWGBD?tag=topinalambricos-21&linkCode=osi&th=1&psc=1","Images":{"Primary":{"Small":{"Height":75,"URL":"https://m.media-amazon.com/images/I/41zR2obxqYL._SL75_.jpg","Width":75}}},"ItemInfo":{"ByLineInfo":{"Brand":{"DisplayValue":"URBAN 5884","Label":"Brand","Locale":"es_ES"},"Manufacturer":{"DisplayValue":"URBAN 5884","Label":"Manufacturer","Locale":"es_ES"}},"Title":{"DisplayValue":"URBAN 5884 Chaqueta de Cuero para Mujer, Chaqueta de Auténtica Piel de Cordero, Corta y Ajustada, Cuero Liso y Suave, Azul, L","Label":"Title","Locale":"es_ES"}},"Offers":{"Summaries":[{"Condition":{"Value":"New"},"LowestPrice":{"Amount":169.0,"Currency":"EUR","DisplayAmount":"169,00 €"}}]}},{"ASIN":"B09PXQ5ZQK","DetailPageURL":"https://www.amazon.es/dp/B09PXQ5ZQK?tag=topinalambricos-21&linkCode=osi&th=1&psc=1","Images":{"Primary":{"Small":{"Height":75,"URL":"https://m.media-amazon.com/images/I/41ILXjIHUiL._SL75_.jpg","Width":57}}},"ItemInfo":{"ByLineInfo":{"Brand":{"DisplayValue":"Naf Naf","Label":"Brand","Locale":"es_ES"},"Manufacturer":{"DisplayValue":"Naf Naf","Label":"Manufacturer","Locale":"es_ES"}},"Title":{"DisplayValue":"Naf Naf Chaqueta de Piel, Blue Univers, 34 para Mujer","Label":"Title","Locale":"es_ES"}},"Offers":{"Summaries":[{"Condition":{"Value":"New"},"LowestPrice":{"Amount":74.38,"Currency":"EUR","DisplayAmount":"74,38 €"}}]}},{"ASIN":"B07L5DCJMX","DetailPageURL":"https://www.amazon.es/dp/B07L5DCJMX?tag=topinalambricos-21&linkCode=osi&th=1&psc=1","Images":{"Primary":{"Small":{"Height":75,"URL":"https://m.media-amazon.com/images/I/41mvyAwKm+L._SL75_.jpg","Width":62}}},"ItemInfo":{"ByLineInfo":{"Brand":{"DisplayValue":"Oakwood","Label":"Brand","Locale":"es_ES"},"Manufacturer":{"DisplayValue":"Oakwood","Label":"Manufacturer","Locale":"es_ES"}},"Title":{"DisplayValue":"Oakwood Lina Chaqueta, Azul (Bleu Ciel 0537), 40 (Talla del Fabricante: Large) para Mujer","Label":"Title","Locale":"es_ES"}},"Offers":{"Summaries":[{"Condition":{"Value":"New"},"LowestPrice":{"Amount":175.2,"Currency":"EUR","DisplayAmount":"175,20 €"}}]}},{"ASIN":"B09JRSQGRL","DetailPageURL":"https://www.amazon.es/dp/B09JRSQGRL?tag=topinalambricos-21&linkCode=osi&th=1&psc=1","Images":{"Primary":{"Small":{"Height":75,"URL":"https://m.media-amazon.com/images/I/3161XlgzlFL._SL75_.jpg","Width":75}}},"ItemInfo":{"ByLineInfo":{"Brand":{"DisplayValue":"YYNUDA","Label":"Brand","Locale":"es_ES"},"Manufacturer":{"DisplayValue":"YYNUDA","Label":"Manufacturer","Locale":"es_ES"}},"Title":{"DisplayValue":"YYNUDA Chaqueta de Cuero Sintética corta para Mujer Estilo Vintage （Azul L）","Label":"Title","Locale":"es_ES"}},"Offers":{"Summaries":[{"Condition":{"Value":"New"},"LowestPrice":{"Amount":51.12,"Currency":"EUR","DisplayAmount":"51,12 €"}}]}},{"ASIN":"B09KN54RMF","DetailPageURL":"https://www.amazon.es/dp/B09KN54RMF?tag=topinalambricos-21&linkCode=osi&th=1&psc=1","Images":{"Primary":{"Small":{"Height":75,"URL":"https://m.media-amazon.com/images/I/319a5WlbsfL._SL75_.jpg","Width":75}}},"ItemInfo":{"ByLineInfo":{"Brand":{"DisplayValue":"Berimaterry","Label":"Brand","Locale":"es_ES"}},"Title":{"DisplayValue":"Berimaterry Faux Leather Chaqueta Biker Mujer Cazadora Mujer Chaqueta Cuero Sintético Biker Chaqueta Leather Jacket Chaqueta para Mujer Chaqueta con cremallera ropa de Abrigo Corto mujer baratos","Label":"Title","Locale":"es_ES"}},"Offers":{"Summaries":[{"Condition":{"Value":"New"},"LowestPrice":{"Amount":15.82,"Currency":"EUR","DisplayAmount":"15,82 €"}}]}}],"SearchURL":"https://www.amazon.es/s?k=cuero+azul&rh=n%3A3074298031%2Cp_n_availability%3A-1&tag=topinalambricos-21&linkCode=osi","TotalResultCount":665}},"14":{"SearchResult":{"Items":[{"ASIN":"B06XSG6F4L","DetailPageURL":"https://www.amazon.es/dp/B06XSG6F4L?tag=topinalambricos-21&linkCode=osi&th=1&psc=1","Images":{"Primary":{"Small":{"Height":75,"URL":"https://m.media-amazon.com/images/I/4195IqWsxoL._SL75_.jpg","Width":75}}},"ItemInfo":{"ByLineInfo":{"Brand":{"DisplayValue":"Urban Leather","Label":"Brand","Locale":"es_ES"},"Manufacturer":{"DisplayValue":"Urban Leather","Label":"Manufacturer","Locale":"es_ES"}},"Title":{"DisplayValue":"Urban Leather UR-177 Chaqueta Moto Mujer de Cuero '58 LADIES', Armadura Removible para Espalda, Hombros y Codos Aprobada por la CE, Azul, M","Label":"Title","Locale":"es_ES"}},"Offers":{"Summaries":[{"Condition":{"Value":"New"},"LowestPrice":{"Amount":112.37,"Currency":"EUR","DisplayAmount":"112,37 €"}}]}},{"ASIN":"B01HZQ0PBU","DetailPageURL":"https://www.amazon.es/dp/B01HZQ0PBU?tag=topinalambricos-21&linkCode=osi&th=1&psc=1","Images":{"Primary":{"Small":{"Height":75,"URL":"https://m.media-amazon.com/images/I/410u-DCIReL._SL75_.jpg","Width":75}}},"ItemInfo":{"ByLineInfo":{"Brand":{"DisplayValue":"URBAN 5884","Label":"Brand","Locale":"es_ES"},"Manufacturer":{"DisplayValue":"Urban Leather","Label":"Manufacturer","Locale":"es_ES"}},"Title":{"DisplayValue":"Chaqueta Moto Mujer de Cuero URBAN 5884 '58 LADIES' | Chaqueta Cuero Mujer | Cazadora Moto de Piel de Cordero | Armadura Removible para Espalda, Hombros y Codos Aprobada por la CE |Marrón | XL","Label":"Title","Locale":"es_ES"}},"Offers":{"Summaries":[{"Condition":{"Value":"Used"},"LowestPrice":{"Amount":79.99,"Currency":"EUR","DisplayAmount":"79,99 €"}},{"Condition":{"Value":"New"},"LowestPrice":{"Amount":135.11,"Currency":"EUR","DisplayAmount":"135,11 €"}}]}},{"ASIN":"B09GYJQD6P","DetailPageURL":"https://www.amazon.es/dp/B09GYJQD6P?tag=topinalambricos-21&linkCode=osi&th=1&psc=1","Images":{"Primary":{"Small":{"Height":75,"URL":"https://m.media-amazon.com/images/I/319PRHfCqOL._SL75_.jpg","Width":75}}},"ItemInfo":{"ByLineInfo":{"Brand":{"DisplayValue":"SHOBDW Camisetas","Label":"Brand","Locale":"es_ES"}},"Title":{"DisplayValue":"SHOBDW Chaquetas Moto de Mujer Chaqueta Mujer Bomber Moda Cuero Sintético Impermeable Antiviento Hippies Abrigo Jacket Talla Grande Tamaño Grande Descuento(Blanco,4XL)","Label":"Title","Locale":"es_ES"}},"Offers":{"Summaries":[{"Condition":{"Value":"New"},"LowestPrice":{"Amount":24.99,"Currency":"EUR","DisplayAmount":"24,99 €"}}]}},{"ASIN":"B09MSF1PSH","DetailPageURL":"https://www.amazon.es/dp/B09MSF1PSH?tag=topinalambricos-21&linkCode=osi&th=1&psc=1","Images":{"Primary":{"Small":{"Height":75,"URL":"https://m.media-amazon.com/images/I/41ZX-rkBq2L._SL75_.jpg","Width":75}}},"ItemInfo":{"ByLineInfo":{"Brand":{"DisplayValue":"NUSGEAR","Label":"Brand","Locale":"es_ES"}},"Title":{"DisplayValue":"2022 Moda Chaqueta de Ante Corto Abrigo de la Chaqueta del Motorista señoras Delicado de la PU Chaqueta de imitación Moto Slim Fit cremallera Manga larga Chaqueta de solapa","Label":"Title","Locale":"es_ES"}},"Offers":{"Summaries":[{"Condition":{"Value":"New"},"LowestPrice":{"Amount":14.98,"Currency":"EUR","DisplayAmount":"14,98 €"}}]}},{"ASIN":"B01HZQ0CZO","DetailPageURL":"https://www.amazon.es/dp/B01HZQ0CZO?tag=topinalambricos-21&linkCode=osi&th=1&psc=1","Images":{"Primary":{"Small":{"Height":75,"URL":"https://m.media-amazon.com/images/I/41eQdq3etzL._SL75_.jpg","Width":75}}},"ItemInfo":{"ByLineInfo":{"Brand":{"DisplayValue":"Urban Leather","Label":"Brand","Locale":"es_ES"},"Manufacturer":{"DisplayValue":"Urban Leather","Label":"Manufacturer","Locale":"es_ES"}},"Title":{"DisplayValue":"Urban Leather UR-152 Chaqueta Moto Mujer de Cuero '58 LADIES', Armadura Removible para Espalda, Hombros y Codos Aprobada por la CE, Negro, S","Label":"Title","Locale":"es_ES"}},"Offers":{"Summaries":[{"Condition":{"Value":"New"},"LowestPrice":{"Amount":124.21,"Currency":"EUR","DisplayAmount":"124,21 €"}}]}},{"ASIN":"B06XSCYLHH","DetailPageURL":"https://www.amazon.es/dp/B06XSCYLHH?tag=topinalambricos-21&linkCode=osi&th=1&psc=1","Images":{"Primary":{"Small":{"Height":75,"URL":"https://m.media-amazon.com/images/I/4195IqWsxoL._SL75_.jpg","Width":75}}},"ItemInfo":{"ByLineInfo":{"Brand":{"DisplayValue":"URBAN 5884","Label":"Brand","Locale":"es_ES"},"Manufacturer":{"DisplayValue":"Urban Leather","Label":"Manufacturer","Locale":"es_ES"}},"Title":{"DisplayValue":"Chaqueta Moto Mujer de Cuero URBAN 5884 '58 LADIES', Cazadora Moto de Piel de Cordero, Armadura Removible para Espalda, Hombros y Codos Aprobada por la CE, Navy Azul, S (UR-176)","Label":"Title","Locale":"es_ES"}},"Offers":{"Summaries":[{"Condition":{"Value":"New"},"LowestPrice":{"Amount":110.52,"Currency":"EUR","DisplayAmount":"110,52 €"}}]}},{"ASIN":"B08HJXWRWD","DetailPageURL":"https://www.amazon.es/dp/B08HJXWRWD?tag=topinalambricos-21&linkCode=osi&th=1&psc=1","Images":{"Primary":{"Small":{"Height":75,"URL":"https://m.media-amazon.com/images/I/41AnhVbv12L._SL75_.jpg","Width":57}}},"ItemInfo":{"ByLineInfo":{"Brand":{"DisplayValue":"Giolshon","Label":"Brand","Locale":"es_ES"}},"Title":{"DisplayValue":"Giolshon Chaqueta de Cuero Sintético para Mujer Abrigo Corto de Motociclista de Otoño Elegantes, Floral Informal de Moto 1702020 Negro XL","Label":"Title","Locale":"es_ES"}},"Offers":{"Summaries":[{"Condition":{"Value":"New"},"LowestPrice":{"Amount":50.99,"Currency":"EUR","DisplayAmount":"50,99 €"}}]}},{"ASIN":"B07ZXCPPPK","DetailPageURL":"https://www.amazon.es/dp/B07ZXCPPPK?tag=topinalambricos-21&linkCode=osi&th=1&psc=1","Images":{"Primary":{"Small":{"Height":72,"URL":"https://m.media-amazon.com/images/I/41MAF3eNKGL._SL75_.jpg","Width":75}}},"ItemInfo":{"ByLineInfo":{"Brand":{"DisplayValue":"Leatherick","Label":"Brand","Locale":"es_ES"},"Manufacturer":{"DisplayValue":"Leatherick Limited","Label":"Manufacturer","Locale":"es_ES"}},"Title":{"DisplayValue":"Chaleco de cuero para mujer Chaqueta sin mangas de cuero de búfalo de grano superior genuino negro/Chaleco. 2XL (16)","Label":"Title","Locale":"es_ES"}},"Offers":{"Summaries":[{"Condition":{"Value":"New"},"LowestPrice":{"Amount":49.99,"Currency":"EUR","DisplayAmount":"49,99 €"}}]}},{"ASIN":"B01GA55LK2","DetailPageURL":"https://www.amazon.es/dp/B01GA55LK2?tag=topinalambricos-21&linkCode=osi&th=1&psc=1","Images":{"Primary":{"Small":{"Height":75,"URL":"https://m.media-amazon.com/images/I/41htqmmWmBL._SL75_.jpg","Width":56}}},"ItemInfo":{"ByLineInfo":{"Brand":{"DisplayValue":"Aviatrix","Label":"Brand","Locale":"es_ES"}},"Title":{"DisplayValue":"Aviatrix Chaqueta Biker De Cuero Autentica para Mujer con Multiples Cremalleras (AGSM)","Label":"Title","Locale":"es_ES"}},"Offers":{"Summaries":[{"Condition":{"Value":"New"},"LowestPrice":{"Amount":99.99,"Currency":"EUR","DisplayAmount":"99,99 €"}}]}},{"ASIN":"B01HZQ02VS","DetailPageURL":"https://www.amazon.es/dp/B01HZQ02VS?tag=topinalambricos-21&linkCode=osi&th=1&psc=1","Images":{"Primary":{"Small":{"Height":75,"URL":"https://m.media-amazon.com/images/I/41AlPbNgQ5L._SL75_.jpg","Width":49}}},"ItemInfo":{"ByLineInfo":{"Brand":{"DisplayValue":"Urban Leather","Label":"Brand","Locale":"es_ES"},"Manufacturer":{"DisplayValue":"Ur Leather","Label":"Manufacturer","Locale":"es_ES"}},"Title":{"DisplayValue":"Urban Leather Ur-137, Chaquetas De Cuero Para Damas Mujer, Negro, M","Label":"Title","Locale":"es_ES"}},"Offers":{"Summaries":[{"Condition":{"Value":"New"},"LowestPrice":{"Amount":100.92,"Currency":"EUR","DisplayAmount":"100,92 €"}}]}}],"SearchURL":"https://www.amazon.es/s?k=chaqueta+moto+cuero&rh=n%3A3074066031%2Cp_n_availability%3A-1&tag=topinalambricos-21&linkCode=osi","TotalResultCount":1000}},"15":{"SearchResult":{"Items":[{"ASIN":"B092W91V6L","DetailPageURL":"https://www.amazon.es/dp/B092W91V6L?tag=topinalambricos-21&linkCode=osi&th=1&psc=1","Images":{"Primary":{"Small":{"Height":75,"URL":"https://m.media-amazon.com/images/I/41W9mUZtIBL._SL75_.jpg","Width":57}}},"ItemInfo":{"ByLineInfo":{"Brand":{"DisplayValue":"The Drop","Label":"Brand","Locale":"es_ES"},"Manufacturer":{"DisplayValue":"The Drop","Label":"Manufacturer","Locale":"es_ES"}},"Title":{"DisplayValue":"The Drop Chaqueta Camisera de Manga Larga de Cuero Sintético, por @lisadnyc para Mujer, Negro, 3XL Grande","Label":"Title","Locale":"es_ES"}},"Offers":{"Summaries":[{"Condition":{"Value":"New"},"LowestPrice":{"Amount":50.09,"Currency":"EUR","DisplayAmount":"50,09 €"}}]}},{"ASIN":"B0769NKZ7L","DetailPageURL":"https://www.amazon.es/dp/B0769NKZ7L?tag=topinalambricos-21&linkCode=osi&th=1&psc=1","Images":{"Primary":{"Small":{"Height":75,"URL":"https://m.media-amazon.com/images/I/31vQO+faWRL._SL75_.jpg","Width":56}}},"ItemInfo":{"ByLineInfo":{"Brand":{"DisplayValue":"Only","Label":"Brand","Locale":"es_ES"},"Manufacturer":{"DisplayValue":"ONLY","Label":"Manufacturer","Locale":"es_ES"}},"Title":{"DisplayValue":"Only ONLGEMMA Faux Leather Biker OTW Noos Chaqueta, Negro (Black Black), 40 para Mujer","Label":"Title","Locale":"es_ES"}},"Offers":{"Summaries":[{"Condition":{"Value":"Used"},"LowestPrice":{"Amount":36.41,"Currency":"EUR","DisplayAmount":"36,41 €"}},{"Condition":{"Value":"New"},"LowestPrice":{"Amount":40.19,"Currency":"EUR","DisplayAmount":"40,19 €"}}]}},{"ASIN":"B0B6C8W2S8","DetailPageURL":"https://www.amazon.es/dp/B0B6C8W2S8?tag=topinalambricos-21&linkCode=osi&th=1&psc=1","Images":{"Primary":{"Small":{"Height":75,"URL":"https://m.media-amazon.com/images/I/41AbsxDwqbL._SL75_.jpg","Width":57}}},"ItemInfo":{"ByLineInfo":{"Brand":{"DisplayValue":"The Drop","Label":"Brand","Locale":"es_ES"},"Manufacturer":{"DisplayValue":"The Drop","Label":"Manufacturer","Locale":"es_ES"}},"Title":{"DisplayValue":"The Drop Heather Chaqueta de Cuero Sintético de Estilo Motero para Mujer, Verde Oliva, 3XL Grande","Label":"Title","Locale":"es_ES"}},"Offers":{"Summaries":[{"Condition":{"Value":"New"},"LowestPrice":{"Amount":19.98,"Currency":"EUR","DisplayAmount":"19,98 €"}}]}},{"ASIN":"B07K8CF7J7","DetailPageURL":"https://www.amazon.es/dp/B07K8CF7J7?tag=topinalambricos-21&linkCode=osi&th=1&psc=1","Images":{"Primary":{"Small":{"Height":75,"URL":"https://m.media-amazon.com/images/I/41lebv0VUKL._SL75_.jpg","Width":64}}},"ItemInfo":{"ByLineInfo":{"Brand":{"DisplayValue":"Leatherick","Label":"Brand","Locale":"es_ES"},"Manufacturer":{"DisplayValue":"Leatherick","Label":"Manufacturer","Locale":"es_ES"}},"Title":{"DisplayValue":"Leatherick Chaleco estilo motorista trenzado de cuero para mujer para chaqueta/chaleco sin mangas casual y de moda (XL) (14)","Label":"Title","Locale":"es_ES"}},"Offers":{"Summaries":[{"Condition":{"Value":"New"},"LowestPrice":{"Amount":46.99,"Currency":"EUR","DisplayAmount":"46,99 €"}}]}},{"ASIN":"B07H2B9QS7","DetailPageURL":"https://www.amazon.es/dp/B07H2B9QS7?tag=topinalambricos-21&linkCode=osi&th=1&psc=1","Images":{"Primary":{"Small":{"Height":75,"URL":"https://m.media-amazon.com/images/I/41Zwt4LNG-L._SL75_.jpg","Width":57}}},"ItemInfo":{"ByLineInfo":{"Brand":{"DisplayValue":"Allegra K","Label":"Brand","Locale":"es_ES"},"Manufacturer":{"DisplayValue":"Allegra K","Label":"Manufacturer","Locale":"es_ES"}},"Title":{"DisplayValue":"Allegra K Día de San Patricio Chaqueta De Gabardina De Gamuza Sintética Con Muesca Para Mujer Blazer De Solapa Pico Con Solapa De Tormenta Marrón L","Label":"Title","Locale":"es_ES"}},"Offers":{"Summaries":[{"Condition":{"Value":"New"},"LowestPrice":{"Amount":98.32,"Currency":"EUR","DisplayAmount":"98,32 €"}}]}},{"ASIN":"B07GRC6DW5","DetailPageURL":"https://www.amazon.es/dp/B07GRC6DW5?tag=topinalambricos-21&linkCode=osi&th=1&psc=1","Images":{"Primary":{"Small":{"Height":75,"URL":"https://m.media-amazon.com/images/I/51im1PVQpVL._SL75_.jpg","Width":53}}},"ItemInfo":{"ByLineInfo":{"Brand":{"DisplayValue":"Geographical Norway","Label":"Brand","Locale":"es_ES"}},"Title":{"DisplayValue":"Geographical Norway Abby - Chaqueta Acolchada para Mujer (Negro, S)","Label":"Title","Locale":"es_ES"}},"Offers":{"Summaries":[{"Condition":{"Value":"New"},"LowestPrice":{"Amount":99.9,"Currency":"EUR","DisplayAmount":"99,90 €"}}]}},{"ASIN":"B09KPP8MTS","DetailPageURL":"https://www.amazon.es/dp/B09KPP8MTS?tag=topinalambricos-21&linkCode=osi&th=1&psc=1","Images":{"Primary":{"Small":{"Height":75,"URL":"https://m.media-amazon.com/images/I/31-6Z8-5THL._SL75_.jpg","Width":75}}},"ItemInfo":{"ByLineInfo":{"Brand":{"DisplayValue":"KeYIlowys","Label":"Brand","Locale":"es_ES"}},"Title":{"DisplayValue":"KeYIlowys SuéTer De Lana De Doble Cara con Capucha De Invierno De Talla Grande para Mujer Chaqueta De Talla Grande De Longitud Media De Moda para Mujer","Label":"Title","Locale":"es_ES"}},"Offers":{"Summaries":[{"Condition":{"Value":"New"},"LowestPrice":{"Amount":26.58,"Currency":"EUR","DisplayAmount":"26,58 €"}}]}},{"ASIN":"B0BJF8GP11","DetailPageURL":"https://www.amazon.es/dp/B0BJF8GP11?tag=topinalambricos-21&linkCode=osi&th=1&psc=1","Images":{"Primary":{"Small":{"Height":75,"URL":"https://m.media-amazon.com/images/I/41mhYANLA4L._SL75_.jpg","Width":75}}},"ItemInfo":{"ByLineInfo":{"Brand":{"DisplayValue":"dianyaya","Label":"Brand","Locale":"es_ES"}},"Title":{"DisplayValue":"Chaqueta forrada de felpa sintética para mujer, abrigo de manga larga con cuello de felpa y cara de cuero, abrigo de invierno engrosado, frente abierto, abrigo con cinturón, albaricoque, L","Label":"Title","Locale":"es_ES"}},"Offers":{"Summaries":[{"Condition":{"Value":"New"},"LowestPrice":{"Amount":51.88,"Currency":"EUR","DisplayAmount":"51,88 €"}}]}},{"ASIN":"B00DJ9Q7T2","DetailPageURL":"https://www.amazon.es/dp/B00DJ9Q7T2?tag=topinalambricos-21&linkCode=osi&th=1&psc=1","Images":{"Primary":{"Small":{"Height":75,"URL":"https://m.media-amazon.com/images/I/41vz5Rjiu1L._SL75_.jpg","Width":39}}},"ItemInfo":{"ByLineInfo":{"Brand":{"DisplayValue":"Unicorn London","Label":"Brand","Locale":"es_ES"}},"Title":{"DisplayValue":"UNICORN Mujeres Genuino real cuero chaqueta Estilo clásico Abrigo largo longitud Negro #AK Tamaño 42","Label":"Title","Locale":"es_ES"}},"Offers":{"Summaries":[{"Condition":{"Value":"New"},"LowestPrice":{"Amount":138.99,"Currency":"EUR","DisplayAmount":"138,99 €"}}]}},{"ASIN":"B0C2KQYQ8Q","DetailPageURL":"https://www.amazon.es/dp/B0C2KQYQ8Q?tag=topinalambricos-21&linkCode=osi&th=1&psc=1","Images":{"Primary":{"Small":{"Height":75,"URL":"https://m.media-amazon.com/images/I/41sDeWfPoUL._SL75_.jpg","Width":75}}},"ItemInfo":{"ByLineInfo":{"Brand":{"DisplayValue":"Generic","Label":"Brand","Locale":"es_ES"}},"Title":{"DisplayValue":"Chaqueta de cuero personalizada para mujer, de doble cara, de piel sintética, de cuello largo, con capucha, casual, suelto, abrigo, abrigo, abrigo, abrigo, para invierno, Negro, S","Label":"Title","Locale":"es_ES"}},"Offers":{"Summaries":[{"Condition":{"Value":"New"},"LowestPrice":{"Amount":50.26,"Currency":"EUR","DisplayAmount":"50,26 €"}}]}}],"SearchURL":"https://www.amazon.es/s?k=cuero+cara&rh=n%3A3074066031%2Cp_n_availability%3A-1&tag=topinalambricos-21&linkCode=osi","TotalResultCount":1000}},"16":{"SearchResult":{"Items":[{"ASIN":"B084YW5HX9","DetailPageURL":"https://www.amazon.es/dp/B084YW5HX9?tag=topinalambricos-21&linkCode=osi&th=1&psc=1","Images":{"Primary":{"Small":{"Height":75,"URL":"https://m.media-amazon.com/images/I/418TFHrMeML._SL75_.jpg","Width":56}}},"ItemInfo":{"ByLineInfo":{"Brand":{"DisplayValue":"Only","Label":"Brand","Locale":"es_ES"},"Manufacturer":{"DisplayValue":"ONLY","Label":"Manufacturer","Locale":"es_ES"}},"Title":{"DisplayValue":"Only Niñas Konfreya Faux Leather Biker Otw Noos Chaqueta de cuero sintético, negro, 116","Label":"Title","Locale":"es_ES"}},"Offers":{"Summaries":[{"Condition":{"Value":"New"},"LowestPrice":{"Amount":32.95,"Currency":"EUR","DisplayAmount":"32,95 €"}}]}},{"ASIN":"B09PYW2LHB","DetailPageURL":"https://www.amazon.es/dp/B09PYW2LHB?tag=topinalambricos-21&linkCode=osi&th=1&psc=1","Images":{"Primary":{"Small":{"Height":75,"URL":"https://m.media-amazon.com/images/I/314hTBVwHEL._SL75_.jpg","Width":75}}},"ItemInfo":{"ByLineInfo":{"Brand":{"DisplayValue":"TiaoBug","Label":"Brand","Locale":"es_ES"}},"Title":{"DisplayValue":"TiaoBug Chaqueta de Motorista para Niña Cazadora Motera Chaqueta de Cuero PU con Solapa y Cremallera Abrigo de Otoño Invierno Pink 9-10 años","Label":"Title","Locale":"es_ES"}},"Offers":{"Summaries":[{"Condition":{"Value":"New"},"LowestPrice":{"Amount":20.99,"Currency":"EUR","DisplayAmount":"20,99 €"}}]}},{"ASIN":"B09PYTMWVL","DetailPageURL":"https://www.amazon.es/dp/B09PYTMWVL?tag=topinalambricos-21&linkCode=osi&th=1&psc=1","Images":{"Primary":{"Small":{"Height":75,"URL":"https://m.media-amazon.com/images/I/41kcgRBdQFL._SL75_.jpg","Width":75}}},"ItemInfo":{"ByLineInfo":{"Brand":{"DisplayValue":"inlzdz","Label":"Brand","Locale":"es_ES"}},"Title":{"DisplayValue":"inlzdz Cazadora Biker para Niñas y Niños Abrigos de Cuero PU Sólido Motera Primavera Otoño Chaqueta Moto con Solapa y Cremallera Jacket 3-14 Años Black 2-3 años","Label":"Title","Locale":"es_ES"}},"Offers":{"Summaries":[{"Condition":{"Value":"New"},"LowestPrice":{"Amount":18.49,"Currency":"EUR","DisplayAmount":"18,49 €"}}]}},{"ASIN":"B0B64F9J9Y","DetailPageURL":"https://www.amazon.es/dp/B0B64F9J9Y?tag=topinalambricos-21&linkCode=osi&th=1&psc=1","Images":{"Primary":{"Small":{"Height":69,"URL":"https://m.media-amazon.com/images/I/41zrBdceXFL._SL75_.jpg","Width":75}}},"ItemInfo":{"ByLineInfo":{"Brand":{"DisplayValue":"Pepe Jeans","Label":"Brand","Locale":"es_ES"},"Manufacturer":{"DisplayValue":"Pepe Jeans","Label":"Manufacturer","Locale":"es_ES"}},"Title":{"DisplayValue":"Pepe Jeans Sophie Chaqueta de Cuero sintético, Azul (Dulwich), 8 Years para Niñas","Label":"Title","Locale":"es_ES"}},"Offers":{"Summaries":[{"Condition":{"Value":"New"},"LowestPrice":{"Amount":107.0,"Currency":"EUR","DisplayAmount":"107,00 €"}}]}},{"ASIN":"B08HSH4DQG","DetailPageURL":"https://www.amazon.es/dp/B08HSH4DQG?tag=topinalambricos-21&linkCode=osi&th=1&psc=1","Images":{"Primary":{"Small":{"Height":75,"URL":"https://m.media-amazon.com/images/I/41vq7V6njrL._SL75_.jpg","Width":75}}},"ItemInfo":{"ByLineInfo":{"Brand":{"DisplayValue":"boboli","Label":"Brand","Locale":"es_ES"}},"Title":{"DisplayValue":"Cazadora polipiel","Label":"Title","Locale":"es_ES"}},"Offers":{"Summaries":[{"Condition":{"Value":"New"},"LowestPrice":{"Amount":33.49,"Currency":"EUR","DisplayAmount":"33,49 €"}}]}},{"ASIN":"B07G31DLPD","DetailPageURL":"https://www.amazon.es/dp/B07G31DLPD?tag=topinalambricos-21&linkCode=osi&th=1&psc=1","Images":{"Primary":{"Small":{"Height":75,"URL":"https://m.media-amazon.com/images/I/51hJ1AOJJbL._SL75_.jpg","Width":75}}},"ItemInfo":{"ByLineInfo":{"Brand":{"DisplayValue":"LSERVER","Label":"Brand","Locale":"es_ES"}},"Title":{"DisplayValue":"LSERVER-Chaqueta Biker para Niñas Chaqueta Cazadora de Imitación Cuero Sintético con Solapa, Negro， 140 (Altura Recomendada: 130 cm)","Label":"Title","Locale":"es_ES"}},"Offers":{"Summaries":[{"Condition":{"Value":"New"},"LowestPrice":{"Amount":43.99,"Currency":"EUR","DisplayAmount":"43,99 €"}}]}},{"ASIN":"B09XWH1KLQ","DetailPageURL":"https://www.amazon.es/dp/B09XWH1KLQ?tag=topinalambricos-21&linkCode=osi&th=1&psc=1","Images":{"Primary":{"Small":{"Height":75,"URL":"https://m.media-amazon.com/images/I/41rxrT2V+sL._SL75_.jpg","Width":75}}},"ItemInfo":{"ByLineInfo":{"Brand":{"DisplayValue":"A2Z 4 Kids","Label":"Brand","Locale":"es_ES"},"Manufacturer":{"DisplayValue":"A2Z 4 Kids Limited","Label":"Manufacturer","Locale":"es_ES"}},"Title":{"DisplayValue":"A2Z 4 Kids PU Cuero Chaqueta Grueso Collarín Motorista Cremallera Con Cinturón - PU Jacket 801 Baby Pink 7-8","Label":"Title","Locale":"es_ES"}},"Offers":{"Summaries":[{"Condition":{"Value":"New"},"LowestPrice":{"Amount":34.99,"Currency":"EUR","DisplayAmount":"34,99 €"}}]}},{"ASIN":"B0B39KQJTT","DetailPageURL":"https://www.amazon.es/dp/B0B39KQJTT?tag=topinalambricos-21&linkCode=osi&th=1&psc=1","Images":{"Primary":{"Small":{"Height":75,"URL":"https://m.media-amazon.com/images/I/31OswHMzwkL._SL75_.jpg","Width":57}}},"ItemInfo":{"ByLineInfo":{"Brand":{"DisplayValue":"Chicco","Label":"Brand","Locale":"es_ES"},"Manufacturer":{"DisplayValue":"Chicco","Label":"Manufacturer","Locale":"es_ES"}},"Title":{"DisplayValue":"Chicco, Chaqueta de cuero para niña, Niñas, 8 años, Negro (938)","Label":"Title","Locale":"es_ES"}},"Offers":{"Summaries":[{"Condition":{"Value":"New"},"LowestPrice":{"Amount":39.99,"Currency":"EUR","DisplayAmount":"39,99 €"}}]}},{"ASIN":"B09JWKGZTY","DetailPageURL":"https://www.amazon.es/dp/B09JWKGZTY?tag=topinalambricos-21&linkCode=osi&th=1&psc=1","Images":{"Primary":{"Small":{"Height":75,"URL":"https://m.media-amazon.com/images/I/410armdHi4L._SL75_.jpg","Width":75}}},"ItemInfo":{"ByLineInfo":{"Brand":{"DisplayValue":"Lengender","Label":"Brand","Locale":"es_ES"}},"Title":{"DisplayValue":"Lengender Abrigo Niñas Chaqueta de Piel Sintética Chaqueta Perfecto Biker Imitación Cuero Primavera Otoño 2-9 Años (Negro, 120)","Label":"Title","Locale":"es_ES"}},"Offers":{"Summaries":[{"Condition":{"Value":"New"},"LowestPrice":{"Amount":19.99,"Currency":"EUR","DisplayAmount":"19,99 €"}}]}},{"ASIN":"B08Z8JYKVG","DetailPageURL":"https://www.amazon.es/dp/B08Z8JYKVG?tag=topinalambricos-21&linkCode=osi&th=1&psc=1","Images":{"Primary":{"Small":{"Height":75,"URL":"https://m.media-amazon.com/images/I/31YU936lQ4L._SL75_.jpg","Width":75}}},"ItemInfo":{"ByLineInfo":{"Brand":{"DisplayValue":"Popgear","Label":"Brand","Locale":"es_ES"},"Contributors":[{"Locale":"es_ES","Name":"Popgear","Role":"Diseñador","RoleType":"designer"}],"Manufacturer":{"DisplayValue":"Popgear","Label":"Manufacturer","Locale":"es_ES"}},"Title":{"DisplayValue":"Barbie Chaqueta de Cuero Pose niñas Camiseta Blanca de 9-10 años","Label":"Title","Locale":"es_ES"}},"Offers":{"Summaries":[{"Condition":{"Value":"New"},"LowestPrice":{"Amount":19.83,"Currency":"EUR","DisplayAmount":"19,83 €"}}]}}],"SearchURL":"https://www.amazon.es/s?k=cuero&rh=n%3A3074370031%2Cp_n_availability%3A-1&tag=topinalambricos-21&linkCode=osi","TotalResultCount":164}},"17":{"SearchResult":{"Items":[{"ASIN":"B073V8VPXZ","DetailPageURL":"https://www.amazon.es/dp/B073V8VPXZ?tag=topinalambricos-21&linkCode=osi&th=1&psc=1","Images":{"Primary":{"Small":{"Height":75,"URL":"https://m.media-amazon.com/images/I/417pJY-dztL._SL75_.jpg","Width":44}}},"ItemInfo":{"ByLineInfo":{"Brand":{"DisplayValue":"Guirca","Label":"Brand","Locale":"es_ES"},"Manufacturer":{"DisplayValue":"Guirca","Label":"Manufacturer","Locale":"es_ES"}},"Title":{"DisplayValue":"Guirca 87477 - Chaqueta Cuero Infantil Talla 5-6 Años","Label":"Title","Locale":"es_ES"}},"Offers":{"Summaries":[{"Condition":{"Value":"New"},"LowestPrice":{"Amount":19.39,"Currency":"EUR","DisplayAmount":"19,39 €"}}]}},{"ASIN":"B074XB6QWN","DetailPageURL":"https://www.amazon.es/dp/B074XB6QWN?tag=topinalambricos-21&linkCode=osi&th=1&psc=1","Images":{"Primary":{"Small":{"Height":75,"URL":"https://m.media-amazon.com/images/I/411wI+ecH0L._SL75_.jpg","Width":71}}},"ItemInfo":{"ByLineInfo":{"Brand":{"DisplayValue":"YoungSoul","Label":"Brand","Locale":"es_ES"}},"Title":{"DisplayValue":"YoungSoul Chaqueta Biker de Cuero sintético para Niños - Abrigos de imitación Cuero Primavera e Otoño - Cazadoras Moto ccon Diseño Guateado 10-11 años/Etiqueta 150cm","Label":"Title","Locale":"es_ES"}},"Offers":{"Summaries":[{"Condition":{"Value":"New"},"LowestPrice":{"Amount":33.89,"Currency":"EUR","DisplayAmount":"33,89 €"}}]}},{"ASIN":"B01N67Z92T","DetailPageURL":"https://www.amazon.es/dp/B01N67Z92T?tag=topinalambricos-21&linkCode=osi&th=1&psc=1","Images":{"Primary":{"Small":{"Height":75,"URL":"https://m.media-amazon.com/images/I/41ftrYqFLHL._SL75_.jpg","Width":68}}},"ItemInfo":{"ByLineInfo":{"Brand":{"DisplayValue":"YoungSoul","Label":"Brand","Locale":"es_ES"}},"Title":{"DisplayValue":"YoungSoul Chaqueta Biker Niño - Cazadora Motera Efecto Piel Niña - Abrigos Imitacion Cuero con Cremallera Primavera Otoño Negro 9-10 años/Tamaño 140","Label":"Title","Locale":"es_ES"}},"Offers":{"Summaries":[{"Condition":{"Value":"New"},"LowestPrice":{"Amount":33.98,"Currency":"EUR","DisplayAmount":"33,98 €"}}]}},{"ASIN":"B0BJVGWLG7","DetailPageURL":"https://www.amazon.es/dp/B0BJVGWLG7?tag=topinalambricos-21&linkCode=osi&th=1&psc=1","Images":{"Primary":{"Small":{"Height":75,"URL":"https://m.media-amazon.com/images/I/31Gu6tKh1eL._SL75_.jpg","Width":49}}},"ItemInfo":{"ByLineInfo":{"Brand":{"DisplayValue":"de facto","Label":"Brand","Locale":"es_ES"},"Manufacturer":{"DisplayValue":"DeFacto","Label":"Manufacturer","Locale":"es_ES"}},"Title":{"DisplayValue":"DeFacto Chaqueta de Cuero para Niño para Ropa Casual - DeFacto Chaqueta de Cuero para Niño para Ropa Exterior Negro, 10/11 Y, Negro","Label":"Title","Locale":"es_ES"}},"Offers":{"Summaries":[{"Condition":{"Value":"New"},"LowestPrice":{"Amount":37.06,"Currency":"EUR","DisplayAmount":"37,06 €"}}]}},{"ASIN":"B07JN6RLW2","DetailPageURL":"https://www.amazon.es/dp/B07JN6RLW2?tag=topinalambricos-21&linkCode=osi&th=1&psc=1","Images":{"Primary":{"Small":{"Height":75,"URL":"https://m.media-amazon.com/images/I/416JzMEbdGL._SL75_.jpg","Width":75}}},"ItemInfo":{"ByLineInfo":{"Brand":{"DisplayValue":"LAUSONS","Label":"Brand","Locale":"es_ES"}},"Title":{"DisplayValue":"LAUSONS Chaqueta Pelo Sintetico Nino Motera Primavera Otoño Cazadora Imitacion Cuero con Tachuelas y Cremallera Negro 11-12 años","Label":"Title","Locale":"es_ES"}},"Offers":{"Summaries":[{"Condition":{"Value":"New"},"LowestPrice":{"Amount":31.98,"Currency":"EUR","DisplayAmount":"31,98 €"}}]}},{"ASIN":"B07G9GJ91V","DetailPageURL":"https://www.amazon.es/dp/B07G9GJ91V?tag=topinalambricos-21&linkCode=osi&th=1&psc=1","Images":{"Primary":{"Small":{"Height":75,"URL":"https://m.media-amazon.com/images/I/41ShWqZRkDL._SL75_.jpg","Width":75}}},"ItemInfo":{"ByLineInfo":{"Brand":{"DisplayValue":"LAUSONS","Label":"Brand","Locale":"es_ES"}},"Title":{"DisplayValue":"LAUSONS Chaqueta de Imitación Cuero para Niños - Abrigos Cazadora de Piel Sintetica Tipo Bomber Negro 7-8 años","Label":"Title","Locale":"es_ES"}},"Offers":{"Summaries":[{"Condition":{"Value":"New"},"LowestPrice":{"Amount":27.99,"Currency":"EUR","DisplayAmount":"27,99 €"}}]}},{"ASIN":"B09JW64RMV","DetailPageURL":"https://www.amazon.es/dp/B09JW64RMV?tag=topinalambricos-21&linkCode=osi&th=1&psc=1","Images":{"Primary":{"Small":{"Height":75,"URL":"https://m.media-amazon.com/images/I/410Km-ABNTL._SL75_.jpg","Width":75}}},"ItemInfo":{"ByLineInfo":{"Brand":{"DisplayValue":"Lengender","Label":"Brand","Locale":"es_ES"}},"Title":{"DisplayValue":"Lengender Chaqueta Piel Sintética Niño Niña - Perfecto Imitación Cuero - Chaqueta Biker Infantil (Negro, 140)","Label":"Title","Locale":"es_ES"}},"Offers":{"Summaries":[{"Condition":{"Value":"New"},"LowestPrice":{"Amount":15.99,"Currency":"EUR","DisplayAmount":"15,99 €"}}]}},{"ASIN":"B07X32LSLS","DetailPageURL":"https://www.amazon.es/dp/B07X32LSLS?tag=topinalambricos-21&linkCode=osi&th=1&psc=1","Images":{"Primary":{"Small":{"Height":75,"URL":"https://m.media-amazon.com/images/I/41zGz-Ud4nL._SL75_.jpg","Width":75}}},"ItemInfo":{"ByLineInfo":{"Brand":{"DisplayValue":"LAUSONS","Label":"Brand","Locale":"es_ES"}},"Title":{"DisplayValue":"LAUSONS Chaqueta Cuero Niño Acolchada - Cazadora Imitacion Piel Niño Negro Tamaño 150/11-12 Años","Label":"Title","Locale":"es_ES"}},"Offers":{"Summaries":[{"Condition":{"Value":"New"},"LowestPrice":{"Amount":32.78,"Currency":"EUR","DisplayAmount":"32,78 €"}}]}},{"ASIN":"B0BJVDLSGP","DetailPageURL":"https://www.amazon.es/dp/B0BJVDLSGP?tag=topinalambricos-21&linkCode=osi&th=1&psc=1","Images":{"Primary":{"Small":{"Height":75,"URL":"https://m.media-amazon.com/images/I/31-iPps4PEL._SL75_.jpg","Width":49}}},"ItemInfo":{"ByLineInfo":{"Brand":{"DisplayValue":"DeFacto","Label":"Brand","Locale":"es_ES"},"Manufacturer":{"DisplayValue":"DeFacto","Label":"Manufacturer","Locale":"es_ES"}},"Title":{"DisplayValue":"DeFacto Chaqueta De Cuero Niño para Ropa Casual Chaqueta De Cuero Niño para Ropa Abrigo (Negro, 10/11 Y), Negro","Label":"Title","Locale":"es_ES"}},"Offers":{"Summaries":[{"Condition":{"Value":"New"},"LowestPrice":{"Amount":43.97,"Currency":"EUR","DisplayAmount":"43,97 €"}}]}},{"ASIN":"B099DZ96YV","DetailPageURL":"https://www.amazon.es/dp/B099DZ96YV?tag=topinalambricos-21&linkCode=osi&th=1&psc=1","Images":{"Primary":{"Small":{"Height":75,"URL":"https://m.media-amazon.com/images/I/31e6UvOhD1L._SL75_.jpg","Width":56}}},"ItemInfo":{"ByLineInfo":{"Brand":{"DisplayValue":"NAME IT","Label":"Brand","Locale":"es_ES"},"Manufacturer":{"DisplayValue":"Bestseller A/S","Label":"Manufacturer","Locale":"es_ES"}},"Title":{"DisplayValue":"NAME IT Nkmtimes Dnm Swe 7527 Jacket Noos Chaqueta de Jean, Black Denim, 146 para Niños","Label":"Title","Locale":"es_ES"}},"Offers":{"Summaries":[{"Condition":{"Value":"New"},"LowestPrice":{"Amount":30.08,"Currency":"EUR","DisplayAmount":"30,08 €"}}]}}],"SearchURL":"https://www.amazon.es/s?k=chaqueta+cuero&rh=n%3A3074030031%2Cp_n_availability%3A-1&tag=topinalambricos-21&linkCode=osi","TotalResultCount":1000}},"18":{"SearchResult":{"Items":[{"ASIN":"B06W2J7R4R","DetailPageURL":"https://www.amazon.es/dp/B06W2J7R4R?tag=topinalambricos-21&linkCode=osi&th=1&psc=1","Images":{"Primary":{"Small":{"Height":65,"URL":"https://m.media-amazon.com/images/I/41ma+8N9rRL._SL75_.jpg","Width":75}}},"ItemInfo":{"ByLineInfo":{"Brand":{"DisplayValue":"Bohmberg","Label":"Brand","Locale":"es_ES"},"Manufacturer":{"DisplayValue":"Bohmberg","Label":"Manufacturer","Locale":"es_ES"}},"Title":{"DisplayValue":"Bohmberg Premium Chaqueta de cuero para mujer - Cuero real-para motociclistas-cuero pesado - XL","Label":"Title","Locale":"es_ES"}},"Offers":{"Summaries":[{"Condition":{"Value":"New"},"LowestPrice":{"Amount":169.9,"Currency":"EUR","DisplayAmount":"169,90 €"}}]}},{"ASIN":"B01IEB9VBK","DetailPageURL":"https://www.amazon.es/dp/B01IEB9VBK?tag=topinalambricos-21&linkCode=osi&th=1&psc=1","Images":{"Primary":{"Small":{"Height":75,"URL":"https://m.media-amazon.com/images/I/51fO9hx8ubL._SL75_.jpg","Width":56}}},"ItemInfo":{"ByLineInfo":{"Brand":{"DisplayValue":"Aviatrix","Label":"Brand","Locale":"es_ES"}},"Title":{"DisplayValue":"Aviatrix Chaqueta Biker De Cuero Autentico Para Hombre Con Cuello De Banda y Distintivos De Moto (CXUS)","Label":"Title","Locale":"es_ES"}},"Offers":{"Summaries":[{"Condition":{"Value":"New"},"LowestPrice":{"Amount":119.99,"Currency":"EUR","DisplayAmount":"119,99 €"}}]}},{"ASIN":"B09GBLHBTY","DetailPageURL":"https://www.amazon.es/dp/B09GBLHBTY?tag=topinalambricos-21&linkCode=osi&th=1&psc=1","Images":{"Primary":{"Small":{"Height":75,"URL":"https://m.media-amazon.com/images/I/31JlwL5mD+L._SL75_.jpg","Width":58}}},"ItemInfo":{"ByLineInfo":{"Brand":{"DisplayValue":"Borghese - Pelletteria Artigianale","Label":"Brand","Locale":"es_ES"}},"Title":{"DisplayValue":"Pelletterie Borghese| Chaqueta de cuero Biker Negro | Cuero Biker | Chaqueta de motocicleta | Chaqueta de cuero | Cuero genuino | Made in Italy | Chiodo VN (46)","Label":"Title","Locale":"es_ES"}},"Offers":{"Summaries":[{"Condition":{"Value":"New"},"LowestPrice":{"Amount":229.0,"Currency":"EUR","DisplayAmount":"229,00 €"}}]}},{"ASIN":"B01ADQVMSE","DetailPageURL":"https://www.amazon.es/dp/B01ADQVMSE?tag=topinalambricos-21&linkCode=osi&th=1&psc=1","Images":{"Primary":{"Small":{"Height":75,"URL":"https://m.media-amazon.com/images/I/413Gk9r4tpL._SL75_.jpg","Width":51}}},"ItemInfo":{"ByLineInfo":{"Brand":{"DisplayValue":"MDM","Label":"Brand","Locale":"es_ES"},"Manufacturer":{"DisplayValue":"MDM","Label":"Manufacturer","Locale":"es_ES"}},"Title":{"DisplayValue":"MDM Chaleco Cuero Biker Negro Hombres (6XL), Negro , 6XL","Label":"Title","Locale":"es_ES"}},"Offers":{"Summaries":[{"Condition":{"Value":"New"},"LowestPrice":{"Amount":99.99,"Currency":"EUR","DisplayAmount":"99,99 €"}}]}},{"ASIN":"B018CPW48U","DetailPageURL":"https://www.amazon.es/dp/B018CPW48U?tag=topinalambricos-21&linkCode=osi&th=1&psc=1","Images":{"Primary":{"Small":{"Height":75,"URL":"https://m.media-amazon.com/images/I/51KPmo-FYRL._SL75_.jpg","Width":75}}},"ItemInfo":{"ByLineInfo":{"Brand":{"DisplayValue":"Bikers Gear Australia","Label":"Brand","Locale":"es_ES"},"Manufacturer":{"DisplayValue":"Bikers Gear","Label":"Manufacturer","Locale":"es_ES"}},"Title":{"DisplayValue":"Australian Bikers Gear Chaqueta Sturgis Monza de moto para hombre en cuero con Protecciones TALLA XL","Label":"Title","Locale":"es_ES"}},"Offers":{"Summaries":[{"Condition":{"Value":"New"},"LowestPrice":{"Amount":126.19,"Currency":"EUR","DisplayAmount":"126,19 €"}}]}},{"ASIN":"B0BHJCG62N","DetailPageURL":"https://www.amazon.es/dp/B0BHJCG62N?tag=topinalambricos-21&linkCode=osi&th=1&psc=1","Images":{"Primary":{"Small":{"Height":75,"URL":"https://m.media-amazon.com/images/I/41d1RBp23mL._SL75_.jpg","Width":75}}},"ItemInfo":{"ByLineInfo":{"Brand":{"DisplayValue":"Shop & Stop","Label":"Brand","Locale":"es_ES"},"Manufacturer":{"DisplayValue":"Shop & Stop","Label":"Manufacturer","Locale":"es_ES"}},"Title":{"DisplayValue":"Chaqueta Biker de cuero para mujer, Clean Biker - Negro, L","Label":"Title","Locale":"es_ES"}},"Offers":{"Summaries":[{"Condition":{"Value":"New"},"LowestPrice":{"Amount":115.96,"Currency":"EUR","DisplayAmount":"115,96 €"}}]}},{"ASIN":"B09FF15535","DetailPageURL":"https://www.amazon.es/dp/B09FF15535?tag=topinalambricos-21&linkCode=osi&th=1&psc=1","Images":{"Primary":{"Small":{"Height":75,"URL":"https://m.media-amazon.com/images/I/41DCOuhvLKL._SL75_.jpg","Width":49}}},"ItemInfo":{"ByLineInfo":{"Brand":{"DisplayValue":"Borghese - Pelletteria Artigianale","Label":"Brand","Locale":"es_ES"}},"Title":{"DisplayValue":"Pelletterie Borghese |Biker Leather Man Black | Chaqueta de cuero | Chaqueta de moto | Cuero genuino | Made in Italy | K218N (56)","Label":"Title","Locale":"es_ES"}},"Offers":{"Summaries":[{"Condition":{"Value":"New"},"LowestPrice":{"Amount":210.0,"Currency":"EUR","DisplayAmount":"210,00 €"}}]}},{"ASIN":"B0BHJB1KRD","DetailPageURL":"https://www.amazon.es/dp/B0BHJB1KRD?tag=topinalambricos-21&linkCode=osi&th=1&psc=1","Images":{"Primary":{"Small":{"Height":75,"URL":"https://m.media-amazon.com/images/I/410BDrj0nSL._SL75_.jpg","Width":75}}},"ItemInfo":{"ByLineInfo":{"Brand":{"DisplayValue":"Shop & Stop","Label":"Brand","Locale":"es_ES"},"Manufacturer":{"DisplayValue":"Shop & Stop","Label":"Manufacturer","Locale":"es_ES"}},"Title":{"DisplayValue":"Significa chaqueta de cuero, Biker - Negro, S","Label":"Title","Locale":"es_ES"}},"Offers":{"Summaries":[{"Condition":{"Value":"New"},"LowestPrice":{"Amount":118.93,"Currency":"EUR","DisplayAmount":"118,93 €"}}]}},{"ASIN":"B01N31G0L3","DetailPageURL":"https://www.amazon.es/dp/B01N31G0L3?tag=topinalambricos-21&linkCode=osi&th=1&psc=1","Images":{"Primary":{"Small":{"Height":75,"URL":"https://m.media-amazon.com/images/I/41Ak6eLBz6L._SL75_.jpg","Width":75}}},"ItemInfo":{"ByLineInfo":{"Brand":{"DisplayValue":"GES","Label":"Brand","Locale":"es_ES"},"Manufacturer":{"DisplayValue":"GES CO.,LTD","Label":"Manufacturer","Locale":"es_ES"}},"Title":{"DisplayValue":"Chaqueta GES con armadura protectora para motocicleta, ropa de protección","Label":"Title","Locale":"es_ES"}},"Offers":{"Summaries":[{"Condition":{"Value":"New"},"LowestPrice":{"Amount":56.88,"Currency":"EUR","DisplayAmount":"56,88 €"}}]}},{"ASIN":"B00BE4VN2U","DetailPageURL":"https://www.amazon.es/dp/B00BE4VN2U?tag=topinalambricos-21&linkCode=osi&th=1&psc=1","Images":{"Primary":{"Small":{"Height":75,"URL":"https://m.media-amazon.com/images/I/41c5TOffWZL._SL75_.jpg","Width":57}}},"ItemInfo":{"ByLineInfo":{"Brand":{"DisplayValue":"Bikers Gear Australia","Label":"Brand","Locale":"es_ES"},"Manufacturer":{"DisplayValue":"Australian Bikers Gear","Label":"Manufacturer","Locale":"es_ES"}},"Title":{"DisplayValue":"Australian Bikers Gear Chaqueta Trailmaster con un tratamiento de cuero encerado marron TALLA 3XL","Label":"Title","Locale":"es_ES"}},"Offers":{"Summaries":[{"Condition":{"Value":"New"},"LowestPrice":{"Amount":146.51,"Currency":"EUR","DisplayAmount":"146,51 €"}},{"Condition":{"Value":"Used"},"LowestPrice":{"Amount":115.15,"Currency":"EUR","DisplayAmount":"115,15 €"}}]}}],"SearchURL":"https://www.amazon.es/s?k=cuero+bike&rh=n%3A2425315031%2Cp_n_availability%3A-1&tag=topinalambricos-21&linkCode=osi","TotalResultCount":1000}},"19":{"SearchResult":{"Items":[{"ASIN":"B098RBCLQ7","DetailPageURL":"https://www.amazon.es/dp/B098RBCLQ7?tag=topinalambricos-21&linkCode=osi&th=1&psc=1","Images":{"Primary":{"Small":{"Height":75,"URL":"https://m.media-amazon.com/images/I/41D6rtUVrcL._SL75_.jpg","Width":75}}},"ItemInfo":{"ByLineInfo":{"Brand":{"DisplayValue":"Dainese","Label":"Brand","Locale":"es_ES"},"Manufacturer":{"DisplayValue":"Dainese S.p.A.","Label":"Manufacturer","Locale":"es_ES"}},"Title":{"DisplayValue":"Dainese Sevilla Air Tex Jacket, Chaqueta Moto Verano, Hombre, Negro/Grape-Leaf, 54","Label":"Title","Locale":"es_ES"}},"Offers":{"Summaries":[{"Condition":{"Value":"New"},"LowestPrice":{"Amount":135.0,"Currency":"EUR","DisplayAmount":"135,00 €"}}]}},{"ASIN":"B00QOXOX0A","DetailPageURL":"https://www.amazon.es/dp/B00QOXOX0A?tag=topinalambricos-21&linkCode=osi&th=1&psc=1","Images":{"Primary":{"Small":{"Height":75,"URL":"https://m.media-amazon.com/images/I/41TC7-FAtmL._SL75_.jpg","Width":75}}},"ItemInfo":{"ByLineInfo":{"Brand":{"DisplayValue":"Dainese","Label":"Brand","Locale":"es_ES"},"Manufacturer":{"DisplayValue":"Dainese","Label":"Manufacturer","Locale":"es_ES"}},"Title":{"DisplayValue":"Chaqueta de moto de verano Dainese Air Flux D1 Tex, talla 52 EU","Label":"Title","Locale":"es_ES"}},"Offers":{"Summaries":[{"Condition":{"Value":"New"},"LowestPrice":{"Amount":148.96,"Currency":"EUR","DisplayAmount":"148,96 €"}}]}},{"ASIN":"B00QOXO2QK","DetailPageURL":"https://www.amazon.es/dp/B00QOXO2QK?tag=topinalambricos-21&linkCode=osi&th=1&psc=1","Images":{"Primary":{"Small":{"Height":72,"URL":"https://m.media-amazon.com/images/I/41rLDASH6jL._SL75_.jpg","Width":75}}},"ItemInfo":{"ByLineInfo":{"Brand":{"DisplayValue":"Dainese","Label":"Brand","Locale":"es_ES"},"Manufacturer":{"DisplayValue":"Dainese","Label":"Manufacturer","Locale":"es_ES"}},"Title":{"DisplayValue":"Dainese Air Flux D1 Tex Jacket Chaqueta Moto Verano, Negro(Negro)","Label":"Title","Locale":"es_ES"}},"Offers":{"Summaries":[{"Condition":{"Value":"New"},"LowestPrice":{"Amount":153.94,"Currency":"EUR","DisplayAmount":"153,94 €"}}]}},{"ASIN":"B00QOXO9OK","DetailPageURL":"https://www.amazon.es/dp/B00QOXO9OK?tag=topinalambricos-21&linkCode=osi&th=1&psc=1","Images":{"Primary":{"Small":{"Height":75,"URL":"https://m.media-amazon.com/images/I/41C4iUERGxL._SL75_.jpg","Width":75}}},"ItemInfo":{"ByLineInfo":{"Brand":{"DisplayValue":"Dainese","Label":"Brand","Locale":"es_ES"},"Manufacturer":{"DisplayValue":"Dainese","Label":"Manufacturer","Locale":"es_ES"}},"Title":{"DisplayValue":"Dainese Air Flux D1 Tex Jacket Chaqueta Moto Verano, Negro(Negro)","Label":"Title","Locale":"es_ES"}},"Offers":{"Summaries":[{"Condition":{"Value":"New"},"LowestPrice":{"Amount":156.33,"Currency":"EUR","DisplayAmount":"156,33 €"}}]}},{"ASIN":"B00QOXLRO0","DetailPageURL":"https://www.amazon.es/dp/B00QOXLRO0?tag=topinalambricos-21&linkCode=osi&th=1&psc=1","Images":{"Primary":{"Small":{"Height":75,"URL":"https://m.media-amazon.com/images/I/51TWcJtxkkL._SL75_.jpg","Width":71}}},"ItemInfo":{"ByLineInfo":{"Brand":{"DisplayValue":"Dainese","Label":"Brand","Locale":"es_ES"},"Manufacturer":{"DisplayValue":"Dainese","Label":"Manufacturer","Locale":"es_ES"}},"Title":{"DisplayValue":"Dainese Hydra Flux D-Dry Jacket Chaqueta Moto","Label":"Title","Locale":"es_ES"}},"Offers":{"Summaries":[{"Condition":{"Value":"New"},"LowestPrice":{"Amount":239.95,"Currency":"EUR","DisplayAmount":"239,95 €"}},{"Condition":{"Value":"Used"},"LowestPrice":{"Amount":154.66,"Currency":"EUR","DisplayAmount":"154,66 €"}}]}},{"ASIN":"B087JRTX5V","DetailPageURL":"https://www.amazon.es/dp/B087JRTX5V?tag=topinalambricos-21&linkCode=osi&th=1&psc=1","Images":{"Primary":{"Small":{"Height":67,"URL":"https://m.media-amazon.com/images/I/41AQACagPhL._SL75_.jpg","Width":75}}},"ItemInfo":{"ByLineInfo":{"Brand":{"DisplayValue":"Dainese","Label":"Brand","Locale":"es_ES"},"Manufacturer":{"DisplayValue":"Dainese S.p.A.","Label":"Manufacturer","Locale":"es_ES"}},"Title":{"DisplayValue":"Dainese Kayes Tex - Chaqueta para moto","Label":"Title","Locale":"es_ES"}},"Offers":{"Summaries":[{"Condition":{"Value":"New"},"LowestPrice":{"Amount":57.47,"Currency":"EUR","DisplayAmount":"57,47 €"}}]}},{"ASIN":"B09QJM1B28","DetailPageURL":"https://www.amazon.es/dp/B09QJM1B28?tag=topinalambricos-21&linkCode=osi&th=1&psc=1","Images":{"Primary":{"Small":{"Height":75,"URL":"https://m.media-amazon.com/images/I/31iWFmNrekL._SL75_.jpg","Width":62}}},"ItemInfo":{"ByLineInfo":{"Brand":{"DisplayValue":"Dainese","Label":"Brand","Locale":"es_ES"},"Manufacturer":{"DisplayValue":"Dainese S.p.A.","Label":"Manufacturer","Locale":"es_ES"}},"Title":{"DisplayValue":"Dainese Hydraflux 2 Air D-Dry Jacket, Chaqueta Moto Impermeable, Hombre, Negro/Charcoal-Gray, 64","Label":"Title","Locale":"es_ES"}},"Offers":{"Summaries":[{"Condition":{"Value":"New"},"LowestPrice":{"Amount":269.37,"Currency":"EUR","DisplayAmount":"269,37 €"}}]}},{"ASIN":"B01NBWPVCA","DetailPageURL":"https://www.amazon.es/dp/B01NBWPVCA?tag=topinalambricos-21&linkCode=osi&th=1&psc=1","Images":{"Primary":{"Small":{"Height":75,"URL":"https://m.media-amazon.com/images/I/41njtD+C98L._SL75_.jpg","Width":75}}},"ItemInfo":{"ByLineInfo":{"Brand":{"DisplayValue":"Dainese","Label":"Brand","Locale":"es_ES"},"Manufacturer":{"DisplayValue":"Dainese S.p.A.","Label":"Manufacturer","Locale":"es_ES"}},"Title":{"DisplayValue":"Dainese Air Frame D1 Lady Tex Jacket, Chaqueta Moto Invierno, Mujer, Negro/Negro/Blanco, 46","Label":"Title","Locale":"es_ES"}},"Offers":{"Summaries":[{"Condition":{"Value":"New"},"LowestPrice":{"Amount":191.96,"Currency":"EUR","DisplayAmount":"191,96 €"}}]}},{"ASIN":"B01MTB75SY","DetailPageURL":"https://www.amazon.es/dp/B01MTB75SY?tag=topinalambricos-21&linkCode=osi&th=1&psc=1","Images":{"Primary":{"Small":{"Height":75,"URL":"https://m.media-amazon.com/images/I/51-t8aT3oAL._SL75_.jpg","Width":75}}},"ItemInfo":{"ByLineInfo":{"Brand":{"DisplayValue":"Dainese","Label":"Brand","Locale":"es_ES"},"Manufacturer":{"DisplayValue":"Dainese","Label":"Manufacturer","Locale":"es_ES"}},"Title":{"DisplayValue":"Dainese 1735196_858_48 Chaqueta para moto, Negro/Blanco/Rojo, 48","Label":"Title","Locale":"es_ES"}},"Offers":{"Summaries":[{"Condition":{"Value":"New"},"LowestPrice":{"Amount":203.8,"Currency":"EUR","DisplayAmount":"203,80 €"}}]}},{"ASIN":"B00C684R6M","DetailPageURL":"https://www.amazon.es/dp/B00C684R6M?tag=topinalambricos-21&linkCode=osi&th=1&psc=1","Images":{"Primary":{"Small":{"Height":75,"URL":"https://m.media-amazon.com/images/I/41YAx2VKOPL._SL75_.jpg","Width":75}}},"ItemInfo":{"ByLineInfo":{"Brand":{"DisplayValue":"Dainese","Label":"Brand","Locale":"es_ES"},"Manufacturer":{"DisplayValue":"DAINESE","Label":"Manufacturer","Locale":"es_ES"}},"Title":{"DisplayValue":"Dainese - Chaqueta aspirante Tex 46","Label":"Title","Locale":"es_ES"}},"Offers":{"Summaries":[{"Condition":{"Value":"New"},"LowestPrice":{"Amount":8.49,"Currency":"EUR","DisplayAmount":"8,49 €"}}]}}],"SearchURL":"https://www.amazon.es/s?k=dainese&rh=n%3A2425315031%2Cp_n_availability%3A-1&tag=topinalambricos-21&linkCode=osi","TotalResultCount":837}},"20":{"SearchResult":{"Items":[{"ASIN":"B085CHR88C","DetailPageURL":"https://www.amazon.es/dp/B085CHR88C?tag=topinalambricos-21&linkCode=osi&th=1&psc=1","Images":{"Primary":{"Small":{"Height":72,"URL":"https://m.media-amazon.com/images/I/41VjmWqjdhS._SL75_.jpg","Width":75}}},"ItemInfo":{"ByLineInfo":{"Brand":{"DisplayValue":"Alpinestars","Label":"Brand","Locale":"es_ES"},"Manufacturer":{"DisplayValue":"Alpinestars","Label":"Manufacturer","Locale":"es_ES"}},"Title":{"DisplayValue":"Alpinestars","Label":"Title","Locale":"es_ES"}},"Offers":{"Summaries":[{"Condition":{"Value":"New"},"LowestPrice":{"Amount":151.96,"Currency":"EUR","DisplayAmount":"151,96 €"}}]}},{"ASIN":"B08WNB3GS2","DetailPageURL":"https://www.amazon.es/dp/B08WNB3GS2?tag=topinalambricos-21&linkCode=osi&th=1&psc=1","Images":{"Primary":{"Small":{"Height":75,"URL":"https://m.media-amazon.com/images/I/41u+xBnuZzL._SL75_.jpg","Width":75}}},"ItemInfo":{"ByLineInfo":{"Brand":{"DisplayValue":"Alpinestars","Label":"Brand","Locale":"es_ES"},"Manufacturer":{"DisplayValue":"Alpinestars","Label":"Manufacturer","Locale":"es_ES"}},"Title":{"DisplayValue":"Alpinestars Racer Tactical Maillot de Motocross Jacket, Negro/Rojo/Blanco, Talla única Unisex","Label":"Title","Locale":"es_ES"}},"Offers":{"Summaries":[{"Condition":{"Value":"New"},"LowestPrice":{"Amount":43.0,"Currency":"EUR","DisplayAmount":"43,00 €"}}]}},{"ASIN":"B095GZPP74","DetailPageURL":"https://www.amazon.es/dp/B095GZPP74?tag=topinalambricos-21&linkCode=osi&th=1&psc=1","Images":{"Primary":{"Small":{"Height":75,"URL":"https://m.media-amazon.com/images/I/41LCdpL5I1L._SL75_.jpg","Width":75}}},"ItemInfo":{"ByLineInfo":{"Brand":{"DisplayValue":"Alpinestars","Label":"Brand","Locale":"es_ES"},"Manufacturer":{"DisplayValue":"Alpinestars","Label":"Manufacturer","Locale":"es_ES"}},"Title":{"DisplayValue":"Alpinestars Chaqueta de aire Honda T-SPS (XXL) (Negro/ROJO)","Label":"Title","Locale":"es_ES"}},"Offers":{"Summaries":[{"Condition":{"Value":"New"},"LowestPrice":{"Amount":169.9,"Currency":"EUR","DisplayAmount":"169,90 €"}}]}},{"ASIN":"B09D59S6Q3","DetailPageURL":"https://www.amazon.es/dp/B09D59S6Q3?tag=topinalambricos-21&linkCode=osi&th=1&psc=1","Images":{"Primary":{"Small":{"Height":75,"URL":"https://m.media-amazon.com/images/I/41jqwgWCqIL._SL75_.jpg","Width":75}}},"ItemInfo":{"ByLineInfo":{"Brand":{"DisplayValue":"Alpinestars","Label":"Brand","Locale":"es_ES"},"Manufacturer":{"DisplayValue":"Alpinestars","Label":"Manufacturer","Locale":"es_ES"}},"Title":{"DisplayValue":"Alpinestars Andes V3 Drystar-Chaqueta para Mujer, Color Gris y Negro Ropa de Moto, Small-Large para Hombre","Label":"Title","Locale":"es_ES"}},"Offers":{"Summaries":[{"Condition":{"Value":"New"},"LowestPrice":{"Amount":264.77,"Currency":"EUR","DisplayAmount":"264,77 €"}}]}},{"ASIN":"B07ZZPN7YQ","DetailPageURL":"https://www.amazon.es/dp/B07ZZPN7YQ?tag=topinalambricos-21&linkCode=osi&th=1&psc=1","Images":{"Primary":{"Small":{"Height":75,"URL":"https://m.media-amazon.com/images/I/313euFhrjSL._SL75_.jpg","Width":75}}},"ItemInfo":{"ByLineInfo":{"Brand":{"DisplayValue":"Alpinestars","Label":"Brand","Locale":"es_ES"},"Manufacturer":{"DisplayValue":"Alpinestars","Label":"Manufacturer","Locale":"es_ES"}},"Title":{"DisplayValue":"Alpinestars Ageless II Polar","Label":"Title","Locale":"es_ES"}},"Offers":{"Summaries":[{"Condition":{"Value":"New"},"LowestPrice":{"Amount":61.5,"Currency":"EUR","DisplayAmount":"61,50 €"}}]}},{"ASIN":"B09VW3L9NX","DetailPageURL":"https://www.amazon.es/dp/B09VW3L9NX?tag=topinalambricos-21&linkCode=osi&th=1&psc=1","Images":{"Primary":{"Small":{"Height":75,"URL":"https://m.media-amazon.com/images/I/41BCVAJE2wL._SL75_.jpg","Width":75}}},"ItemInfo":{"ByLineInfo":{"Brand":{"DisplayValue":"Alpinestars","Label":"Brand","Locale":"es_ES"}},"Title":{"DisplayValue":"Alpinestars T SP X Superair Jacket M","Label":"Title","Locale":"es_ES"}},"Offers":{"Summaries":[{"Condition":{"Value":"New"},"LowestPrice":{"Amount":154.58,"Currency":"EUR","DisplayAmount":"154,58 €"}}]}},{"ASIN":"B07FQS8WCZ","DetailPageURL":"https://www.amazon.es/dp/B07FQS8WCZ?tag=topinalambricos-21&linkCode=osi&th=1&psc=1","Images":{"Primary":{"Small":{"Height":75,"URL":"https://m.media-amazon.com/images/I/41PHqxPEZ5L._SL75_.jpg","Width":73}}},"ItemInfo":{"ByLineInfo":{"Brand":{"DisplayValue":"Alpinestars","Label":"Brand","Locale":"es_ES"},"Manufacturer":{"DisplayValue":"Alpinestars","Label":"Manufacturer","Locale":"es_ES"}},"Title":{"DisplayValue":"Alpinestars Chaqueta moto T-sp-1 Waterproof Jacket Negro Blanco Rojo, Negro/Blanco/Rojo, M","Label":"Title","Locale":"es_ES"}},"Offers":{"Summaries":[{"Condition":{"Value":"New"},"LowestPrice":{"Amount":191.96,"Currency":"EUR","DisplayAmount":"191,96 €"}}]}},{"ASIN":"B08HMZ6H1J","DetailPageURL":"https://www.amazon.es/dp/B08HMZ6H1J?tag=topinalambricos-21&linkCode=osi&th=1&psc=1","Images":{"Primary":{"Small":{"Height":69,"URL":"https://m.media-amazon.com/images/I/417iP1TkaBL._SL75_.jpg","Width":75}}},"ItemInfo":{"ByLineInfo":{"Brand":{"DisplayValue":"Alpinestars","Label":"Brand","Locale":"es_ES"},"Manufacturer":{"DisplayValue":"Alpinestars","Label":"Manufacturer","Locale":"es_ES"}},"Title":{"DisplayValue":"Alpinestars Andes V3 Drystar Jacket Cazadora Impermeable, Negro, XL para Hombre","Label":"Title","Locale":"es_ES"}},"Offers":{"Summaries":[{"Condition":{"Value":"New"},"LowestPrice":{"Amount":231.96,"Currency":"EUR","DisplayAmount":"231,96 €"}}]}},{"ASIN":"B01MRLCUG7","DetailPageURL":"https://www.amazon.es/dp/B01MRLCUG7?tag=topinalambricos-21&linkCode=osi&th=1&psc=1","Images":{"Primary":{"Small":{"Height":75,"URL":"https://m.media-amazon.com/images/I/41-pkoT9P2L._SL75_.jpg","Width":75}}},"ItemInfo":{"ByLineInfo":{"Brand":{"DisplayValue":"Alpinestars","Label":"Brand","Locale":"es_ES"},"Manufacturer":{"DisplayValue":"Alpinestars","Label":"Manufacturer","Locale":"es_ES"}},"Title":{"DisplayValue":"Alpinestars Hurricane Rain Chaqueta Negro Xl","Label":"Title","Locale":"es_ES"}},"Offers":{"Summaries":[{"Condition":{"Value":"New"},"LowestPrice":{"Amount":104.47,"Currency":"EUR","DisplayAmount":"104,47 €"}}]}},{"ASIN":"B06XQD5SZZ","DetailPageURL":"https://www.amazon.es/dp/B06XQD5SZZ?tag=topinalambricos-21&linkCode=osi&th=1&psc=1","Images":{"Primary":{"Small":{"Height":75,"URL":"https://m.media-amazon.com/images/I/41dNFXhSN5L._SL75_.jpg","Width":75}}},"ItemInfo":{"ByLineInfo":{"Brand":{"DisplayValue":"Alpinestars","Label":"Brand","Locale":"es_ES"},"Manufacturer":{"DisplayValue":"Alpinestars","Label":"Manufacturer","Locale":"es_ES"}},"Title":{"DisplayValue":"Alpinestars Chaqueta para Moto - Alpinestars T-GP Plus R V2 Air Negro - Blanco . XXL","Label":"Title","Locale":"es_ES"}},"Offers":{"Summaries":[{"Condition":{"Value":"New"},"LowestPrice":{"Amount":221.32,"Currency":"EUR","DisplayAmount":"221,32 €"}}]}}],"SearchURL":"https://www.amazon.es/s?k=alpinestars&rh=n%3A2425315031%2Cp_n_availability%3A-1&tag=topinalambricos-21&linkCode=osi","TotalResultCount":911}},"21":{"SearchResult":{"Items":[{"ASIN":"B09GYCFVSV","DetailPageURL":"https://www.amazon.es/dp/B09GYCFVSV?tag=topinalambricos-21&linkCode=osi&th=1&psc=1","Images":{"Primary":{"Small":{"Height":75,"URL":"https://m.media-amazon.com/images/I/41QXO1RlxJL._SL75_.jpg","Width":65}}},"ItemInfo":{"ByLineInfo":{"Brand":{"DisplayValue":"KissKlear","Label":"Brand","Locale":"es_ES"}},"Title":{"DisplayValue":"KissKlear Goldberg Harley DAVIDSON - Chaqueta de motorista de piel auténtica (XS-5XL), Negro , XXXXL","Label":"Title","Locale":"es_ES"}},"Offers":{"Summaries":[{"Condition":{"Value":"New"},"LowestPrice":{"Amount":118.64,"Currency":"EUR","DisplayAmount":"118,64 €"}}]}},{"ASIN":"B01HZPXZLI","DetailPageURL":"https://www.amazon.es/dp/B01HZPXZLI?tag=topinalambricos-21&linkCode=osi&th=1&psc=1","Images":{"Primary":{"Small":{"Height":75,"URL":"https://m.media-amazon.com/images/I/418ql5CNp1L._SL75_.jpg","Width":75}}},"ItemInfo":{"ByLineInfo":{"Brand":{"DisplayValue":"Urban Leather","Label":"Brand","Locale":"es_ES"},"Manufacturer":{"DisplayValue":"Ur Leather","Label":"Manufacturer","Locale":"es_ES"}},"Title":{"DisplayValue":"Chaqueta Moto Hombre en Cuero 58 Gents | Cazadora de Moto de Piel de Cordero | Armadura Removible para Espalda, Hombros y Codos Aprobada por la CE | Negro | XXL","Label":"Title","Locale":"es_ES"}},"Offers":{"Summaries":[{"Condition":{"Value":"New"},"LowestPrice":{"Amount":120.42,"Currency":"EUR","DisplayAmount":"120,42 €"}}]}},{"ASIN":"B08GKTNS9D","DetailPageURL":"https://www.amazon.es/dp/B08GKTNS9D?tag=topinalambricos-21&linkCode=osi&th=1&psc=1","Images":{"Primary":{"Small":{"Height":75,"URL":"https://m.media-amazon.com/images/I/41wzicZs2YL._SL75_.jpg","Width":66}}},"ItemInfo":{"ByLineInfo":{"Brand":{"DisplayValue":"DeColure","Label":"Brand","Locale":"es_ES"}},"Title":{"DisplayValue":"DeColure Goldberg Harley Davidson - Chaqueta de piel sintética y auténtica para hombre - L","Label":"Title","Locale":"es_ES"}},"Offers":{"Summaries":[{"Condition":{"Value":"New"},"LowestPrice":{"Amount":118.64,"Currency":"EUR","DisplayAmount":"118,64 €"}}]}},{"ASIN":"B01DYOEU6S","DetailPageURL":"https://www.amazon.es/dp/B01DYOEU6S?tag=topinalambricos-21&linkCode=osi&th=1&psc=1","Images":{"Primary":{"Small":{"Height":75,"URL":"https://m.media-amazon.com/images/I/41fy2A5taoL._SL75_.jpg","Width":75}}},"ItemInfo":{"ByLineInfo":{"Brand":{"DisplayValue":"Bikers Gear Australia","Label":"Brand","Locale":"es_ES"},"Manufacturer":{"DisplayValue":"Australian Bikers Gear","Label":"Manufacturer","Locale":"es_ES"}},"Title":{"DisplayValue":"Australian Bikers Gear Retro Style 'The Bonnie' - Chaqueta de moto, Negro / Blanco, L","Label":"Title","Locale":"es_ES"}},"Offers":{"Summaries":[{"Condition":{"Value":"New"},"LowestPrice":{"Amount":105.99,"Currency":"EUR","DisplayAmount":"105,99 €"}}]}},{"ASIN":"B0817G18YT","DetailPageURL":"https://www.amazon.es/dp/B0817G18YT?tag=topinalambricos-21&linkCode=osi&th=1&psc=1","Images":{"Primary":{"Small":{"Height":75,"URL":"https://m.media-amazon.com/images/I/413wmkO1GSL._SL75_.jpg","Width":75}}},"ItemInfo":{"ByLineInfo":{"Brand":{"DisplayValue":"BORLENI","Label":"Brand","Locale":"es_ES"},"Manufacturer":{"DisplayValue":"BORLENI","Label":"Manufacturer","Locale":"es_ES"}},"Title":{"DisplayValue":"BORLENI Chaqueta de moto a prueba de viento motocicleta armadura de equipo de protección otoño invierno verano para hombre de toda estaciòn","Label":"Title","Locale":"es_ES"}},"Offers":{"Summaries":[{"Condition":{"Value":"New"},"LowestPrice":{"Amount":99.99,"Currency":"EUR","DisplayAmount":"99,99 €"}}]}},{"ASIN":"B09NT52X22","DetailPageURL":"https://www.amazon.es/dp/B09NT52X22?tag=topinalambricos-21&linkCode=osi&th=1&psc=1","Images":{"Primary":{"Small":{"Height":75,"URL":"https://m.media-amazon.com/images/I/417LQCGqNWL._SL75_.jpg","Width":48}}},"ItemInfo":{"ByLineInfo":{"Brand":{"DisplayValue":"HARLEY-DAVIDSON","Label":"Brand","Locale":"es_ES"}},"Title":{"DisplayValue":"Harley-Davidson Chaqueta Performance Soft Shell para hombre, 99216-19VM, Negro -, Large","Label":"Title","Locale":"es_ES"}},"Offers":{"Summaries":[{"Condition":{"Value":"New"},"LowestPrice":{"Amount":211.25,"Currency":"EUR","DisplayAmount":"211,25 €"}}]}},{"ASIN":"B087RWKW26","DetailPageURL":"https://www.amazon.es/dp/B087RWKW26?tag=topinalambricos-21&linkCode=osi&th=1&psc=1","Images":{"Primary":{"Small":{"Height":71,"URL":"https://m.media-amazon.com/images/I/51W4eZK608L._SL75_.jpg","Width":75}}},"ItemInfo":{"ByLineInfo":{"Brand":{"DisplayValue":"IGUANA CUSTOM CLOTHES","Label":"Brand","Locale":"es_ES"},"Manufacturer":{"DisplayValue":"Iguana Custom Collection","Label":"Manufacturer","Locale":"es_ES"}},"Title":{"DisplayValue":"Chaqueta de moto de cuero envejecido, modelo AGUILA by Iguana Custom Collection cruzada con grabado, protecciones homologadas y forro térmico desmontable. (2XL)","Label":"Title","Locale":"es_ES"}},"Offers":{"Summaries":[{"Condition":{"Value":"New"},"LowestPrice":{"Amount":228.78,"Currency":"EUR","DisplayAmount":"228,78 €"}}]}},{"ASIN":"B07PP4PM5P","DetailPageURL":"https://www.amazon.es/dp/B07PP4PM5P?tag=topinalambricos-21&linkCode=osi&th=1&psc=1","Images":{"Primary":{"Small":{"Height":67,"URL":"https://m.media-amazon.com/images/I/41tA2QH-JCL._SL75_.jpg","Width":75}}},"ItemInfo":{"ByLineInfo":{"Brand":{"DisplayValue":"HARLEY-DAVIDSON","Label":"Brand","Locale":"es_ES"},"Manufacturer":{"DisplayValue":"Harley-Davidson Motor Company, Inc.","Label":"Manufacturer","Locale":"es_ES"}},"Title":{"DisplayValue":"Harley-Davidson Official Men's Geyser Stretch Slim Fit Riding Jacket, Black","Label":"Title","Locale":"es_ES"}},"Offers":{"Summaries":[{"Condition":{"Value":"New"},"LowestPrice":{"Amount":308.56,"Currency":"EUR","DisplayAmount":"308,56 €"}}]}},{"ASIN":"B09GCT2888","DetailPageURL":"https://www.amazon.es/dp/B09GCT2888?tag=topinalambricos-21&linkCode=osi&th=1&psc=1","Images":{"Primary":{"Small":{"Height":70,"URL":"https://m.media-amazon.com/images/I/31zO9jwXRCL._SL75_.jpg","Width":75}}},"ItemInfo":{"ByLineInfo":{"Brand":{"DisplayValue":"HARLEY-DAVIDSON","Label":"Brand","Locale":"es_ES"},"Manufacturer":{"DisplayValue":"Harley-Davidson","Label":"Manufacturer","Locale":"es_ES"}},"Title":{"DisplayValue":"Harley-Davidson Chaqueta de cuero para hombre Watt 98002-20VM, Negro -, XX-Large","Label":"Title","Locale":"es_ES"}},"Offers":{"Summaries":[{"Condition":{"Value":"New"},"LowestPrice":{"Amount":424.63,"Currency":"EUR","DisplayAmount":"424,63 €"}}]}},{"ASIN":"B09YRTBCP8","DetailPageURL":"https://www.amazon.es/dp/B09YRTBCP8?tag=topinalambricos-21&linkCode=osi&th=1&psc=1","Images":{"Primary":{"Small":{"Height":75,"URL":"https://m.media-amazon.com/images/I/51voiqvyOdL._SL75_.jpg","Width":75}}},"ItemInfo":{"ByLineInfo":{"Brand":{"DisplayValue":"Aksah Fashion","Label":"Brand","Locale":"es_ES"}},"Title":{"DisplayValue":"Chaqueta de cuero para motociclista de motociclista para hombre, color negro envejecido, Chaqueta de cuero vacuno antiguo, M","Label":"Title","Locale":"es_ES"}},"Offers":{"Summaries":[{"Condition":{"Value":"New"},"LowestPrice":{"Amount":138.0,"Currency":"EUR","DisplayAmount":"138,00 €"}}]}}],"SearchURL":"https://www.amazon.es/s?k=chaqueta+harley+davidson&rh=n%3A2425315031%2Cp_n_availability%3A-1&tag=topinalambricos-21&linkCode=osi","TotalResultCount":114}},"22":{"SearchResult":{"Items":[{"ASIN":"B01CV9NRVQ","DetailPageURL":"https://www.amazon.es/dp/B01CV9NRVQ?tag=topinalambricos-21&linkCode=osi&th=1&psc=1","Images":{"Primary":{"Small":{"Height":75,"URL":"https://m.media-amazon.com/images/I/41X5C0bvi+L._SL75_.jpg","Width":75}}},"ItemInfo":{"ByLineInfo":{"Brand":{"DisplayValue":"Rider-Tec","Label":"Brand","Locale":"es_ES"},"Manufacturer":{"DisplayValue":"European Trading Company","Label":"Manufacturer","Locale":"es_ES"}},"Title":{"DisplayValue":"Rider-Tec - Chaqueta de piel para moto, diseño vintage, con homologación CE-13595","Label":"Title","Locale":"es_ES"}},"Offers":{"Summaries":[{"Condition":{"Value":"New"},"LowestPrice":{"Amount":105.14,"Currency":"EUR","DisplayAmount":"105,14 €"}}]}},{"ASIN":"B08NWCDJ3Z","DetailPageURL":"https://www.amazon.es/dp/B08NWCDJ3Z?tag=topinalambricos-21&linkCode=osi&th=1&psc=1","Images":{"Primary":{"Small":{"Height":75,"URL":"https://m.media-amazon.com/images/I/51por4kLYJL._SL75_.jpg","Width":55}}},"ItemInfo":{"ByLineInfo":{"Brand":{"DisplayValue":"MMHKSTORE","Label":"Brand","Locale":"es_ES"}},"Title":{"DisplayValue":"Chaqueta de cuero para hombre, estilo vintage, para motociclista, color negro","Label":"Title","Locale":"es_ES"}},"Offers":{"Summaries":[{"Condition":{"Value":"New"},"LowestPrice":{"Amount":52.1,"Currency":"EUR","DisplayAmount":"52,10 €"}}]}},{"ASIN":"B09SBFWCJ6","DetailPageURL":"https://www.amazon.es/dp/B09SBFWCJ6?tag=topinalambricos-21&linkCode=osi&th=1&psc=1","Images":{"Primary":{"Small":{"Height":75,"URL":"https://m.media-amazon.com/images/I/41TrWKZvhZL._SL75_.jpg","Width":75}}},"ItemInfo":{"ByLineInfo":{"Brand":{"DisplayValue":"SHIMA","Label":"Brand","Locale":"es_ES"},"Manufacturer":{"DisplayValue":"SHIMA","Label":"Manufacturer","Locale":"es_ES"}},"Title":{"DisplayValue":"Shima WINCHESTER 2.0 Chaqueta Moto Hombre | Cazadora moto hombre de cuero clásico con CE espalda, hombros, codos protecciones, reforzado costuras dobles (Negro, L)","Label":"Title","Locale":"es_ES"}},"Offers":{"Summaries":[{"Condition":{"Value":"New"},"LowestPrice":{"Amount":193.4,"Currency":"EUR","DisplayAmount":"193,40 €"}}]}},{"ASIN":"B09VTGYPHC","DetailPageURL":"https://www.amazon.es/dp/B09VTGYPHC?tag=topinalambricos-21&linkCode=osi&th=1&psc=1","Images":{"Primary":{"Small":{"Height":75,"URL":"https://m.media-amazon.com/images/I/51QD5TI2RsL._SL75_.jpg","Width":57}}},"ItemInfo":{"ByLineInfo":{"Brand":{"DisplayValue":"TRY","Label":"Brand","Locale":"es_ES"},"Manufacturer":{"DisplayValue":"TRY MOTO","Label":"Manufacturer","Locale":"es_ES"}},"Title":{"DisplayValue":"TRY Moto - Chaqueta Moto Hombre - Textil - Protección en Codos y Hombros - M - En Negro - con Certificación AA - Forro Térmico Desmontable - Ajustable","Label":"Title","Locale":"es_ES"}},"Offers":{"Summaries":[{"Condition":{"Value":"New"},"LowestPrice":{"Amount":79.0,"Currency":"EUR","DisplayAmount":"79,00 €"}}]}},{"ASIN":"B09GYCFVSV","DetailPageURL":"https://www.amazon.es/dp/B09GYCFVSV?tag=topinalambricos-21&linkCode=osi&th=1&psc=1","Images":{"Primary":{"Small":{"Height":75,"URL":"https://m.media-amazon.com/images/I/41QXO1RlxJL._SL75_.jpg","Width":65}}},"ItemInfo":{"ByLineInfo":{"Brand":{"DisplayValue":"KissKlear","Label":"Brand","Locale":"es_ES"}},"Title":{"DisplayValue":"KissKlear Goldberg Harley DAVIDSON - Chaqueta de motorista de piel auténtica (XS-5XL), Negro , XXXXL","Label":"Title","Locale":"es_ES"}},"Offers":{"Summaries":[{"Condition":{"Value":"New"},"LowestPrice":{"Amount":118.64,"Currency":"EUR","DisplayAmount":"118,64 €"}}]}},{"ASIN":"B06XJVTZHS","DetailPageURL":"https://www.amazon.es/dp/B06XJVTZHS?tag=topinalambricos-21&linkCode=osi&th=1&psc=1","Images":{"Primary":{"Small":{"Height":75,"URL":"https://m.media-amazon.com/images/I/41yC5nYmEuL._SL75_.jpg","Width":75}}},"ItemInfo":{"ByLineInfo":{"Brand":{"DisplayValue":"Bohmberg","Label":"Brand","Locale":"es_ES"},"Manufacturer":{"DisplayValue":"Bohmberg","Label":"Manufacturer","Locale":"es_ES"}},"Title":{"DisplayValue":"Chaqueta de Moto BOHMBERG de Cuero Genuino - con Protectores extraíbles - Diseñado en Berlín - 100% Cuero - XL","Label":"Title","Locale":"es_ES"}},"Offers":{"Summaries":[{"Condition":{"Value":"New"},"LowestPrice":{"Amount":149.0,"Currency":"EUR","DisplayAmount":"149,00 €"}}]}},{"ASIN":"B08Q8SC9N9","DetailPageURL":"https://www.amazon.es/dp/B08Q8SC9N9?tag=topinalambricos-21&linkCode=osi&th=1&psc=1","Images":{"Primary":{"Small":{"Height":56,"URL":"https://m.media-amazon.com/images/I/41EeDuxJ9dL._SL75_.jpg","Width":75}}},"ItemInfo":{"ByLineInfo":{"Brand":{"DisplayValue":"IGUANA CUSTOM CLOTHES","Label":"Brand","Locale":"es_ES"},"Manufacturer":{"DisplayValue":"Iguana Custom Collection","Label":"Manufacturer","Locale":"es_ES"}},"Title":{"DisplayValue":"Iguana Custom Collection Chaqueta de Moto de Cuero Envejecido Estilo Retro con Franjas, Modelo Old Racer, con Protecciones homologadas y Forro térmico Desmontable. (2XL)","Label":"Title","Locale":"es_ES"}},"Offers":{"Summaries":[{"Condition":{"Value":"New"},"LowestPrice":{"Amount":219.0,"Currency":"EUR","DisplayAmount":"219,00 €"}}]}},{"ASIN":"B09H4NLH5Y","DetailPageURL":"https://www.amazon.es/dp/B09H4NLH5Y?tag=topinalambricos-21&linkCode=osi&th=1&psc=1","Images":{"Primary":{"Small":{"Height":75,"URL":"https://m.media-amazon.com/images/I/41IhkmCA+3L._SL75_.jpg","Width":75}}},"ItemInfo":{"ByLineInfo":{"Brand":{"DisplayValue":"warrior gears","Label":"Brand","Locale":"es_ES"},"Manufacturer":{"DisplayValue":"Warrior Gears","Label":"Manufacturer","Locale":"es_ES"}},"Title":{"DisplayValue":"Warrior Gears Chaqueta de cuero de vaca de Nappa para hombre, Harley Stripe Chaquetas de cuero para hombre, chaquetas de cuero motorista de cuero para hombre con armadura protectora, blanco, Medium","Label":"Title","Locale":"es_ES"}},"Offers":{"Summaries":[{"Condition":{"Value":"New"},"LowestPrice":{"Amount":179.99,"Currency":"EUR","DisplayAmount":"179,99 €"}}]}},{"ASIN":"B072XHV9ZW","DetailPageURL":"https://www.amazon.es/dp/B072XHV9ZW?tag=topinalambricos-21&linkCode=osi&th=1&psc=1","Images":{"Primary":{"Small":{"Height":75,"URL":"https://m.media-amazon.com/images/I/51pwCDTCu3L._SL75_.jpg","Width":75}}},"ItemInfo":{"ByLineInfo":{"Brand":{"DisplayValue":"URBAN 5884","Label":"Brand","Locale":"es_ES"},"Manufacturer":{"DisplayValue":"Urban Leather","Label":"Manufacturer","Locale":"es_ES"}},"Title":{"DisplayValue":"Chaqueta Moto Mujer de Cuero Urban Leather '58 LADIES' | Chaqueta Cuero Mujer | Cazadora Moto de Piel de Cordero | Armadura Removible para Espalda, Hombros y Codos Aprobada por la CE |Rojo Wax | S","Label":"Title","Locale":"es_ES"}},"Offers":{"Summaries":[{"Condition":{"Value":"New"},"LowestPrice":{"Amount":109.46,"Currency":"EUR","DisplayAmount":"109,46 €"}}]}},{"ASIN":"B09WYT1RQD","DetailPageURL":"https://www.amazon.es/dp/B09WYT1RQD?tag=topinalambricos-21&linkCode=osi&th=1&psc=1","Images":{"Primary":{"Small":{"Height":75,"URL":"https://m.media-amazon.com/images/I/416zcLPwgLL._SL75_.jpg","Width":75}}},"ItemInfo":{"ByLineInfo":{"Brand":{"DisplayValue":"COZY LS","Label":"Brand","Locale":"es_ES"},"Manufacturer":{"DisplayValue":"COZY LS","Label":"Manufacturer","Locale":"es_ES"}},"Title":{"DisplayValue":"Chaquetas De Cuero para Hombre - Estampado Ducati Nuevos Abrigos A Prueba De Viento Chaqueta De Moto Chaqueta con Cuello Levantado - Regalos para Adolescentes-C||L","Label":"Title","Locale":"es_ES"}},"Offers":{"Summaries":[{"Condition":{"Value":"New"},"LowestPrice":{"Amount":71.99,"Currency":"EUR","DisplayAmount":"71,99 €"}}]}}],"SearchURL":"https://www.amazon.es/s?k=chaqueta+triumph+cuero&rh=n%3A2425315031%2Cp_n_availability%3A-1&tag=topinalambricos-21&linkCode=osi","TotalResultCount":40}},"23":{"SearchResult":{"Items":[{"ASIN":"B07KYTDLJT","DetailPageURL":"https://www.amazon.es/dp/B07KYTDLJT?tag=topinalambricos-21&linkCode=osi&th=1&psc=1","Images":{"Primary":{"Small":{"Height":75,"URL":"https://m.media-amazon.com/images/I/41seI91mACL._SL75_.jpg","Width":56}}},"ItemInfo":{"ByLineInfo":{"Brand":{"DisplayValue":"Aviatrix","Label":"Brand","Locale":"es_ES"}},"Title":{"DisplayValue":"Aviatrix Chaqueta Biker De Cuero Autentico Para Hombre Con Cuello De Banda y Distintivos De Moto (CXUS)","Label":"Title","Locale":"es_ES"}},"Offers":{"Summaries":[{"Condition":{"Value":"New"},"LowestPrice":{"Amount":119.99,"Currency":"EUR","DisplayAmount":"119,99 €"}}]}},{"ASIN":"B0B51Z6KVF","DetailPageURL":"https://www.amazon.es/dp/B0B51Z6KVF?tag=topinalambricos-21&linkCode=osi&th=1&psc=1","Images":{"Primary":{"Small":{"Height":75,"URL":"https://m.media-amazon.com/images/I/41ZIp5gCcoL._SL75_.jpg","Width":75}}},"ItemInfo":{"ByLineInfo":{"Brand":{"DisplayValue":"SHIMA","Label":"Brand","Locale":"es_ES"},"Manufacturer":{"DisplayValue":"SHIMA","Label":"Manufacturer","Locale":"es_ES"}},"Title":{"DisplayValue":"SHIMA WINCHESTER 2.0 Chaqueta Moto Mujere | Cazadora moto hombre de cuero clásico con CE espalda, hombros, codos protecciones, reforzado costuras dobles (Negro, M)","Label":"Title","Locale":"es_ES"}},"Offers":{"Summaries":[{"Condition":{"Value":"New"},"LowestPrice":{"Amount":188.26,"Currency":"EUR","DisplayAmount":"188,26 €"}}]}},{"ASIN":"B0B37H393D","DetailPageURL":"https://www.amazon.es/dp/B0B37H393D?tag=topinalambricos-21&linkCode=osi&th=1&psc=1","Images":{"Primary":{"Small":{"Height":75,"URL":"https://m.media-amazon.com/images/I/41i9BLQKVYL._SL75_.jpg","Width":60}}},"ItemInfo":{"ByLineInfo":{"Brand":{"DisplayValue":"JACKET4U","Label":"Brand","Locale":"es_ES"},"Manufacturer":{"DisplayValue":"JACKET4U","Label":"Manufacturer","Locale":"es_ES"}},"Title":{"DisplayValue":"Chaqueta de piel para motocicleta MBJ-08A blindada CE para hombre, Negro, XL","Label":"Title","Locale":"es_ES"}},"Offers":{"Summaries":[{"Condition":{"Value":"New"},"LowestPrice":{"Amount":157.46,"Currency":"EUR","DisplayAmount":"157,46 €"}}]}},{"ASIN":"B081DJJQHW","DetailPageURL":"https://www.amazon.es/dp/B081DJJQHW?tag=topinalambricos-21&linkCode=osi&th=1&psc=1","Images":{"Primary":{"Small":{"Height":75,"URL":"https://m.media-amazon.com/images/I/419KzcO2hzL._SL75_.jpg","Width":75}}},"ItemInfo":{"ByLineInfo":{"Brand":{"DisplayValue":"Zyxformis","Label":"Brand","Locale":"es_ES"},"Manufacturer":{"DisplayValue":"Zyxformis","Label":"Manufacturer","Locale":"es_ES"}},"Title":{"DisplayValue":"Zyxformis Chaqueta de moto impermeables,Motocicleta Chaquetas a prueba de viento Equipo de protección de cuerpo completo Blindado Otoño Verano Invierno para hombres","Label":"Title","Locale":"es_ES"}},"Offers":{"Summaries":[{"Condition":{"Value":"New"},"LowestPrice":{"Amount":105.99,"Currency":"EUR","DisplayAmount":"105,99 €"}}]}},{"ASIN":"B08L3Q25Z1","DetailPageURL":"https://www.amazon.es/dp/B08L3Q25Z1?tag=topinalambricos-21&linkCode=osi&th=1&psc=1","Images":{"Primary":{"Small":{"Height":75,"URL":"https://m.media-amazon.com/images/I/41YuHB5eG7S._SL75_.jpg","Width":63}}},"ItemInfo":{"ByLineInfo":{"Brand":{"DisplayValue":"BI ESSE","Label":"Brand","Locale":"es_ES"},"Manufacturer":{"DisplayValue":"BI ESSE","Label":"Manufacturer","Locale":"es_ES"}},"Title":{"DisplayValue":"BI ESSE - Chaqueta de piel para moto, estilo vintage, con protección y chaqueta certificada (negro/blanco, M)","Label":"Title","Locale":"es_ES"}},"Offers":{"Summaries":[{"Condition":{"Value":"New"},"LowestPrice":{"Amount":129.99,"Currency":"EUR","DisplayAmount":"129,99 €"}}]}},{"ASIN":"B09XVF92TY","DetailPageURL":"https://www.amazon.es/dp/B09XVF92TY?tag=topinalambricos-21&linkCode=osi&th=1&psc=1","Images":{"Primary":{"Small":{"Height":75,"URL":"https://m.media-amazon.com/images/I/61EI-R5PxWL._SL75_.jpg","Width":57}}},"ItemInfo":{"ByLineInfo":{"Brand":{"DisplayValue":"TRY","Label":"Brand","Locale":"es_ES"},"Manufacturer":{"DisplayValue":"TRY MOTO","Label":"Manufacturer","Locale":"es_ES"}},"Title":{"DisplayValue":"TRY Moto - Chaqueta Moto Hombre - Piel - XL - Protecciones en Hombros y Codos - En Negro - De Cuero Genuino - Certificado AA - Forro Térmico Extraíble","Label":"Title","Locale":"es_ES"}},"Offers":{"Summaries":[{"Condition":{"Value":"New"},"LowestPrice":{"Amount":145.0,"Currency":"EUR","DisplayAmount":"145,00 €"}}]}},{"ASIN":"B0817G18YT","DetailPageURL":"https://www.amazon.es/dp/B0817G18YT?tag=topinalambricos-21&linkCode=osi&th=1&psc=1","Images":{"Primary":{"Small":{"Height":75,"URL":"https://m.media-amazon.com/images/I/413wmkO1GSL._SL75_.jpg","Width":75}}},"ItemInfo":{"ByLineInfo":{"Brand":{"DisplayValue":"BORLENI","Label":"Brand","Locale":"es_ES"},"Manufacturer":{"DisplayValue":"BORLENI","Label":"Manufacturer","Locale":"es_ES"}},"Title":{"DisplayValue":"BORLENI Chaqueta de moto a prueba de viento motocicleta armadura de equipo de protección otoño invierno verano para hombre de toda estaciòn","Label":"Title","Locale":"es_ES"}},"Offers":{"Summaries":[{"Condition":{"Value":"New"},"LowestPrice":{"Amount":99.99,"Currency":"EUR","DisplayAmount":"99,99 €"}}]}},{"ASIN":"B00ROD1FQO","DetailPageURL":"https://www.amazon.es/dp/B00ROD1FQO?tag=topinalambricos-21&linkCode=osi&th=1&psc=1","Images":{"Primary":{"Small":{"Height":75,"URL":"https://m.media-amazon.com/images/I/41KbZ5Yo1kL._SL75_.jpg","Width":62}}},"ItemInfo":{"ByLineInfo":{"Brand":{"DisplayValue":"RIDEX","Label":"Brand","Locale":"es_ES"},"Manufacturer":{"DisplayValue":"FAIZI FASHION LTD","Label":"Manufacturer","Locale":"es_ES"}},"Title":{"DisplayValue":"Chaqueta de motorista de Ridex para hombre CJ1, con protección, impermeable, hombre, schwarz - schwarz, extra-large","Label":"Title","Locale":"es_ES"}},"Offers":{"Summaries":[{"Condition":{"Value":"New"},"LowestPrice":{"Amount":83.0,"Currency":"EUR","DisplayAmount":"83,00 €"}}]}},{"ASIN":"B00BE4VMSK","DetailPageURL":"https://www.amazon.es/dp/B00BE4VMSK?tag=topinalambricos-21&linkCode=osi&th=1&psc=1","Images":{"Primary":{"Small":{"Height":75,"URL":"https://m.media-amazon.com/images/I/417qlvCiYML._SL75_.jpg","Width":67}}},"ItemInfo":{"ByLineInfo":{"Brand":{"DisplayValue":"Australian Bikers Gear","Label":"Brand","Locale":"es_ES"},"Manufacturer":{"DisplayValue":"Australian Bikers Gear","Label":"Manufacturer","Locale":"es_ES"}},"Title":{"DisplayValue":"Funda rígida de Trailmaster marrón encerado Diseño con chaqueta de cuero de moto de talla XL tratamiento años","Label":"Title","Locale":"es_ES"}},"Offers":{"Summaries":[{"Condition":{"Value":"New"},"LowestPrice":{"Amount":146.51,"Currency":"EUR","DisplayAmount":"146,51 €"}}]}},{"ASIN":"B09SBGV67N","DetailPageURL":"https://www.amazon.es/dp/B09SBGV67N?tag=topinalambricos-21&linkCode=osi&th=1&psc=1","Images":{"Primary":{"Small":{"Height":75,"URL":"https://m.media-amazon.com/images/I/41TrWKZvhZL._SL75_.jpg","Width":75}}},"ItemInfo":{"ByLineInfo":{"Brand":{"DisplayValue":"SHIMA","Label":"Brand","Locale":"es_ES"},"Manufacturer":{"DisplayValue":"SHIMA","Label":"Manufacturer","Locale":"es_ES"}},"Title":{"DisplayValue":"Shima WINCHESTER 2.0 Chaqueta Moto Hombre | Cazadora moto hombre de cuero clásico con CE espalda, hombros, codos protecciones, reforzado costuras dobles (Negro, M)","Label":"Title","Locale":"es_ES"}},"Offers":{"Summaries":[{"Condition":{"Value":"New"},"LowestPrice":{"Amount":202.49,"Currency":"EUR","DisplayAmount":"202,49 €"}}]}}],"SearchURL":"https://www.amazon.es/s?k=chaqueta+honda+cuero&rh=n%3A2425315031%2Cp_n_availability%3A-1&tag=topinalambricos-21&linkCode=osi","TotalResultCount":92}},"24":{"SearchResult":{"Items":[{"ASIN":"B08NK8TXP6","DetailPageURL":"https://www.amazon.es/dp/B08NK8TXP6?tag=topinalambricos-21&linkCode=osi&th=1&psc=1","Images":{"Primary":{"Small":{"Height":75,"URL":"https://m.media-amazon.com/images/I/617mYniJcML._SL75_.jpg","Width":61}}},"ItemInfo":{"ByLineInfo":{"Brand":{"DisplayValue":"LP-FACON","Label":"Brand","Locale":"es_ES"},"Manufacturer":{"DisplayValue":"LP-FACON","Label":"Manufacturer","Locale":"es_ES"}},"Title":{"DisplayValue":"LP-FACON Chaqueta de cuero vintage Cafe Racer retro para motociclista desgastada para hombre, chaqueta de cuero para hombre, chaqueta de cuero para motocicleta, hombre, Retro 2 piel sintética","Label":"Title","Locale":"es_ES"}},"Offers":{"Summaries":[{"Condition":{"Value":"New"},"LowestPrice":{"Amount":118.21,"Currency":"EUR","DisplayAmount":"118,21 €"}}]}},{"ASIN":"B08L3QBX7W","DetailPageURL":"https://www.amazon.es/dp/B08L3QBX7W?tag=topinalambricos-21&linkCode=osi&th=1&psc=1","Images":{"Primary":{"Small":{"Height":75,"URL":"https://m.media-amazon.com/images/I/41YuHB5eG7S._SL75_.jpg","Width":63}}},"ItemInfo":{"ByLineInfo":{"Brand":{"DisplayValue":"BI ESSE","Label":"Brand","Locale":"es_ES"},"Manufacturer":{"DisplayValue":"BI ESSE","Label":"Manufacturer","Locale":"es_ES"}},"Title":{"DisplayValue":"BI ESSE - Chaqueta de moto de cuero, hombre, vintage café race, completo con protecciones CE (negro/blanco, 3XL)","Label":"Title","Locale":"es_ES"}},"Offers":{"Summaries":[{"Condition":{"Value":"New"},"LowestPrice":{"Amount":129.99,"Currency":"EUR","DisplayAmount":"129,99 €"}}]}},{"ASIN":"B09C6PY4YG","DetailPageURL":"https://www.amazon.es/dp/B09C6PY4YG?tag=topinalambricos-21&linkCode=osi&th=1&psc=1","Images":{"Primary":{"Small":{"Height":75,"URL":"https://m.media-amazon.com/images/I/511MwIXYJsL._SL75_.jpg","Width":65}}},"ItemInfo":{"ByLineInfo":{"Brand":{"DisplayValue":"SCHAFSCHIL","Label":"Brand","Locale":"es_ES"}},"Title":{"DisplayValue":"Cafe Racer Brown Mens Chaqueta de cuero para hombre, chaqueta de cuero marrón vintage, chaquetas de motociclista de cuero de piel de cordero real para hombres, marrón, XS","Label":"Title","Locale":"es_ES"}},"Offers":{"Summaries":[{"Condition":{"Value":"New"},"LowestPrice":{"Amount":160.0,"Currency":"EUR","DisplayAmount":"160,00 €"}}]}},{"ASIN":"B08NWCDJ3Z","DetailPageURL":"https://www.amazon.es/dp/B08NWCDJ3Z?tag=topinalambricos-21&linkCode=osi&th=1&psc=1","Images":{"Primary":{"Small":{"Height":75,"URL":"https://m.media-amazon.com/images/I/51por4kLYJL._SL75_.jpg","Width":55}}},"ItemInfo":{"ByLineInfo":{"Brand":{"DisplayValue":"MMHKSTORE","Label":"Brand","Locale":"es_ES"}},"Title":{"DisplayValue":"Chaqueta de cuero para hombre, estilo vintage, para motociclista, color negro","Label":"Title","Locale":"es_ES"}},"Offers":{"Summaries":[{"Condition":{"Value":"New"},"LowestPrice":{"Amount":52.1,"Currency":"EUR","DisplayAmount":"52,10 €"}}]}},{"ASIN":"B0BMGLMBNT","DetailPageURL":"https://www.amazon.es/dp/B0BMGLMBNT?tag=topinalambricos-21&linkCode=osi&th=1&psc=1","Images":{"Primary":{"Small":{"Height":75,"URL":"https://m.media-amazon.com/images/I/41RzioYZaJS._SL75_.jpg","Width":65}}},"ItemInfo":{"ByLineInfo":{"Brand":{"DisplayValue":"LOVO","Label":"Brand","Locale":"es_ES"},"Manufacturer":{"DisplayValue":"LOVO","Label":"Manufacturer","Locale":"es_ES"}},"Title":{"DisplayValue":"LOVO Chaqueta vintage de cuero para moto (8XL)","Label":"Title","Locale":"es_ES"}},"Offers":{"Summaries":[{"Condition":{"Value":"New"},"LowestPrice":{"Amount":159.0,"Currency":"EUR","DisplayAmount":"159,00 €"}}]}},{"ASIN":"B08K8H3H9D","DetailPageURL":"https://www.amazon.es/dp/B08K8H3H9D?tag=topinalambricos-21&linkCode=osi&th=1&psc=1","Images":{"Primary":{"Small":{"Height":75,"URL":"https://m.media-amazon.com/images/I/415bCXLJFvL._SL75_.jpg","Width":61}}},"ItemInfo":{"ByLineInfo":{"Brand":{"DisplayValue":"BI ESSE","Label":"Brand","Locale":"es_ES"},"Manufacturer":{"DisplayValue":"BI ESSE","Label":"Manufacturer","Locale":"es_ES"}},"Title":{"DisplayValue":"BI ESSE Chaqueta de moto Naked Custom de piel vintage moto Harley Protecciones, Certificada (NERO/Naranja, 4XL)","Label":"Title","Locale":"es_ES"}},"Offers":{"Summaries":[{"Condition":{"Value":"New"},"LowestPrice":{"Amount":119.99,"Currency":"EUR","DisplayAmount":"119,99 €"}}]}},{"ASIN":"B0B2CVLKT8","DetailPageURL":"https://www.amazon.es/dp/B0B2CVLKT8?tag=topinalambricos-21&linkCode=osi&th=1&psc=1","Images":{"Primary":{"Small":{"Height":75,"URL":"https://m.media-amazon.com/images/I/413ycbXZxtL._SL75_.jpg","Width":58}}},"ItemInfo":{"ByLineInfo":{"Brand":{"DisplayValue":"LP-FACON","Label":"Brand","Locale":"es_ES"},"Manufacturer":{"DisplayValue":"LP-FACON","Label":"Manufacturer","Locale":"es_ES"}},"Title":{"DisplayValue":"LP-FACON Chaqueta de cuero para motocicleta para hombre, ajuste delgado, vintage, envejecida, atemporal, de moda, de piel auténtica, acolchada con diamantes, Piel auténtica de color negro., M","Label":"Title","Locale":"es_ES"}},"Offers":{"Summaries":[{"Condition":{"Value":"New"},"LowestPrice":{"Amount":143.92,"Currency":"EUR","DisplayAmount":"143,92 €"}}]}},{"ASIN":"B079QG6BKM","DetailPageURL":"https://www.amazon.es/dp/B079QG6BKM?tag=topinalambricos-21&linkCode=osi&th=1&psc=1","Images":{"Primary":{"Small":{"Height":75,"URL":"https://m.media-amazon.com/images/I/51bSRC-DupL._SL75_.jpg","Width":66}}},"ItemInfo":{"ByLineInfo":{"Brand":{"DisplayValue":"Red Smoke","Label":"Brand","Locale":"es_ES"}},"Title":{"DisplayValue":"Red Smoke Cafe Racer - Chaqueta de motociclista vintage de piel marrón envejecida, C. Retro 1 Cuero Real, S","Label":"Title","Locale":"es_ES"}},"Offers":{"Summaries":[{"Condition":{"Value":"New"},"LowestPrice":{"Amount":113.91,"Currency":"EUR","DisplayAmount":"113,91 €"}}]}},{"ASIN":"B09XV2XSRX","DetailPageURL":"https://www.amazon.es/dp/B09XV2XSRX?tag=topinalambricos-21&linkCode=osi&th=1&psc=1","Images":{"Primary":{"Small":{"Height":75,"URL":"https://m.media-amazon.com/images/I/41UCaT8DJ7L._SL75_.jpg","Width":75}}},"ItemInfo":{"ByLineInfo":{"Brand":{"DisplayValue":"SHIMA","Label":"Brand","Locale":"es_ES"},"Manufacturer":{"DisplayValue":"SHIMA","Label":"Manufacturer","Locale":"es_ES"}},"Title":{"DisplayValue":"SHIMA HUNTER Chaqueta Moto Hombre | Cazadora moto hombre de cuero A+ vintage ventilado con CE espalda, hombros, codos protecciones, reforzado costuras dobles (Model 2022, Marrón, XL)","Label":"Title","Locale":"es_ES"}},"Offers":{"Summaries":[{"Condition":{"Value":"New"},"LowestPrice":{"Amount":241.51,"Currency":"EUR","DisplayAmount":"241,51 €"}}]}},{"ASIN":"B08KG8T28L","DetailPageURL":"https://www.amazon.es/dp/B08KG8T28L?tag=topinalambricos-21&linkCode=osi&th=1&psc=1","Images":{"Primary":{"Small":{"Height":75,"URL":"https://m.media-amazon.com/images/I/41+lXR77vCL._SL75_.jpg","Width":60}}},"ItemInfo":{"ByLineInfo":{"Brand":{"DisplayValue":"JET","Label":"Brand","Locale":"es_ES"}},"Title":{"DisplayValue":"JET Chaqueta de Moto para Mujer, de Cuero, Vintage, Clásico, con Parches, Forro Térmico, Blindado, de Grano Completo, Suave, de Primera Calidad, Shannon - L, Negro","Label":"Title","Locale":"es_ES"}},"Offers":{"Summaries":[{"Condition":{"Value":"New"},"LowestPrice":{"Amount":110.0,"Currency":"EUR","DisplayAmount":"110,00 €"}}]}}],"SearchURL":"https://www.amazon.es/s?k=vintage+cuero&rh=n%3A2425315031%2Cp_n_availability%3A-1&tag=topinalambricos-21&linkCode=osi","TotalResultCount":1000}},"26":{"SearchResult":{"Items":[{"ASIN":"B077K4VS78","DetailPageURL":"https://www.amazon.es/dp/B077K4VS78?tag=topinalambricos-21&linkCode=osi&th=1&psc=1","Images":{"Primary":{"Small":{"Height":75,"URL":"https://m.media-amazon.com/images/I/51f0EJ8FwDL._SL75_.jpg","Width":56}}},"ItemInfo":{"ByLineInfo":{"Brand":{"DisplayValue":"Aviatrix","Label":"Brand","Locale":"es_ES"}},"Title":{"DisplayValue":"Aviatrix Hombres Cuero Autentico Clasico Aviador Piloto Chaqueta con Insignias Especiales (JWR3)","Label":"Title","Locale":"es_ES"}},"Offers":{"Summaries":[{"Condition":{"Value":"New"},"LowestPrice":{"Amount":129.99,"Currency":"EUR","DisplayAmount":"129,99 €"}}]}},{"ASIN":"B0BMZFD165","DetailPageURL":"https://www.amazon.es/dp/B0BMZFD165?tag=topinalambricos-21&linkCode=osi&th=1&psc=1","Images":{"Primary":{"Small":{"Height":75,"URL":"https://m.media-amazon.com/images/I/41JIr-hwdCL._SL75_.jpg","Width":49}}},"ItemInfo":{"ByLineInfo":{"Brand":{"DisplayValue":"Naxxramas","Label":"Brand","Locale":"es_ES"},"Manufacturer":{"DisplayValue":"Naxxramas","Label":"Manufacturer","Locale":"es_ES"}},"Title":{"DisplayValue":"Naxxramas Chaqueta de Cuero para Hombre, Traje de Motocicleta, Chaqueta de Ocio Al Aire Libre Clásico Chaqueta Moda (Rojo,L)","Label":"Title","Locale":"es_ES"}},"Offers":{"Summaries":[{"Condition":{"Value":"New"},"LowestPrice":{"Amount":59.99,"Currency":"EUR","DisplayAmount":"59,99 €"}}]}},{"ASIN":"B09FN34CK3","DetailPageURL":"https://www.amazon.es/dp/B09FN34CK3?tag=topinalambricos-21&linkCode=osi&th=1&psc=1","Images":{"Primary":{"Small":{"Height":75,"URL":"https://m.media-amazon.com/images/I/514-VrW4yRL._SL75_.jpg","Width":69}}},"ItemInfo":{"ByLineInfo":{"Brand":{"DisplayValue":"Vintagearc","Label":"Brand","Locale":"es_ES"},"Manufacturer":{"DisplayValue":"Vintagearc","Label":"Manufacturer","Locale":"es_ES"}},"Title":{"DisplayValue":"Chaqueta de cuero auténtico para hombre, con cuello de piel auténtica, aviador, piloto, aviador, cazadora de aviador G1, chaquetas de cuero de bombardero USAAF, Marrón original, M","Label":"Title","Locale":"es_ES"}},"Offers":{"Summaries":[{"Condition":{"Value":"New"},"LowestPrice":{"Amount":119.99,"Currency":"EUR","DisplayAmount":"119,99 €"}}]}},{"ASIN":"B09M9MF284","DetailPageURL":"https://www.amazon.es/dp/B09M9MF284?tag=topinalambricos-21&linkCode=osi&th=1&psc=1","Images":{"Primary":{"Small":{"Height":75,"URL":"https://m.media-amazon.com/images/I/51fhiQCqwEL._SL75_.jpg","Width":75}}},"ItemInfo":{"ByLineInfo":{"Brand":{"DisplayValue":"NUSGEAR","Label":"Brand","Locale":"es_ES"}},"Title":{"DisplayValue":"NUSGEAR 2022 Hombres Chaqueta de Cuero,Invierno Espesar Cuero de la Piel Chaqueta de béisbol Forro de lana Abrigo de solapa Impermeable a Prueba de Viento Ropa de moto Talla grande PU cremallera","Label":"Title","Locale":"es_ES"}},"Offers":{"Summaries":[{"Condition":{"Value":"New"},"LowestPrice":{"Amount":30.99,"Currency":"EUR","DisplayAmount":"30,99 €"}}]}},{"ASIN":"B08VMX5BL1","DetailPageURL":"https://www.amazon.es/dp/B08VMX5BL1?tag=topinalambricos-21&linkCode=osi&th=1&psc=1","Images":{"Primary":{"Small":{"Height":75,"URL":"https://m.media-amazon.com/images/I/41UNe93hWGL._SL75_.jpg","Width":75}}},"ItemInfo":{"ByLineInfo":{"Brand":{"DisplayValue":"Zerimar","Label":"Brand","Locale":"es_ES"},"Manufacturer":{"DisplayValue":"Zerimar","Label":"Manufacturer","Locale":"es_ES"}},"Title":{"DisplayValue":"Zerimar Chaqueta Cazadora Hombre Cuero | Cazadora Aviador | Chaqueta Casual para Hombre | Cazadora Elegante Hombre Piel | Chaqueta Vestir Hombre | Color: Marron Talla M","Label":"Title","Locale":"es_ES"}},"Offers":{"Summaries":[{"Condition":{"Value":"New"},"LowestPrice":{"Amount":299.99,"Currency":"EUR","DisplayAmount":"299,99 €"}}]}},{"ASIN":"B07TDMZVY3","DetailPageURL":"https://www.amazon.es/dp/B07TDMZVY3?tag=topinalambricos-21&linkCode=osi&th=1&psc=1","Images":{"Primary":{"Small":{"Height":75,"URL":"https://m.media-amazon.com/images/I/41Dw5lFtjfL._SL75_.jpg","Width":56}}},"ItemInfo":{"ByLineInfo":{"Brand":{"DisplayValue":"Aviatrix","Label":"Brand","Locale":"es_ES"}},"Title":{"DisplayValue":"Aviatrix Hombres Ultra Estiloso Cuero Auténtico Chaqueta De Campo Militar Moda (ZGOK)","Label":"Title","Locale":"es_ES"}},"Offers":{"Summaries":[{"Condition":{"Value":"New"},"LowestPrice":{"Amount":129.99,"Currency":"EUR","DisplayAmount":"129,99 €"}}]}},{"ASIN":"B00F0F7KU8","DetailPageURL":"https://www.amazon.es/dp/B00F0F7KU8?tag=topinalambricos-21&linkCode=osi&th=1&psc=1","Images":{"Primary":{"Small":{"Height":75,"URL":"https://m.media-amazon.com/images/I/41tSTthLIiL._SL75_.jpg","Width":57}}},"ItemInfo":{"ByLineInfo":{"Brand":{"DisplayValue":"Schott","Label":"Brand","Locale":"es_ES"},"Manufacturer":{"DisplayValue":"SCHOTT","Label":"Manufacturer","Locale":"es_ES"}},"Title":{"DisplayValue":"Schott Hombre Lc930d Chaqueta Not Applicable, Marrón (Brown), (Talla del Fabricante: Large)","Label":"Title","Locale":"es_ES"}},"Offers":{"Summaries":[{"Condition":{"Value":"New"},"LowestPrice":{"Amount":195.68,"Currency":"EUR","DisplayAmount":"195,68 €"}}]}},{"ASIN":"B086H52QV9","DetailPageURL":"https://www.amazon.es/dp/B086H52QV9?tag=topinalambricos-21&linkCode=osi&th=1&psc=1","Images":{"Primary":{"Small":{"Height":75,"URL":"https://m.media-amazon.com/images/I/41PIPGSlH8L._SL75_.jpg","Width":56}}},"ItemInfo":{"ByLineInfo":{"Brand":{"DisplayValue":"Aviatrix","Label":"Brand","Locale":"es_ES"}},"Title":{"DisplayValue":"Aviatrix Chaqueta de Aviador Piloto de Cuero Real para Hombre (6MFE)","Label":"Title","Locale":"es_ES"}},"Offers":{"Summaries":[{"Condition":{"Value":"New"},"LowestPrice":{"Amount":119.99,"Currency":"EUR","DisplayAmount":"119,99 €"}}]}},{"ASIN":"B083P277NR","DetailPageURL":"https://www.amazon.es/dp/B083P277NR?tag=topinalambricos-21&linkCode=osi&th=1&psc=1","Images":{"Primary":{"Small":{"Height":75,"URL":"https://m.media-amazon.com/images/I/41wAk5EnI7L._SL75_.jpg","Width":56}}},"ItemInfo":{"ByLineInfo":{"Brand":{"DisplayValue":"Aviatrix","Label":"Brand","Locale":"es_ES"}},"Title":{"DisplayValue":"Aviatrix Hombres Muy Estiloso Diseñador Cuero Auténtico Chaqueta De Moda Moto (D4EN)","Label":"Title","Locale":"es_ES"}},"Offers":{"Summaries":[{"Condition":{"Value":"New"},"LowestPrice":{"Amount":119.99,"Currency":"EUR","DisplayAmount":"119,99 €"}}]}},{"ASIN":"B07X91TT3X","DetailPageURL":"https://www.amazon.es/dp/B07X91TT3X?tag=topinalambricos-21&linkCode=osi&th=1&psc=1","Images":{"Primary":{"Small":{"Height":75,"URL":"https://m.media-amazon.com/images/I/51pkLMKBDWL._SL75_.jpg","Width":66}}},"ItemInfo":{"ByLineInfo":{"Brand":{"DisplayValue":"FLAVOR","Label":"Brand","Locale":"es_ES"},"Manufacturer":{"DisplayValue":"FLAVOR","Label":"Manufacturer","Locale":"es_ES"}},"Title":{"DisplayValue":"FLAVOR Chaqueta bomber de piel auténtica para hombre con cuello de piel extraíble (L, Marrón)","Label":"Title","Locale":"es_ES"}},"Offers":{"Summaries":[{"Condition":{"Value":"New"},"LowestPrice":{"Amount":189.99,"Currency":"EUR","DisplayAmount":"189,99 €"}}]}}],"SearchURL":"https://www.amazon.es/s?k=chaqueta+cuero+aviador&rh=p_n_availability%3A-1&tag=topinalambricos-21&linkCode=osi","TotalResultCount":306}},"27":{"SearchResult":{"Items":[{"ASIN":"B09SD529LQ","DetailPageURL":"https://www.amazon.es/dp/B09SD529LQ?tag=topinalambricos-21&linkCode=osi&th=1&psc=1","Images":{"Primary":{"Small":{"Height":75,"URL":"https://m.media-amazon.com/images/I/51iG2gpHScL._SL75_.jpg","Width":75}}},"ItemInfo":{"ByLineInfo":{"Brand":{"DisplayValue":"BFSGBFNTMD","Label":"Brand","Locale":"es_ES"}},"Title":{"DisplayValue":"BFSGBFNTMD Chaqueta Vaquera De Primavera Y OtoñO para Hombre, Chaqueta Vaquera Informal De AlgodóN, Chaqueta Vaquera para Hombre, Navy Blue, XL","Label":"Title","Locale":"es_ES"}},"Offers":{"Summaries":[{"Condition":{"Value":"New"},"LowestPrice":{"Amount":29.97,"Currency":"EUR","DisplayAmount":"29,97 €"}}]}},{"ASIN":"B08BHZZCLN","DetailPageURL":"https://www.amazon.es/dp/B08BHZZCLN?tag=topinalambricos-21&linkCode=osi&th=1&psc=1","Images":{"Primary":{"Small":{"Height":75,"URL":"https://m.media-amazon.com/images/I/41K0Z9fxrlL._SL75_.jpg","Width":75}}},"ItemInfo":{"ByLineInfo":{"Brand":{"DisplayValue":"ALPHA CYCLE GEAR","Label":"Brand","Locale":"es_ES"},"Manufacturer":{"DisplayValue":"ACG","Label":"Manufacturer","Locale":"es_ES"}},"Title":{"DisplayValue":"Alpha,Chaqueta de motocicleta de piel negra con armadura para hombre, chaqueta de motociclista para hombre de Brando Cafe Racer para hombre, mediana,negro","Label":"Title","Locale":"es_ES"}},"Offers":{"Summaries":[{"Condition":{"Value":"New"},"LowestPrice":{"Amount":99.99,"Currency":"EUR","DisplayAmount":"99,99 €"}}]}},{"ASIN":"B09M42QBSD","DetailPageURL":"https://www.amazon.es/dp/B09M42QBSD?tag=topinalambricos-21&linkCode=osi&th=1&psc=1","Images":{"Primary":{"Small":{"Height":75,"URL":"https://m.media-amazon.com/images/I/41wdXDeEMcL._SL75_.jpg","Width":75}}},"ItemInfo":{"ByLineInfo":{"Brand":{"DisplayValue":"NUSGEAR","Label":"Brand","Locale":"es_ES"}},"Title":{"DisplayValue":"2022 Hombres Chaqueta de Cuero,Invierno Otoño Moda Chaqueta de béisbol Abrigo de Pieles Talla grande Coincidencia solapa Casual Cuello alto Chaqueta Impermeable a Prueba de Viento PU Ropa de moto","Label":"Title","Locale":"es_ES"}},"Offers":{"Summaries":[{"Condition":{"Value":"New"},"LowestPrice":{"Amount":55.99,"Currency":"EUR","DisplayAmount":"55,99 €"}}]}},{"ASIN":"B09W64Z679","DetailPageURL":"https://www.amazon.es/dp/B09W64Z679?tag=topinalambricos-21&linkCode=osi&th=1&psc=1","Images":{"Primary":{"Small":{"Height":75,"URL":"https://m.media-amazon.com/images/I/41927QpeCqL._SL75_.jpg","Width":75}}},"ItemInfo":{"ByLineInfo":{"Brand":{"DisplayValue":"Zerimar","Label":"Brand","Locale":"es_ES"},"Manufacturer":{"DisplayValue":"Zerimar","Label":"Manufacturer","Locale":"es_ES"}},"Title":{"DisplayValue":"Zerimar Chaqueta Heavy Piel | Chaqueta Hombre Cuero | Cazadora Heavy Hombre | Chaqueta Hombre Invierno | Cazadoras Hombre | Color Negro Talla M","Label":"Title","Locale":"es_ES"}},"Offers":{"Summaries":[{"Condition":{"Value":"New"},"LowestPrice":{"Amount":169.99,"Currency":"EUR","DisplayAmount":"169,99 €"}}]}},{"ASIN":"B07DXRV17H","DetailPageURL":"https://www.amazon.es/dp/B07DXRV17H?tag=topinalambricos-21&linkCode=osi&th=1&psc=1","Images":{"Primary":{"Small":{"Height":75,"URL":"https://m.media-amazon.com/images/I/41Sc0lG6S6L._SL75_.jpg","Width":56}}},"ItemInfo":{"ByLineInfo":{"Brand":{"DisplayValue":"Redbridge","Label":"Brand","Locale":"es_ES"}},"Title":{"DisplayValue":"Redbridge Chaqueta de Hombres Cuero Sintético Moda Casual Negro L","Label":"Title","Locale":"es_ES"}},"Offers":{"Summaries":[{"Condition":{"Value":"New"},"LowestPrice":{"Amount":69.9,"Currency":"EUR","DisplayAmount":"69,90 €"}}]}},{"ASIN":"B09V7QD3V6","DetailPageURL":"https://www.amazon.es/dp/B09V7QD3V6?tag=topinalambricos-21&linkCode=osi&th=1&psc=1","Images":{"Primary":{"Small":{"Height":75,"URL":"https://m.media-amazon.com/images/I/41927QpeCqL._SL75_.jpg","Width":75}}},"ItemInfo":{"ByLineInfo":{"Brand":{"DisplayValue":"Zerimar","Label":"Brand","Locale":"es_ES"},"Manufacturer":{"DisplayValue":"Zerimar","Label":"Manufacturer","Locale":"es_ES"}},"Title":{"DisplayValue":"Zerimar Chaqueta Heavy Piel | Chaqueta Hombre Cuero | Cazadora Heavy Hombre | Chaqueta Hombre Invierno | Cazadoras Hombre | Color Negro Talla L","Label":"Title","Locale":"es_ES"}},"Offers":{"Summaries":[{"Condition":{"Value":"New"},"LowestPrice":{"Amount":169.99,"Currency":"EUR","DisplayAmount":"169,99 €"}}]}},{"ASIN":"B086V9VCHS","DetailPageURL":"https://www.amazon.es/dp/B086V9VCHS?tag=topinalambricos-21&linkCode=osi&th=1&psc=1","Images":{"Primary":{"Small":{"Height":75,"URL":"https://m.media-amazon.com/images/I/41yAQ9E0RRL._SL75_.jpg","Width":53}}},"ItemInfo":{"ByLineInfo":{"Brand":{"DisplayValue":"Glam and Gloria","Label":"Brand","Locale":"es_ES"}},"Title":{"DisplayValue":"Glam and Gloria Chaqueta de piel sintética para mujer, color morado morado 38","Label":"Title","Locale":"es_ES"}},"Offers":{"Summaries":[{"Condition":{"Value":"New"},"LowestPrice":{"Amount":69.9,"Currency":"EUR","DisplayAmount":"69,90 €"}}]}},{"ASIN":"B09CTCKM5Z","DetailPageURL":"https://www.amazon.es/dp/B09CTCKM5Z?tag=topinalambricos-21&linkCode=osi&th=1&psc=1","Images":{"Primary":{"Small":{"Height":75,"URL":"https://m.media-amazon.com/images/I/41dVvoFDNVL._SL75_.jpg","Width":75}}},"ItemInfo":{"ByLineInfo":{"Brand":{"DisplayValue":"LSSM","Label":"Brand","Locale":"es_ES"}},"Title":{"DisplayValue":"LSSM Chaqueta De Cuero De Longitud Media Para Hombre Chaqueta De Hombre Con Gabardina De Cuero Pu Chaqueta De ImitacióN De Cuero Para Hombre Con Capucha Chaqueta Casual Naranja Xxl","Label":"Title","Locale":"es_ES"}},"Offers":{"Summaries":[{"Condition":{"Value":"New"},"LowestPrice":{"Amount":39.0,"Currency":"EUR","DisplayAmount":"39,00 €"}}]}},{"ASIN":"B06XFXR9M6","DetailPageURL":"https://www.amazon.es/dp/B06XFXR9M6?tag=topinalambricos-21&linkCode=osi&th=1&psc=1","Images":{"Primary":{"Small":{"Height":75,"URL":"https://m.media-amazon.com/images/I/41S87Nd9oML._SL75_.jpg","Width":56}}},"ItemInfo":{"ByLineInfo":{"Brand":{"DisplayValue":"Aviatrix","Label":"Brand","Locale":"es_ES"}},"Title":{"DisplayValue":"Aviatrix Chaqueta Biker para Hombre con Cinturon En Piel De Vacuno Real O Piel De Oveja Autentica (N2KG)","Label":"Title","Locale":"es_ES"}},"Offers":{"Summaries":[{"Condition":{"Value":"New"},"LowestPrice":{"Amount":105.4,"Currency":"EUR","DisplayAmount":"105,40 €"}}]}},{"ASIN":"B00JFYFOTO","DetailPageURL":"https://www.amazon.es/dp/B00JFYFOTO?tag=topinalambricos-21&linkCode=osi&th=1&psc=1","Images":{"Primary":{"Small":{"Height":75,"URL":"https://m.media-amazon.com/images/I/51v-j7sZnfL._SL75_.jpg","Width":60}}},"ItemInfo":{"ByLineInfo":{"Brand":{"DisplayValue":"Redbridge","Label":"Brand","Locale":"es_ES"}},"Title":{"DisplayValue":"Red Bridge Hombres Chaqueta Cuero Sintético Transición Acanalada Moda Casuales Algodón Jacket","Label":"Title","Locale":"es_ES"}},"Offers":{"Summaries":[{"Condition":{"Value":"New"},"LowestPrice":{"Amount":69.9,"Currency":"EUR","DisplayAmount":"69,90 €"}}]}}],"SearchURL":"https://www.amazon.es/s?k=chaqueta+cuero+heavy&rh=p_n_availability%3A-1&tag=topinalambricos-21&linkCode=osi","TotalResultCount":306}},"28":{"SearchResult":{"Items":[{"ASIN":"B09TSK9XR5","DetailPageURL":"https://www.amazon.es/dp/B09TSK9XR5?tag=topinalambricos-21&linkCode=osi&th=1&psc=1","Images":{"Primary":{"Small":{"Height":75,"URL":"https://m.media-amazon.com/images/I/515vfe2EtZL._SL75_.jpg","Width":75}}},"ItemInfo":{"ByLineInfo":{"Brand":{"DisplayValue":"Newellsail","Label":"Brand","Locale":"es_ES"},"Manufacturer":{"DisplayValue":"Newellsail","Label":"Manufacturer","Locale":"es_ES"}},"Title":{"DisplayValue":"Newellsail Cinturón de Remache Cinturón Punk de Cuero PU Gótico con Tachuelas de Pirámide para Mujeres y Hombres Accesorios de Ropa Gótica (Negro)","Label":"Title","Locale":"es_ES"}},"Offers":{"Summaries":[{"Condition":{"Value":"New"},"LowestPrice":{"Amount":13.99,"Currency":"EUR","DisplayAmount":"13,99 €"}}]}},{"ASIN":"B0B9KF2C6Z","DetailPageURL":"https://www.amazon.es/dp/B0B9KF2C6Z?tag=topinalambricos-21&linkCode=osi&th=1&psc=1","Images":{"Primary":{"Small":{"Height":75,"URL":"https://m.media-amazon.com/images/I/51LrU4t52eL._SL75_.jpg","Width":75}}},"ItemInfo":{"ByLineInfo":{"Brand":{"DisplayValue":"SARGE","Label":"Brand","Locale":"es_ES"},"Manufacturer":{"DisplayValue":"SARGE","Label":"Manufacturer","Locale":"es_ES"}},"Title":{"DisplayValue":"Abrigos de cuero pu suave con cuentas de remaches, chaqueta de cuero con grafiti de dibujos animados para mujer, chaquetas recortadas de Punk Rock, prendas de vestir exteriores de cuero de imitación","Label":"Title","Locale":"es_ES"}},"Offers":{"Summaries":[{"Condition":{"Value":"New"},"LowestPrice":{"Amount":102.63,"Currency":"EUR","DisplayAmount":"102,63 €"}}]}},{"ASIN":"B0BC68TXQD","DetailPageURL":"https://www.amazon.es/dp/B0BC68TXQD?tag=topinalambricos-21&linkCode=osi&th=1&psc=1","Images":{"Primary":{"Small":{"Height":75,"URL":"https://m.media-amazon.com/images/I/417vO1-XfLL._SL75_.jpg","Width":75}}},"ItemInfo":{"ByLineInfo":{"Brand":{"DisplayValue":"SARGE","Label":"Brand","Locale":"es_ES"},"Manufacturer":{"DisplayValue":"SARGE","Label":"Manufacturer","Locale":"es_ES"}},"Title":{"DisplayValue":"SARGE Chaqueta de Cuero Steampunk para Hombre, Gabardina gótica Punk Rave Militar, Prendas de Vestir largas, Cosplay Negro de Talla Grande, Novedad de 2022","Label":"Title","Locale":"es_ES"}},"Offers":{"Summaries":[{"Condition":{"Value":"New"},"LowestPrice":{"Amount":83.29,"Currency":"EUR","DisplayAmount":"83,29 €"}}]}},{"ASIN":"B06WLJZV3Z","DetailPageURL":"https://www.amazon.es/dp/B06WLJZV3Z?tag=topinalambricos-21&linkCode=osi&th=1&psc=1","Images":{"Primary":{"Small":{"Height":65,"URL":"https://m.media-amazon.com/images/I/41ma+8N9rRL._SL75_.jpg","Width":75}}},"ItemInfo":{"ByLineInfo":{"Brand":{"DisplayValue":"Bohmberg","Label":"Brand","Locale":"es_ES"},"Manufacturer":{"DisplayValue":"Bohmberg","Label":"Manufacturer","Locale":"es_ES"}},"Title":{"DisplayValue":"Bohmberg Premium Chaqueta de cuero para mujer - Cuero real-para motociclistas-cuero pesado - M","Label":"Title","Locale":"es_ES"}},"Offers":{"Summaries":[{"Condition":{"Value":"New"},"LowestPrice":{"Amount":169.9,"Currency":"EUR","DisplayAmount":"169,90 €"}}]}},{"ASIN":"B0B9KDKWRQ","DetailPageURL":"https://www.amazon.es/dp/B0B9KDKWRQ?tag=topinalambricos-21&linkCode=osi&th=1&psc=1","Images":{"Primary":{"Small":{"Height":75,"URL":"https://m.media-amazon.com/images/I/41GCbHIQxhL._SL75_.jpg","Width":75}}},"ItemInfo":{"ByLineInfo":{"Brand":{"DisplayValue":"SARGE","Label":"Brand","Locale":"es_ES"},"Manufacturer":{"DisplayValue":"SARGE","Label":"Manufacturer","Locale":"es_ES"}},"Title":{"DisplayValue":"SARGE 2022 Nueva Chaqueta de Cuero de piloto de Motocicleta Moda Hombres diseñador Punk Viento Cremallera Oblicua diseño Hombres Chaqueta de Cuero Abrigo","Label":"Title","Locale":"es_ES"}},"Offers":{"Summaries":[{"Condition":{"Value":"New"},"LowestPrice":{"Amount":99.0,"Currency":"EUR","DisplayAmount":"99,00 €"}}]}},{"ASIN":"B09LVLZW4H","DetailPageURL":"https://www.amazon.es/dp/B09LVLZW4H?tag=topinalambricos-21&linkCode=osi&th=1&psc=1","Images":{"Primary":{"Small":{"Height":75,"URL":"https://m.media-amazon.com/images/I/41gbxIMv3EL._SL75_.jpg","Width":75}}},"ItemInfo":{"ByLineInfo":{"Brand":{"DisplayValue":"NUSGEAR","Label":"Brand","Locale":"es_ES"}},"Title":{"DisplayValue":"Hombres Chaqueta de Cuero,Otoño Invierno Espesar Cuero de la Chaqueta de béisbol Largo Cuello alto Abrigo de Pieles Coincidencia de colores Chaqueta Impermeable a Prueba de Viento Ropa de moto PU","Label":"Title","Locale":"es_ES"}},"Offers":{"Summaries":[{"Condition":{"Value":"New"},"LowestPrice":{"Amount":77.99,"Currency":"EUR","DisplayAmount":"77,99 €"}}]}},{"ASIN":"B0BDRZ3Q7B","DetailPageURL":"https://www.amazon.es/dp/B0BDRZ3Q7B?tag=topinalambricos-21&linkCode=osi&th=1&psc=1","Images":{"Primary":{"Small":{"Height":75,"URL":"https://m.media-amazon.com/images/I/41jFuDzZVaS._SL75_.jpg","Width":75}}},"ItemInfo":{"ByLineInfo":{"Brand":{"DisplayValue":"SARGE","Label":"Brand","Locale":"es_ES"},"Manufacturer":{"DisplayValue":"SARGE","Label":"Manufacturer","Locale":"es_ES"}},"Title":{"DisplayValue":"SARGE ¡Novedad de otoño 2022! Abrigo Corto de Cuero Estilo Callejero con Estampado de Letras y Remaches para Mujer, Chaqueta de Piel sintética,   Prendas de Vestir Punk","Label":"Title","Locale":"es_ES"}},"Offers":{"Summaries":[{"Condition":{"Value":"New"},"LowestPrice":{"Amount":66.6,"Currency":"EUR","DisplayAmount":"66,60 €"}}]}},{"ASIN":"B07Y3MSGLS","DetailPageURL":"https://www.amazon.es/dp/B07Y3MSGLS?tag=topinalambricos-21&linkCode=osi&th=1&psc=1","Images":{"Primary":{"Small":{"Height":75,"URL":"https://m.media-amazon.com/images/I/41u+ci5hO9L._SL75_.jpg","Width":75}}},"ItemInfo":{"ByLineInfo":{"Brand":{"DisplayValue":"riou","Label":"Brand","Locale":"es_ES"}},"Title":{"DisplayValue":"riou Mujeres Chaqueta de Motor Abrigo Cremallera Biker Short Punk Tops Cortos Chaqueta Cuero Capa Jacket Parka Pullover Adolescentes Chicas Outwear Cortas","Label":"Title","Locale":"es_ES"}},"Offers":{"Summaries":[{"Condition":{"Value":"New"},"LowestPrice":{"Amount":17.14,"Currency":"EUR","DisplayAmount":"17,14 €"}}]}},{"ASIN":"B08736SQLP","DetailPageURL":"https://www.amazon.es/dp/B08736SQLP?tag=topinalambricos-21&linkCode=osi&th=1&psc=1","Images":{"Primary":{"Small":{"Height":75,"URL":"https://m.media-amazon.com/images/I/51nX7EhUJ1L._SL75_.jpg","Width":65}}},"ItemInfo":{"ByLineInfo":{"Brand":{"DisplayValue":"MDM","Label":"Brand","Locale":"es_ES"}},"Title":{"DisplayValue":"Chaqueta de piel estilo rockero, estilo punk Negro XXXXXL","Label":"Title","Locale":"es_ES"}},"Offers":{"Summaries":[{"Condition":{"Value":"New"},"LowestPrice":{"Amount":149.99,"Currency":"EUR","DisplayAmount":"149,99 €"}}]}},{"ASIN":"B0759LVR2Z","DetailPageURL":"https://www.amazon.es/dp/B0759LVR2Z?tag=topinalambricos-21&linkCode=osi&th=1&psc=1","Images":{"Primary":{"Small":{"Height":75,"URL":"https://m.media-amazon.com/images/I/51TjZOtKNxL._SL75_.jpg","Width":60}}},"ItemInfo":{"ByLineInfo":{"Brand":{"DisplayValue":"Quge","Label":"Brand","Locale":"es_ES"}},"Title":{"DisplayValue":"Quge Hombre Chaqueta Cuero de Imitación Delgado Chaqueta de Moto Chaquetas de Punk Negro L","Label":"Title","Locale":"es_ES"}},"Offers":{"Summaries":[{"Condition":{"Value":"New"},"LowestPrice":{"Amount":45.72,"Currency":"EUR","DisplayAmount":"45,72 €"}}]}}],"SearchURL":"https://www.amazon.es/s?k=chaqueta+cuero+punk&rh=p_n_availability%3A-1&tag=topinalambricos-21&linkCode=osi","TotalResultCount":306}},"29":{"SearchResult":{"Items":[{"ASIN":"B09369KGS8","DetailPageURL":"https://www.amazon.es/dp/B09369KGS8?tag=topinalambricos-21&linkCode=osi&th=1&psc=1","Images":{"Primary":{"Small":{"Height":75,"URL":"https://m.media-amazon.com/images/I/51mVygcA1gL._SL75_.jpg","Width":75}}},"ItemInfo":{"ByLineInfo":{"Brand":{"DisplayValue":"Zenhhrpt","Label":"Brand","Locale":"es_ES"},"Manufacturer":{"DisplayValue":"Zenhhrpt","Label":"Manufacturer","Locale":"es_ES"}},"Title":{"DisplayValue":"Sons Of Anarchy/Chaleco Punk Rock de cuero bordado disfraz de Cosplay Color negro chaleco sin mangas de motocicleta chaqueta para hombre","Label":"Title","Locale":"es_ES"}},"Offers":{"Summaries":[{"Condition":{"Value":"New"},"LowestPrice":{"Amount":55.56,"Currency":"EUR","DisplayAmount":"55,56 €"}}]}},{"ASIN":"B09RQX8F6Q","DetailPageURL":"https://www.amazon.es/dp/B09RQX8F6Q?tag=topinalambricos-21&linkCode=osi&th=1&psc=1","Images":{"Primary":{"Small":{"Height":75,"URL":"https://m.media-amazon.com/images/I/41zdak4QBjL._SL75_.jpg","Width":75}}},"ItemInfo":{"ByLineInfo":{"Brand":{"DisplayValue":"Tarix Apparel","Label":"Brand","Locale":"es_ES"}},"Title":{"DisplayValue":"Tarix Fashions Sons of Anarchy - Chaqueta de piel sintética negra con capucha para hombre, Negro, XL","Label":"Title","Locale":"es_ES"}},"Offers":{"Summaries":[{"Condition":{"Value":"New"},"LowestPrice":{"Amount":83.86,"Currency":"EUR","DisplayAmount":"83,86 €"}}]}},{"ASIN":"B07SSXS7WT","DetailPageURL":"https://www.amazon.es/dp/B07SSXS7WT?tag=topinalambricos-21&linkCode=osi&th=1&psc=1","Images":{"Primary":{"Small":{"Height":75,"URL":"https://m.media-amazon.com/images/I/41zdak4QBjL._SL75_.jpg","Width":75}}},"ItemInfo":{"ByLineInfo":{"Brand":{"DisplayValue":"EU Fashions","Label":"Brand","Locale":"es_ES"}},"Title":{"DisplayValue":"Sons of Anarchy Highway Chaqueta de cuero sintético con capucha negra, Negro - Cuero sintético para hombre, L","Label":"Title","Locale":"es_ES"}},"Offers":{"Summaries":[{"Condition":{"Value":"New"},"LowestPrice":{"Amount":109.12,"Currency":"EUR","DisplayAmount":"109,12 €"}}]}},{"ASIN":"B015FIV8WA","DetailPageURL":"https://www.amazon.es/dp/B015FIV8WA?tag=topinalambricos-21&linkCode=osi&th=1&psc=1","Images":{"Primary":{"Small":{"Height":75,"URL":"https://m.media-amazon.com/images/I/41JIWb3bWYL._SL75_.jpg","Width":61}}},"ItemInfo":{"ByLineInfo":{"Brand":{"DisplayValue":"Red Smoke","Label":"Brand","Locale":"es_ES"}},"Title":{"DisplayValue":"Chaqueta con capucha para hombre, piel sintética, diseño de Sons of Anarchy, color negro","Label":"Title","Locale":"es_ES"}},"Offers":{"Summaries":[{"Condition":{"Value":"New"},"LowestPrice":{"Amount":85.0,"Currency":"EUR","DisplayAmount":"85,00 €"}}]}},{"ASIN":"B0BG1NWWKN","DetailPageURL":"https://www.amazon.es/dp/B0BG1NWWKN?tag=topinalambricos-21&linkCode=osi&th=1&psc=1","Images":{"Primary":{"Small":{"Height":74,"URL":"https://m.media-amazon.com/images/I/51Fxi-CPTML._SL75_.jpg","Width":75}}},"ItemInfo":{"ByLineInfo":{"Brand":{"DisplayValue":"HAOZAILIN","Label":"Brand","Locale":"es_ES"},"Manufacturer":{"DisplayValue":"HAOZAILIN","Label":"Manufacturer","Locale":"es_ES"}},"Title":{"DisplayValue":"HAOZAILIN Sudadera con Cremallera Vertical para Hombre, Chaqueta con Capucha Y Estampado De Sons of Anarchy, Cárdigan De Manga Larga, Tops con Capucha, Suéter, Abrigos, Primavera Y Otoño-Black||3XL","Label":"Title","Locale":"es_ES"}},"Offers":{"Summaries":[{"Condition":{"Value":"New"},"LowestPrice":{"Amount":46.99,"Currency":"EUR","DisplayAmount":"46,99 €"}}]}},{"ASIN":"B09TFC6JY1","DetailPageURL":"https://www.amazon.es/dp/B09TFC6JY1?tag=topinalambricos-21&linkCode=osi&th=1&psc=1","Images":{"Primary":{"Small":{"Height":75,"URL":"https://m.media-amazon.com/images/I/41Dchdm4izL._SL75_.jpg","Width":75}}},"ItemInfo":{"ByLineInfo":{"Brand":{"DisplayValue":"BABQ-TYUJ","Label":"Brand","Locale":"es_ES"},"Manufacturer":{"DisplayValue":"BABQ-TYUJ","Label":"Manufacturer","Locale":"es_ES"}},"Title":{"DisplayValue":"Sudadera con capucha de Sherpa para hombre, chaqueta cárdigan con cremallera y estampado de Anarchy Sons, suéter con capucha informal, parte superior cálida de invierno(Color:Mysterious Gray,Size:X","Label":"Title","Locale":"es_ES"}},"Offers":{"Summaries":[{"Condition":{"Value":"New"},"LowestPrice":{"Amount":58.13,"Currency":"EUR","DisplayAmount":"58,13 €"}}]}},{"ASIN":"B09MTN1GYC","DetailPageURL":"https://www.amazon.es/dp/B09MTN1GYC?tag=topinalambricos-21&linkCode=osi&th=1&psc=1","Images":{"Primary":{"Small":{"Height":75,"URL":"https://m.media-amazon.com/images/I/41eAi4V0T0L._SL75_.jpg","Width":75}}},"ItemInfo":{"ByLineInfo":{"Brand":{"DisplayValue":"LYANXI","Label":"Brand","Locale":"es_ES"},"Manufacturer":{"DisplayValue":"renwoxing","Label":"Manufacturer","Locale":"es_ES"}},"Title":{"DisplayValue":"LYANXI Sudadera con Capucha para Hombre - 3D Sons of Anarchy Impreso Invierno Cálido para Adolescentes Chaquetas de Lana Chaqueta de Punto con Cremallera Completa-A||XL","Label":"Title","Locale":"es_ES"}},"Offers":{"Summaries":[{"Condition":{"Value":"New"},"LowestPrice":{"Amount":52.79,"Currency":"EUR","DisplayAmount":"52,79 €"}}]}},{"ASIN":"B09PKFZS8H","DetailPageURL":"https://www.amazon.es/dp/B09PKFZS8H?tag=topinalambricos-21&linkCode=osi&th=1&psc=1","Images":{"Primary":{"Small":{"Height":75,"URL":"https://m.media-amazon.com/images/I/51Rj1WJoHZL._SL75_.jpg","Width":52}}},"ItemInfo":{"ByLineInfo":{"Brand":{"DisplayValue":"Tarix Fashions","Label":"Brand","Locale":"es_ES"}},"Title":{"DisplayValue":"Tarix Fashions Chaleco de piel auténtica para hombre de Sons of Anarchy Highway negro, Cuero De Imitación, S","Label":"Title","Locale":"es_ES"}},"Offers":{"Summaries":[{"Condition":{"Value":"New"},"LowestPrice":{"Amount":81.41,"Currency":"EUR","DisplayAmount":"81,41 €"}}]}},{"ASIN":"B0B46VNDWP","DetailPageURL":"https://www.amazon.es/dp/B0B46VNDWP?tag=topinalambricos-21&linkCode=osi&th=1&psc=1","Images":{"Primary":{"Small":{"Height":75,"URL":"https://m.media-amazon.com/images/I/41F1oDbEJHL._SL75_.jpg","Width":64}}},"ItemInfo":{"ByLineInfo":{"Brand":{"DisplayValue":"SPURZE","Label":"Brand","Locale":"es_ES"}},"Title":{"DisplayValue":"Chaqueta de motociclista para hombre Sons of Anarchy SOA Jax Teller Charlie Hunnam Highway | Chaleco SOA para hombre, Negro - Chaleco de piel auténtica, XXL","Label":"Title","Locale":"es_ES"}},"Offers":{"Summaries":[{"Condition":{"Value":"New"},"LowestPrice":{"Amount":89.21,"Currency":"EUR","DisplayAmount":"89,21 €"}}]}},{"ASIN":"B0B8SX2QXM","DetailPageURL":"https://www.amazon.es/dp/B0B8SX2QXM?tag=topinalambricos-21&linkCode=osi&th=1&psc=1","Images":{"Primary":{"Small":{"Height":75,"URL":"https://m.media-amazon.com/images/I/51xwCshjZFL._SL75_.jpg","Width":75}}},"ItemInfo":{"ByLineInfo":{"Brand":{"DisplayValue":"LP-FACON","Label":"Brand","Locale":"es_ES"},"Manufacturer":{"DisplayValue":"LP-FACON","Label":"Manufacturer","Locale":"es_ES"}},"Title":{"DisplayValue":"Sons of Anarchy Anarchy Highway - Chaqueta de motociclista de piel negra para hombre, Piel sintética de color negro., L","Label":"Title","Locale":"es_ES"}},"Offers":{"Summaries":[{"Condition":{"Value":"New"},"LowestPrice":{"Amount":123.54,"Currency":"EUR","DisplayAmount":"123,54 €"}}]}}],"SearchURL":"https://www.amazon.es/s?k=chaqueta+sons+of+anarchy&rh=p_n_availability%3A-1&tag=topinalambricos-21&linkCode=osi","TotalResultCount":306}},"30":{"SearchResult":{"Items":[{"ASIN":"B00JFYFOTO","DetailPageURL":"https://www.amazon.es/dp/B00JFYFOTO?tag=topinalambricos-21&linkCode=osi&th=1&psc=1","Images":{"Primary":{"Small":{"Height":75,"URL":"https://m.media-amazon.com/images/I/51v-j7sZnfL._SL75_.jpg","Width":60}}},"ItemInfo":{"ByLineInfo":{"Brand":{"DisplayValue":"Redbridge","Label":"Brand","Locale":"es_ES"}},"Title":{"DisplayValue":"Red Bridge Hombres Chaqueta Cuero Sintético Transición Acanalada Moda Casuales Algodón Jacket","Label":"Title","Locale":"es_ES"}},"Offers":{"Summaries":[{"Condition":{"Value":"New"},"LowestPrice":{"Amount":69.9,"Currency":"EUR","DisplayAmount":"69,90 €"}}]}},{"ASIN":"B07JZXLYZB","DetailPageURL":"https://www.amazon.es/dp/B07JZXLYZB?tag=topinalambricos-21&linkCode=osi&th=1&psc=1","Images":{"Primary":{"Small":{"Height":75,"URL":"https://m.media-amazon.com/images/I/41nDglY76rL._SL75_.jpg","Width":57}}},"ItemInfo":{"ByLineInfo":{"Brand":{"DisplayValue":"Jack & Jones","Label":"Brand","Locale":"es_ES"},"Manufacturer":{"DisplayValue":"JACK & JONES","Label":"Manufacturer","Locale":"es_ES"}},"Title":{"DisplayValue":"Jack & Jones Jjerocky Jacket Noos Chaqueta, Negro, M para Hombre","Label":"Title","Locale":"es_ES"}},"Offers":{"Summaries":[{"Condition":{"Value":"New"},"LowestPrice":{"Amount":34.79,"Currency":"EUR","DisplayAmount":"34,79 €"}}]}},{"ASIN":"B0788RNPS1","DetailPageURL":"https://www.amazon.es/dp/B0788RNPS1?tag=topinalambricos-21&linkCode=osi&th=1&psc=1","Images":{"Primary":{"Small":{"Height":75,"URL":"https://m.media-amazon.com/images/I/514-xNO13+L._SL75_.jpg","Width":56}}},"ItemInfo":{"ByLineInfo":{"Brand":{"DisplayValue":"Aviatrix","Label":"Brand","Locale":"es_ES"}},"Title":{"DisplayValue":"Aviatrix Hombres Cuero Autentico Especial Retro Moda Chaqueta (4W9C)","Label":"Title","Locale":"es_ES"}},"Offers":{"Summaries":[{"Condition":{"Value":"New"},"LowestPrice":{"Amount":129.99,"Currency":"EUR","DisplayAmount":"129,99 €"}}]}},{"ASIN":"B07DXMCJW7","DetailPageURL":"https://www.amazon.es/dp/B07DXMCJW7?tag=topinalambricos-21&linkCode=osi&th=1&psc=1","Images":{"Primary":{"Small":{"Height":75,"URL":"https://m.media-amazon.com/images/I/41Sc0lG6S6L._SL75_.jpg","Width":56}}},"ItemInfo":{"ByLineInfo":{"Brand":{"DisplayValue":"Redbridge","Label":"Brand","Locale":"es_ES"}},"Title":{"DisplayValue":"Redbridge Chaqueta de Hombres Cuero Sintético Moda Casual Negro M","Label":"Title","Locale":"es_ES"}},"Offers":{"Summaries":[{"Condition":{"Value":"New"},"LowestPrice":{"Amount":69.9,"Currency":"EUR","DisplayAmount":"69,90 €"}}]}},{"ASIN":"B079QG6BKM","DetailPageURL":"https://www.amazon.es/dp/B079QG6BKM?tag=topinalambricos-21&linkCode=osi&th=1&psc=1","Images":{"Primary":{"Small":{"Height":75,"URL":"https://m.media-amazon.com/images/I/51bSRC-DupL._SL75_.jpg","Width":66}}},"ItemInfo":{"ByLineInfo":{"Brand":{"DisplayValue":"Red Smoke","Label":"Brand","Locale":"es_ES"}},"Title":{"DisplayValue":"Red Smoke Cafe Racer - Chaqueta de motociclista vintage de piel marrón envejecida, C. Retro 1 Cuero Real, S","Label":"Title","Locale":"es_ES"}},"Offers":{"Summaries":[{"Condition":{"Value":"New"},"LowestPrice":{"Amount":113.91,"Currency":"EUR","DisplayAmount":"113,91 €"}}]}},{"ASIN":"B0838NYKM9","DetailPageURL":"https://www.amazon.es/dp/B0838NYKM9?tag=topinalambricos-21&linkCode=osi&th=1&psc=1","Images":{"Primary":{"Small":{"Height":75,"URL":"https://m.media-amazon.com/images/I/41tJg+Y5+tL._SL75_.jpg","Width":57}}},"ItemInfo":{"ByLineInfo":{"Brand":{"DisplayValue":"Jack & Jones","Label":"Brand","Locale":"es_ES"},"Manufacturer":{"DisplayValue":"Jack & Jones NOS","Label":"Manufacturer","Locale":"es_ES"}},"Title":{"DisplayValue":"Jack and Jones Hombre Chaqueta College Ligera con Cremallera Negro M","Label":"Title","Locale":"es_ES"}},"Offers":{"Summaries":[{"Condition":{"Value":"New"},"LowestPrice":{"Amount":25.0,"Currency":"EUR","DisplayAmount":"25,00 €"}},{"Condition":{"Value":"Used"},"LowestPrice":{"Amount":27.53,"Currency":"EUR","DisplayAmount":"27,53 €"}}]}},{"ASIN":"B09LVLZW4H","DetailPageURL":"https://www.amazon.es/dp/B09LVLZW4H?tag=topinalambricos-21&linkCode=osi&th=1&psc=1","Images":{"Primary":{"Small":{"Height":75,"URL":"https://m.media-amazon.com/images/I/41gbxIMv3EL._SL75_.jpg","Width":75}}},"ItemInfo":{"ByLineInfo":{"Brand":{"DisplayValue":"NUSGEAR","Label":"Brand","Locale":"es_ES"}},"Title":{"DisplayValue":"Hombres Chaqueta de Cuero,Otoño Invierno Espesar Cuero de la Chaqueta de béisbol Largo Cuello alto Abrigo de Pieles Coincidencia de colores Chaqueta Impermeable a Prueba de Viento Ropa de moto PU","Label":"Title","Locale":"es_ES"}},"Offers":{"Summaries":[{"Condition":{"Value":"New"},"LowestPrice":{"Amount":77.99,"Currency":"EUR","DisplayAmount":"77,99 €"}}]}},{"ASIN":"B081VK8142","DetailPageURL":"https://www.amazon.es/dp/B081VK8142?tag=topinalambricos-21&linkCode=osi&th=1&psc=1","Images":{"Primary":{"Small":{"Height":75,"URL":"https://m.media-amazon.com/images/I/414r470gXuL._SL75_.jpg","Width":75}}},"ItemInfo":{"ByLineInfo":{"Brand":{"DisplayValue":"Hanyixue_Blusa de hombres","Label":"Brand","Locale":"es_ES"},"Manufacturer":{"DisplayValue":"Hanyixue","Label":"Manufacturer","Locale":"es_ES"}},"Title":{"DisplayValue":"Hombre Chaquetas Moto Talla Grande Sudaderas con Capucha Deportes Casual Manga Larga Abrigo Cuero Cremallera Vintage Otoño Invierno Blusa Top chándales Hanyixue","Label":"Title","Locale":"es_ES"}},"Offers":{"Summaries":[{"Condition":{"Value":"New"},"LowestPrice":{"Amount":50.99,"Currency":"EUR","DisplayAmount":"50,99 €"}}]}},{"ASIN":"B07KKKFK2M","DetailPageURL":"https://www.amazon.es/dp/B07KKKFK2M?tag=topinalambricos-21&linkCode=osi&th=1&psc=1","Images":{"Primary":{"Small":{"Height":75,"URL":"https://m.media-amazon.com/images/I/41VWGoKa9dL._SL75_.jpg","Width":56}}},"ItemInfo":{"ByLineInfo":{"Brand":{"DisplayValue":"Redbridge","Label":"Brand","Locale":"es_ES"},"Manufacturer":{"DisplayValue":"Redbridge","Label":"Manufacturer","Locale":"es_ES"}},"Title":{"DisplayValue":"Redbridge Chaqueta de imitación de cuero para hombre con capucha Negro XL","Label":"Title","Locale":"es_ES"}},"Offers":{"Summaries":[{"Condition":{"Value":"New"},"LowestPrice":{"Amount":139.65,"Currency":"EUR","DisplayAmount":"139,65 €"}}]}},{"ASIN":"B0792RG2HY","DetailPageURL":"https://www.amazon.es/dp/B0792RG2HY?tag=topinalambricos-21&linkCode=osi&th=1&psc=1","Images":{"Primary":{"Small":{"Height":75,"URL":"https://m.media-amazon.com/images/I/512ibt19W4L._SL75_.jpg","Width":58}}},"ItemInfo":{"ByLineInfo":{"Brand":{"DisplayValue":"FLAVOR","Label":"Brand","Locale":"es_ES"},"Manufacturer":{"DisplayValue":"FLAVOR","Label":"Manufacturer","Locale":"es_ES"}},"Title":{"DisplayValue":"FLAVOR Chaqueta para Hombre De Cuero Auténtico Capucha Desmontable (XL, Marrón)","Label":"Title","Locale":"es_ES"}},"Offers":{"Summaries":[{"Condition":{"Value":"New"},"LowestPrice":{"Amount":169.99,"Currency":"EUR","DisplayAmount":"169,99 €"}}]}}],"SearchURL":"https://www.amazon.es/s?k=chaqueta+cuero+lobezno&rh=p_n_availability%3A-1&tag=topinalambricos-21&linkCode=osi","TotalResultCount":59}},"32":{"SearchResult":{"Items":[{"ASIN":"B07PVPTSZQ","DetailPageURL":"https://www.amazon.es/dp/B07PVPTSZQ?tag=topinalambricos-21&linkCode=osi&th=1&psc=1","Images":{"Primary":{"Small":{"Height":75,"URL":"https://m.media-amazon.com/images/I/41pzt42pnXL._SL75_.jpg","Width":56}}},"ItemInfo":{"ByLineInfo":{"Brand":{"DisplayValue":"Aviatrix","Label":"Brand","Locale":"es_ES"}},"Title":{"DisplayValue":"Aviatrix Chaqueta Cuero Genuino de la Mujer (X5QE)","Label":"Title","Locale":"es_ES"}},"Offers":{"Summaries":[{"Condition":{"Value":"New"},"LowestPrice":{"Amount":99.99,"Currency":"EUR","DisplayAmount":"99,99 €"}}]}},{"ASIN":"B09XB3K6JY","DetailPageURL":"https://www.amazon.es/dp/B09XB3K6JY?tag=topinalambricos-21&linkCode=osi&th=1&psc=1","Images":{"Primary":{"Small":{"Height":75,"URL":"https://m.media-amazon.com/images/I/410fHVd+JyL._SL75_.jpg","Width":75}}},"ItemInfo":{"ByLineInfo":{"Brand":{"DisplayValue":"YYNUDA","Label":"Brand","Locale":"es_ES"},"Manufacturer":{"DisplayValue":"YYNUDA","Label":"Manufacturer","Locale":"es_ES"}},"Title":{"DisplayValue":"YYNUDA Chaqueta de Cuero Sintética corta para Mujer Estilo Vintage （Rojo XL）","Label":"Title","Locale":"es_ES"}},"Offers":{"Summaries":[{"Condition":{"Value":"New"},"LowestPrice":{"Amount":53.59,"Currency":"EUR","DisplayAmount":"53,59 €"}}]}},{"ASIN":"B01MTGDOPG","DetailPageURL":"https://www.amazon.es/dp/B01MTGDOPG?tag=topinalambricos-21&linkCode=osi&th=1&psc=1","Images":{"Primary":{"Small":{"Height":75,"URL":"https://m.media-amazon.com/images/I/41QbzsqaIPL._SL75_.jpg","Width":56}}},"ItemInfo":{"ByLineInfo":{"Brand":{"DisplayValue":"Aviatrix","Label":"Brand","Locale":"es_ES"}},"Title":{"DisplayValue":"Aviatrix Cuero Real Corta Chaqueta De Motociclista Cabida De Las Mujeres (CRD9)","Label":"Title","Locale":"es_ES"}},"Offers":{"Summaries":[{"Condition":{"Value":"New"},"LowestPrice":{"Amount":89.99,"Currency":"EUR","DisplayAmount":"89,99 €"}}]}},{"ASIN":"B099NCM9Y2","DetailPageURL":"https://www.amazon.es/dp/B099NCM9Y2?tag=topinalambricos-21&linkCode=osi&th=1&psc=1","Images":{"Primary":{"Small":{"Height":75,"URL":"https://m.media-amazon.com/images/I/41ESZitoRAS._SL75_.jpg","Width":54}}},"ItemInfo":{"ByLineInfo":{"Brand":{"DisplayValue":"FLYCHEN","Label":"Brand","Locale":"es_ES"}},"Title":{"DisplayValue":"FLYCHEN Mujer Chaqueta Cuero Sintético Biker Chaqueta Saco Blazer Leather Jacket Chaqueta para Mujer Chaqueta con cremallera, Rojo, 2XL","Label":"Title","Locale":"es_ES"}},"Offers":{"Summaries":[{"Condition":{"Value":"New"},"LowestPrice":{"Amount":38.99,"Currency":"EUR","DisplayAmount":"38,99 €"}}]}},{"ASIN":"B09ZF4JFJQ","DetailPageURL":"https://www.amazon.es/dp/B09ZF4JFJQ?tag=topinalambricos-21&linkCode=osi&th=1&psc=1","Images":{"Primary":{"Small":{"Height":75,"URL":"https://m.media-amazon.com/images/I/41sIHA8ZU5L._SL75_.jpg","Width":75}}},"ItemInfo":{"ByLineInfo":{"Brand":{"DisplayValue":"Zerimar","Label":"Brand","Locale":"es_ES"},"Manufacturer":{"DisplayValue":"Zerimar","Label":"Manufacturer","Locale":"es_ES"}},"Title":{"DisplayValue":"Zerimar Chaqueta Cazadora Piel Mujer | Chaqueta Elegante Mujer | Cazadora Mujer | Chaqueta Casual para Mujer | Cazadora Cuero | Color Rojo Talla L","Label":"Title","Locale":"es_ES"}},"Offers":{"Summaries":[{"Condition":{"Value":"New"},"LowestPrice":{"Amount":199.99,"Currency":"EUR","DisplayAmount":"199,99 €"}}]}},{"ASIN":"B086JS6FJ9","DetailPageURL":"https://www.amazon.es/dp/B086JS6FJ9?tag=topinalambricos-21&linkCode=osi&th=1&psc=1","Images":{"Primary":{"Small":{"Height":75,"URL":"https://m.media-amazon.com/images/I/41qhYmY5TiL._SL75_.jpg","Width":57}}},"ItemInfo":{"ByLineInfo":{"Brand":{"DisplayValue":"BELLIVERA","Label":"Brand","Locale":"es_ES"}},"Title":{"DisplayValue":"BELLIVERA Chaqueta para Mujer de Cuero PU con Cremallera Bolsillo Primavera y Otoño Motocicleta Corta Chaqueta 53 Rojo M","Label":"Title","Locale":"es_ES"}},"Offers":{"Summaries":[{"Condition":{"Value":"New"},"LowestPrice":{"Amount":62.99,"Currency":"EUR","DisplayAmount":"62,99 €"}}]}},{"ASIN":"B09VMDYFB4","DetailPageURL":"https://www.amazon.es/dp/B09VMDYFB4?tag=topinalambricos-21&linkCode=osi&th=1&psc=1","Images":{"Primary":{"Small":{"Height":75,"URL":"https://m.media-amazon.com/images/I/413lRY1tb6L._SL75_.jpg","Width":57}}},"ItemInfo":{"ByLineInfo":{"Brand":{"DisplayValue":"Freaky Nation","Label":"Brand","Locale":"es_ES"},"Manufacturer":{"DisplayValue":"Freaky Nation","Label":"Manufacturer","Locale":"es_ES"}},"Title":{"DisplayValue":"Freaky Nation Lieke-fn Chaqueta de Cuero, Rojo Artisanal, S para Mujer","Label":"Title","Locale":"es_ES"}},"Offers":{"Summaries":[{"Condition":{"Value":"Used"},"LowestPrice":{"Amount":116.2,"Currency":"EUR","DisplayAmount":"116,20 €"}},{"Condition":{"Value":"New"},"LowestPrice":{"Amount":201.95,"Currency":"EUR","DisplayAmount":"201,95 €"}}]}},{"ASIN":"B08H5GNXYS","DetailPageURL":"https://www.amazon.es/dp/B08H5GNXYS?tag=topinalambricos-21&linkCode=osi&th=1&psc=1","Images":{"Primary":{"Small":{"Height":75,"URL":"https://m.media-amazon.com/images/I/41fdx9++jUL._SL75_.jpg","Width":75}}},"ItemInfo":{"ByLineInfo":{"Brand":{"DisplayValue":"Kaiyei","Label":"Brand","Locale":"es_ES"}},"Title":{"DisplayValue":"Kaiyei Chaquetas de PU Cuero Sintetico Mujer Slim Fit Talla Grande Cuello Alto Primavera Otoño Manga Larga Elegante Jacket Cortas Cazadora Biker con Cremalleras Rojo 4XL","Label":"Title","Locale":"es_ES"}},"Offers":{"Summaries":[{"Condition":{"Value":"New"},"LowestPrice":{"Amount":34.86,"Currency":"EUR","DisplayAmount":"34,86 €"}}]}},{"ASIN":"B07XXMY2D3","DetailPageURL":"https://www.amazon.es/dp/B07XXMY2D3?tag=topinalambricos-21&linkCode=osi&th=1&psc=1","Images":{"Primary":{"Small":{"Height":75,"URL":"https://m.media-amazon.com/images/I/41pr1p4cNFL._SL75_.jpg","Width":60}}},"ItemInfo":{"ByLineInfo":{"Brand":{"DisplayValue":"Shaoyao","Label":"Brand","Locale":"es_ES"}},"Title":{"DisplayValue":"Mujer Vintage Solapa Chaquetas De Cuero Sintético Abrigo Cazadora Bike Chaqueta De Moto Rojo M","Label":"Title","Locale":"es_ES"}},"Offers":{"Summaries":[{"Condition":{"Value":"New"},"LowestPrice":{"Amount":34.59,"Currency":"EUR","DisplayAmount":"34,59 €"}}]}},{"ASIN":"B01HZQ0CHW","DetailPageURL":"https://www.amazon.es/dp/B01HZQ0CHW?tag=topinalambricos-21&linkCode=osi&th=1&psc=1","Images":{"Primary":{"Small":{"Height":75,"URL":"https://m.media-amazon.com/images/I/41-jbwththL._SL75_.jpg","Width":49}}},"ItemInfo":{"ByLineInfo":{"Brand":{"DisplayValue":"Urban Leather","Label":"Brand","Locale":"es_ES"},"Manufacturer":{"DisplayValue":"Ur Leather","Label":"Manufacturer","Locale":"es_ES"}},"Title":{"DisplayValue":"Urban Leather Corto Biker - Chaqueta de piel, Mujer, rojo, xxx-large","Label":"Title","Locale":"es_ES"}},"Offers":{"Summaries":[{"Condition":{"Value":"Used"},"LowestPrice":{"Amount":74.03,"Currency":"EUR","DisplayAmount":"74,03 €"}},{"Condition":{"Value":"New"},"LowestPrice":{"Amount":146.5,"Currency":"EUR","DisplayAmount":"146,50 €"}}]}}],"SearchURL":"https://www.amazon.es/s?k=cuero+rojo&rh=n%3A3074298031%2Cp_n_availability%3A-1&tag=topinalambricos-21&linkCode=osi","TotalResultCount":514}},"33":{"SearchResult":{"Items":[{"ASIN":"B09PXJLMB9","DetailPageURL":"https://www.amazon.es/dp/B09PXJLMB9?tag=topinalambricos-21&linkCode=osi&th=1&psc=1","Images":{"Primary":{"Small":{"Height":75,"URL":"https://m.media-amazon.com/images/I/41XWoCH0GkL._SL75_.jpg","Width":57}}},"ItemInfo":{"ByLineInfo":{"Brand":{"DisplayValue":"Naf Naf","Label":"Brand","Locale":"es_ES"},"Manufacturer":{"DisplayValue":"Naf Naf","Label":"Manufacturer","Locale":"es_ES"}},"Title":{"DisplayValue":"Naf Naf Chaqueta de Piel, Negro, 40 para Mujer","Label":"Title","Locale":"es_ES"}},"Offers":{"Summaries":[{"Condition":{"Value":"New"},"LowestPrice":{"Amount":120.67,"Currency":"EUR","DisplayAmount":"120,67 €"}},{"Condition":{"Value":"Used"},"LowestPrice":{"Amount":97.27,"Currency":"EUR","DisplayAmount":"97,27 €"}}]}},{"ASIN":"B09DT1L185","DetailPageURL":"https://www.amazon.es/dp/B09DT1L185?tag=topinalambricos-21&linkCode=osi&th=1&psc=1","Images":{"Primary":{"Small":{"Height":75,"URL":"https://m.media-amazon.com/images/I/31svO7gjs6L._SL75_.jpg","Width":56}}},"ItemInfo":{"ByLineInfo":{"Brand":{"DisplayValue":"JJXX","Label":"Brand","Locale":"es_ES"},"Manufacturer":{"DisplayValue":"Bestseller A/S","Label":"Manufacturer","Locale":"es_ES"}},"Title":{"DisplayValue":"JJXX Jxgail Faux Leather Biker Jacket Noos Chaqueta de Cuero sinttico, Negro, M para Mujer","Label":"Title","Locale":"es_ES"}},"Offers":{"Summaries":[{"Condition":{"Value":"New"},"LowestPrice":{"Amount":47.9,"Currency":"EUR","DisplayAmount":"47,90 €"}}]}},{"ASIN":"B09PXL5S4P","DetailPageURL":"https://www.amazon.es/dp/B09PXL5S4P?tag=topinalambricos-21&linkCode=osi&th=1&psc=1","Images":{"Primary":{"Small":{"Height":75,"URL":"https://m.media-amazon.com/images/I/41XWoCH0GkL._SL75_.jpg","Width":57}}},"ItemInfo":{"ByLineInfo":{"Brand":{"DisplayValue":"Naf Naf","Label":"Brand","Locale":"es_ES"},"Manufacturer":{"DisplayValue":"Naf Naf","Label":"Manufacturer","Locale":"es_ES"}},"Title":{"DisplayValue":"Naf Naf Chaqueta de Piel, Negro, 42 para Mujer","Label":"Title","Locale":"es_ES"}},"Offers":{"Summaries":[{"Condition":{"Value":"New"},"LowestPrice":{"Amount":102.26,"Currency":"EUR","DisplayAmount":"102,26 €"}}]}},{"ASIN":"B09PXQKW43","DetailPageURL":"https://www.amazon.es/dp/B09PXQKW43?tag=topinalambricos-21&linkCode=osi&th=1&psc=1","Images":{"Primary":{"Small":{"Height":75,"URL":"https://m.media-amazon.com/images/I/41+iSXHggOL._SL75_.jpg","Width":57}}},"ItemInfo":{"ByLineInfo":{"Brand":{"DisplayValue":"Naf Naf","Label":"Brand","Locale":"es_ES"},"Manufacturer":{"DisplayValue":"Naf Naf","Label":"Manufacturer","Locale":"es_ES"}},"Title":{"DisplayValue":"Naf Naf Chaqueta de Piel, Negro, 44 para Mujer","Label":"Title","Locale":"es_ES"}},"Offers":{"Summaries":[{"Condition":{"Value":"New"},"LowestPrice":{"Amount":75.52,"Currency":"EUR","DisplayAmount":"75,52 €"}}]}},{"ASIN":"B07XFCMB95","DetailPageURL":"https://www.amazon.es/dp/B07XFCMB95?tag=topinalambricos-21&linkCode=osi&th=1&psc=1","Images":{"Primary":{"Small":{"Height":75,"URL":"https://m.media-amazon.com/images/I/417h+pJB5qL._SL75_.jpg","Width":75}}},"ItemInfo":{"ByLineInfo":{"Brand":{"DisplayValue":"Vero Moda","Label":"Brand","Locale":"es_ES"},"Manufacturer":{"DisplayValue":"Vero Moda NOS","Label":"Manufacturer","Locale":"es_ES"}},"Title":{"DisplayValue":"Vero Moda Vmkerriultra Short Coated Jacket Noos Chaqueta, Negro (Black Black), S para Mujer","Label":"Title","Locale":"es_ES"}},"Offers":{"Summaries":[{"Condition":{"Value":"New"},"LowestPrice":{"Amount":42.76,"Currency":"EUR","DisplayAmount":"42,76 €"}}]}},{"ASIN":"B085MSQMP4","DetailPageURL":"https://www.amazon.es/dp/B085MSQMP4?tag=topinalambricos-21&linkCode=osi&th=1&psc=1","Images":{"Primary":{"Small":{"Height":75,"URL":"https://m.media-amazon.com/images/I/413OPcuPr2L._SL75_.jpg","Width":57}}},"ItemInfo":{"ByLineInfo":{"Brand":{"DisplayValue":"ONLY Carmakoma","Label":"Brand","Locale":"es_ES"},"Manufacturer":{"DisplayValue":"ONLY Carmakoma","Label":"Manufacturer","Locale":"es_ES"}},"Title":{"DisplayValue":"ONLY Carmakoma Carrobber Faux Leather Jacket Noos Chaqueta de Cuero, Negro, 44 para Mujer","Label":"Title","Locale":"es_ES"}},"Offers":{"Summaries":[{"Condition":{"Value":"New"},"LowestPrice":{"Amount":41.49,"Currency":"EUR","DisplayAmount":"41,49 €"}}]}},{"ASIN":"B0BS41R6CV","DetailPageURL":"https://www.amazon.es/dp/B0BS41R6CV?tag=topinalambricos-21&linkCode=osi&th=1&psc=1","Images":{"Primary":{"Small":{"Height":75,"URL":"https://m.media-amazon.com/images/I/41qrVcXkq3L._SL75_.jpg","Width":51}}},"ItemInfo":{"ByLineInfo":{"Brand":{"DisplayValue":"KOROSHI MANIAKS GRAPHIC DESIGN TM","Label":"Brand","Locale":"es_ES"}},"Title":{"DisplayValue":"Koroshi Chaqueta Cazadora Cuero sintético Cuello Mao Color Negro para Mujer, de Color Negro, Talla S","Label":"Title","Locale":"es_ES"}},"Offers":{"Summaries":[{"Condition":{"Value":"New"},"LowestPrice":{"Amount":49.99,"Currency":"EUR","DisplayAmount":"49,99 €"}}]}},{"ASIN":"B085MSZFFM","DetailPageURL":"https://www.amazon.es/dp/B085MSZFFM?tag=topinalambricos-21&linkCode=osi&th=1&psc=1","Images":{"Primary":{"Small":{"Height":75,"URL":"https://m.media-amazon.com/images/I/413OPcuPr2L._SL75_.jpg","Width":57}}},"ItemInfo":{"ByLineInfo":{"Brand":{"DisplayValue":"ONLY Carmakoma","Label":"Brand","Locale":"es_ES"},"Manufacturer":{"DisplayValue":"ONLY Carmakoma","Label":"Manufacturer","Locale":"es_ES"}},"Title":{"DisplayValue":"ONLY Carmakoma Carrobber Faux Leather Jacket Noos Chaqueta de Cuero, Negro, 48 para Mujer","Label":"Title","Locale":"es_ES"}},"Offers":{"Summaries":[{"Condition":{"Value":"New"},"LowestPrice":{"Amount":41.49,"Currency":"EUR","DisplayAmount":"41,49 €"}}]}},{"ASIN":"B092DTRVWT","DetailPageURL":"https://www.amazon.es/dp/B092DTRVWT?tag=topinalambricos-21&linkCode=osi&th=1&psc=1","Images":{"Primary":{"Small":{"Height":75,"URL":"https://m.media-amazon.com/images/I/316tQwLA76L._SL75_.jpg","Width":75}}},"ItemInfo":{"ByLineInfo":{"Brand":{"DisplayValue":"Freaky Nation","Label":"Brand","Locale":"es_ES"},"Manufacturer":{"DisplayValue":"Freaky Nation","Label":"Manufacturer","Locale":"es_ES"}},"Title":{"DisplayValue":"Freaky Nation My Luck-fn Chaqueta de Cuero, Negro, XXL para Mujer","Label":"Title","Locale":"es_ES"}},"Offers":{"Summaries":[{"Condition":{"Value":"New"},"LowestPrice":{"Amount":82.71,"Currency":"EUR","DisplayAmount":"82,71 €"}}]}},{"ASIN":"B0866GZLQN","DetailPageURL":"https://www.amazon.es/dp/B0866GZLQN?tag=topinalambricos-21&linkCode=osi&th=1&psc=1","Images":{"Primary":{"Small":{"Height":75,"URL":"https://m.media-amazon.com/images/I/41NpapniIJL._SL75_.jpg","Width":57}}},"ItemInfo":{"ByLineInfo":{"Brand":{"DisplayValue":"Morgan","Label":"Brand","Locale":"es_ES"},"Manufacturer":{"DisplayValue":"Morgan","Label":"Manufacturer","Locale":"es_ES"}},"Title":{"DisplayValue":"Morgan PU Grainé Grammo Chaqueta de Cuero de imitación, Negro, T42 para Mujer","Label":"Title","Locale":"es_ES"}},"Offers":{"Summaries":[{"Condition":{"Value":"New"},"LowestPrice":{"Amount":48.48,"Currency":"EUR","DisplayAmount":"48,48 €"}}]}}],"SearchURL":"https://www.amazon.es/s?k=cuero+negro&rh=n%3A3074298031%2Cp_n_availability%3A-1&tag=topinalambricos-21&linkCode=osi","TotalResultCount":696}},"34":{"SearchResult":{"Items":[{"ASIN":"B0BQX2ZTHQ","DetailPageURL":"https://www.amazon.es/dp/B0BQX2ZTHQ?tag=topinalambricos-21&linkCode=osi&th=1&psc=1","Images":{"Primary":{"Small":{"Height":75,"URL":"https://m.media-amazon.com/images/I/41PVXMQs46L._SL75_.jpg","Width":51}}},"ItemInfo":{"ByLineInfo":{"Brand":{"DisplayValue":"KOROSHI MANIAKS GRAPHIC DESIGN TM","Label":"Brand","Locale":"es_ES"}},"Title":{"DisplayValue":"Koroshi Chaqueta Cazadora Cuero sintético con Cuello Mao para Mujer, de Color Marrón, Talla XXL","Label":"Title","Locale":"es_ES"}},"Offers":{"Summaries":[{"Condition":{"Value":"New"},"LowestPrice":{"Amount":49.99,"Currency":"EUR","DisplayAmount":"49,99 €"}}]}},{"ASIN":"B09ZB76D9B","DetailPageURL":"https://www.amazon.es/dp/B09ZB76D9B?tag=topinalambricos-21&linkCode=osi&th=1&psc=1","Images":{"Primary":{"Small":{"Height":75,"URL":"https://m.media-amazon.com/images/I/41TKr7IW4VL._SL75_.jpg","Width":56}}},"ItemInfo":{"ByLineInfo":{"Brand":{"DisplayValue":"Only","Label":"Brand","Locale":"es_ES"},"Manufacturer":{"DisplayValue":"Bestseller A/S","Label":"Manufacturer","Locale":"es_ES"}},"Title":{"DisplayValue":"Only Onlgemma Otw Noos-Biker de Piel sintética Chaqueta, Nogal, 42 para Mujer","Label":"Title","Locale":"es_ES"}},"Offers":{"Summaries":[{"Condition":{"Value":"New"},"LowestPrice":{"Amount":45.0,"Currency":"EUR","DisplayAmount":"45,00 €"}}]}},{"ASIN":"B09L1NPNS5","DetailPageURL":"https://www.amazon.es/dp/B09L1NPNS5?tag=topinalambricos-21&linkCode=osi&th=1&psc=1","Images":{"Primary":{"Small":{"Height":75,"URL":"https://m.media-amazon.com/images/I/41xG2OhGPsL._SL75_.jpg","Width":56}}},"ItemInfo":{"ByLineInfo":{"Brand":{"DisplayValue":"Only","Label":"Brand","Locale":"es_ES"},"Manufacturer":{"DisplayValue":"Bestseller A/S","Label":"Manufacturer","Locale":"es_ES"}},"Title":{"DisplayValue":"Only Onlava-Biker de Piel sintética Otw Noos Chaqueta, Marrón (Tigers Eye), 36 para Mujer","Label":"Title","Locale":"es_ES"}},"Offers":{"Summaries":[{"Condition":{"Value":"New"},"LowestPrice":{"Amount":40.0,"Currency":"EUR","DisplayAmount":"40,00 €"}}]}},{"ASIN":"B00DVI6RHS","DetailPageURL":"https://www.amazon.es/dp/B00DVI6RHS?tag=topinalambricos-21&linkCode=osi&th=1&psc=1","Images":{"Primary":{"Small":{"Height":75,"URL":"https://m.media-amazon.com/images/I/41-HHYIikWL._SL75_.jpg","Width":60}}},"ItemInfo":{"ByLineInfo":{"Brand":{"DisplayValue":"Only","Label":"Brand","Locale":"es_ES"},"Contributors":[{"Locale":"es_ES","Name":"Only","Role":"Diseñador","RoleType":"designer"}],"Manufacturer":{"DisplayValue":"Bestseller A/S","Label":"Manufacturer","Locale":"es_ES"}},"Title":{"DisplayValue":"Only Bandit PU Biker Chaqueta, Marrón (Cognac), 38 (M) para Mujer","Label":"Title","Locale":"es_ES"}},"Offers":{"Summaries":[{"Condition":{"Value":"New"},"LowestPrice":{"Amount":30.0,"Currency":"EUR","DisplayAmount":"30,00 €"}}]}},{"ASIN":"B09999JYPG","DetailPageURL":"https://www.amazon.es/dp/B09999JYPG?tag=topinalambricos-21&linkCode=osi&th=1&psc=1","Images":{"Primary":{"Small":{"Height":75,"URL":"https://m.media-amazon.com/images/I/41vG07krYyL._SL75_.jpg","Width":60}}},"ItemInfo":{"ByLineInfo":{"Brand":{"DisplayValue":"Desigual","Label":"Brand","Locale":"es_ES"},"Manufacturer":{"DisplayValue":"Desigual","Label":"Manufacturer","Locale":"es_ES"}},"Title":{"DisplayValue":"Desigual Chaq_mar Chaqueta de Cuero sintético, marrón, XXL para Mujer","Label":"Title","Locale":"es_ES"}},"Offers":{"Summaries":[{"Condition":{"Value":"New"},"LowestPrice":{"Amount":83.47,"Currency":"EUR","DisplayAmount":"83,47 €"}}]}},{"ASIN":"B01GA55LK2","DetailPageURL":"https://www.amazon.es/dp/B01GA55LK2?tag=topinalambricos-21&linkCode=osi&th=1&psc=1","Images":{"Primary":{"Small":{"Height":75,"URL":"https://m.media-amazon.com/images/I/41htqmmWmBL._SL75_.jpg","Width":56}}},"ItemInfo":{"ByLineInfo":{"Brand":{"DisplayValue":"Aviatrix","Label":"Brand","Locale":"es_ES"}},"Title":{"DisplayValue":"Aviatrix Chaqueta Biker De Cuero Autentica para Mujer con Multiples Cremalleras (AGSM)","Label":"Title","Locale":"es_ES"}},"Offers":{"Summaries":[{"Condition":{"Value":"New"},"LowestPrice":{"Amount":99.99,"Currency":"EUR","DisplayAmount":"99,99 €"}}]}},{"ASIN":"B07Q4CSM5R","DetailPageURL":"https://www.amazon.es/dp/B07Q4CSM5R?tag=topinalambricos-21&linkCode=osi&th=1&psc=1","Images":{"Primary":{"Small":{"Height":75,"URL":"https://m.media-amazon.com/images/I/41tIVEHNFXL._SL75_.jpg","Width":57}}},"ItemInfo":{"ByLineInfo":{"Brand":{"DisplayValue":"Freaky Nation","Label":"Brand","Locale":"es_ES"},"Manufacturer":{"DisplayValue":"Freaky Nation","Label":"Manufacturer","Locale":"es_ES"}},"Title":{"DisplayValue":"Freaky Nation Biker Princess Chaqueta, Marrón (Dark Cognac 8903), XL para Mujer","Label":"Title","Locale":"es_ES"}},"Offers":{"Summaries":[{"Condition":{"Value":"New"},"LowestPrice":{"Amount":99.9,"Currency":"EUR","DisplayAmount":"99,90 €"}}]}},{"ASIN":"B09PXLPNKW","DetailPageURL":"https://www.amazon.es/dp/B09PXLPNKW?tag=topinalambricos-21&linkCode=osi&th=1&psc=1","Images":{"Primary":{"Small":{"Height":75,"URL":"https://m.media-amazon.com/images/I/41vvKJsYo4L._SL75_.jpg","Width":57}}},"ItemInfo":{"ByLineInfo":{"Brand":{"DisplayValue":"Naf Naf","Label":"Brand","Locale":"es_ES"},"Manufacturer":{"DisplayValue":"Naf Naf","Label":"Manufacturer","Locale":"es_ES"}},"Title":{"DisplayValue":"Naf Naf Chaqueta de Piel, coñac, 42 para Mujer","Label":"Title","Locale":"es_ES"}},"Offers":{"Summaries":[{"Condition":{"Value":"New"},"LowestPrice":{"Amount":149.93,"Currency":"EUR","DisplayAmount":"149,93 €"}},{"Condition":{"Value":"Used"},"LowestPrice":{"Amount":122.97,"Currency":"EUR","DisplayAmount":"122,97 €"}}]}},{"ASIN":"B0BY3BM8XK","DetailPageURL":"https://www.amazon.es/dp/B0BY3BM8XK?tag=topinalambricos-21&linkCode=osi&th=1&psc=1","Images":{"Primary":{"Small":{"Height":75,"URL":"https://m.media-amazon.com/images/I/51VCCDsoapL._SL75_.jpg","Width":56}}},"ItemInfo":{"ByLineInfo":{"Brand":{"DisplayValue":"Imperial Studios","Label":"Brand","Locale":"es_ES"},"Manufacturer":{"DisplayValue":"Imperial Studios","Label":"Manufacturer","Locale":"es_ES"}},"Title":{"DisplayValue":"Imperial Studios Chaqueta de motociclista de piel de cordero real para mujer, ajuste elegante, casual, con cremallera cruzada, bolsillos delgados y con cremallera, abrigo ajustado, marrón, L","Label":"Title","Locale":"es_ES"}},"Offers":{"Summaries":[{"Condition":{"Value":"New"},"LowestPrice":{"Amount":62.38,"Currency":"EUR","DisplayAmount":"62,38 €"}}]}},{"ASIN":"B073SDCLF6","DetailPageURL":"https://www.amazon.es/dp/B073SDCLF6?tag=topinalambricos-21&linkCode=osi&th=1&psc=1","Images":{"Primary":{"Small":{"Height":75,"URL":"https://m.media-amazon.com/images/I/41Kg-mxU0cL._SL75_.jpg","Width":57}}},"ItemInfo":{"ByLineInfo":{"Brand":{"DisplayValue":"Oakwood","Label":"Brand","Locale":"es_ES"},"Manufacturer":{"DisplayValue":"Oakwood","Label":"Manufacturer","Locale":"es_ES"}},"Title":{"DisplayValue":"Oakwood 62065-515-XL Chaqueta, marrón (Tan), XL para Mujer","Label":"Title","Locale":"es_ES"}},"Offers":{"Summaries":[{"Condition":{"Value":"New"},"LowestPrice":{"Amount":154.21,"Currency":"EUR","DisplayAmount":"154,21 €"}}]}}],"SearchURL":"https://www.amazon.es/s?k=cuero+marron&rh=n%3A3074298031%2Cp_n_availability%3A-1&tag=topinalambricos-21&linkCode=osi","TotalResultCount":639}},"35":{"SearchResult":{"Items":[{"ASIN":"B0BX8QJ46L","DetailPageURL":"https://www.amazon.es/dp/B0BX8QJ46L?tag=topinalambricos-21&linkCode=osi&th=1&psc=1","Images":{"Primary":{"Small":{"Height":74,"URL":"https://m.media-amazon.com/images/I/41eOft14sVL._SL75_.jpg","Width":75}}},"ItemInfo":{"ByLineInfo":{"Brand":{"DisplayValue":"Peuignao","Label":"Brand","Locale":"es_ES"},"Manufacturer":{"DisplayValue":"Peuignao","Label":"Manufacturer","Locale":"es_ES"}},"Title":{"DisplayValue":"Chaqueta Motorista Mujer Biker Faux Leather Jacket Women Chaqueta Simil Cuero Sintetico Corta Mujer Tachuelas Chaqueta Piel Sintetica Imitacion Cuero Chaquetas Biker Mujer Pu Jacket Women Rosa 4XL","Label":"Title","Locale":"es_ES"}},"Offers":{"Summaries":[{"Condition":{"Value":"New"},"LowestPrice":{"Amount":36.93,"Currency":"EUR","DisplayAmount":"36,93 €"}}]}},{"ASIN":"B08HK36VWB","DetailPageURL":"https://www.amazon.es/dp/B08HK36VWB?tag=topinalambricos-21&linkCode=osi&th=1&psc=1","Images":{"Primary":{"Small":{"Height":75,"URL":"https://m.media-amazon.com/images/I/41noZFwdVyL._SL75_.jpg","Width":57}}},"ItemInfo":{"ByLineInfo":{"Brand":{"DisplayValue":"Giolshon","Label":"Brand","Locale":"es_ES"}},"Title":{"DisplayValue":"Giolshon Chaqueta Corta de Cuero de Gamuza Sintética para Mujer Abrigo de Motociclista con Minturón de Invierno y Cuello de piel Desmontable 8830 Rosa M","Label":"Title","Locale":"es_ES"}},"Offers":{"Summaries":[{"Condition":{"Value":"New"},"LowestPrice":{"Amount":74.99,"Currency":"EUR","DisplayAmount":"74,99 €"}}]}},{"ASIN":"B099N5BHCH","DetailPageURL":"https://www.amazon.es/dp/B099N5BHCH?tag=topinalambricos-21&linkCode=osi&th=1&psc=1","Images":{"Primary":{"Small":{"Height":75,"URL":"https://m.media-amazon.com/images/I/41S4aYDw1US._SL75_.jpg","Width":54}}},"ItemInfo":{"ByLineInfo":{"Brand":{"DisplayValue":"FLYCHEN","Label":"Brand","Locale":"es_ES"}},"Title":{"DisplayValue":"FLYCHEN Mujer Chaqueta Cuero Sintético Biker Chaqueta Saco Blazer Leather Jacket Chaqueta para Mujer Chaqueta con Cremallera, Rose, XL","Label":"Title","Locale":"es_ES"}},"Offers":{"Summaries":[{"Condition":{"Value":"New"},"LowestPrice":{"Amount":38.99,"Currency":"EUR","DisplayAmount":"38,99 €"}}]}},{"ASIN":"B09TTFZ6MK","DetailPageURL":"https://www.amazon.es/dp/B09TTFZ6MK?tag=topinalambricos-21&linkCode=osi&th=1&psc=1","Images":{"Primary":{"Small":{"Height":75,"URL":"https://m.media-amazon.com/images/I/41D-pDARvsL._SL75_.jpg","Width":58}}},"ItemInfo":{"ByLineInfo":{"Brand":{"DisplayValue":"Gipsy","Label":"Brand","Locale":"es_ES"},"Manufacturer":{"DisplayValue":"GIPSY","Label":"Manufacturer","Locale":"es_ES"}},"Title":{"DisplayValue":"Gipsy GWZai S22 LASTAV Chaqueta DE Cuero, Rose, L para Mujer","Label":"Title","Locale":"es_ES"}},"Offers":{"Summaries":[{"Condition":{"Value":"New"},"LowestPrice":{"Amount":110.88,"Currency":"EUR","DisplayAmount":"110,88 €"}}]}},{"ASIN":"B075MCYBJM","DetailPageURL":"https://www.amazon.es/dp/B075MCYBJM?tag=topinalambricos-21&linkCode=osi&th=1&psc=1","Images":{"Primary":{"Small":{"Height":75,"URL":"https://m.media-amazon.com/images/I/41nwm-nof-L._SL75_.jpg","Width":75}}},"ItemInfo":{"ByLineInfo":{"Brand":{"DisplayValue":"YoungSoul","Label":"Brand","Locale":"es_ES"}},"Title":{"DisplayValue":"YoungSoul Cazadora Mujer, Chaqueta Biker de Cuero sintético con Cremallera asimétrica y cinturón Rosa EU 38-40","Label":"Title","Locale":"es_ES"}},"Offers":{"Summaries":[{"Condition":{"Value":"New"},"LowestPrice":{"Amount":36.98,"Currency":"EUR","DisplayAmount":"36,98 €"}}]}},{"ASIN":"B0BSCDB6NG","DetailPageURL":"https://www.amazon.es/dp/B0BSCDB6NG?tag=topinalambricos-21&linkCode=osi&th=1&psc=1","Images":{"Primary":{"Small":{"Height":75,"URL":"https://m.media-amazon.com/images/I/31obKV7X5GL._SL75_.jpg","Width":56}}},"ItemInfo":{"ByLineInfo":{"Brand":{"DisplayValue":"Only","Label":"Brand","Locale":"es_ES"},"Manufacturer":{"DisplayValue":"ONLY","Label":"Manufacturer","Locale":"es_ES"}},"Title":{"DisplayValue":"Only - Melisa Chaqueta Mujer Lila Eco-Cuero, Rosa, M","Label":"Title","Locale":"es_ES"}},"Offers":{"Summaries":[{"Condition":{"Value":"New"},"LowestPrice":{"Amount":26.6,"Currency":"EUR","DisplayAmount":"26,60 €"}}]}},{"ASIN":"B09MSC8C4N","DetailPageURL":"https://www.amazon.es/dp/B09MSC8C4N?tag=topinalambricos-21&linkCode=osi&th=1&psc=1","Images":{"Primary":{"Small":{"Height":75,"URL":"https://m.media-amazon.com/images/I/41n9W5vwfFL._SL75_.jpg","Width":75}}},"ItemInfo":{"ByLineInfo":{"Brand":{"DisplayValue":"NUSGEAR","Label":"Brand","Locale":"es_ES"}},"Title":{"DisplayValue":"2022 Moda Chaqueta de Ante Corto Abrigo de la Chaqueta del Motorista señoras Delicado de la PU Chaqueta de imitación Moto Slim Fit cremallera Manga larga Chaqueta de solapa","Label":"Title","Locale":"es_ES"}},"Offers":{"Summaries":[{"Condition":{"Value":"New"},"LowestPrice":{"Amount":14.98,"Currency":"EUR","DisplayAmount":"14,98 €"}}]}},{"ASIN":"B0769MYKNH","DetailPageURL":"https://www.amazon.es/dp/B0769MYKNH?tag=topinalambricos-21&linkCode=osi&th=1&psc=1","Images":{"Primary":{"Small":{"Height":75,"URL":"https://m.media-amazon.com/images/I/31vQO+faWRL._SL75_.jpg","Width":56}}},"ItemInfo":{"ByLineInfo":{"Brand":{"DisplayValue":"Only","Label":"Brand","Locale":"es_ES"},"Manufacturer":{"DisplayValue":"ONLY","Label":"Manufacturer","Locale":"es_ES"}},"Title":{"DisplayValue":"Only ONLGEMMA Faux Leather Biker OTW Noos Chaqueta, Negro (Black Black), 38 para Mujer","Label":"Title","Locale":"es_ES"}},"Offers":{"Summaries":[{"Condition":{"Value":"New"},"LowestPrice":{"Amount":36.88,"Currency":"EUR","DisplayAmount":"36,88 €"}},{"Condition":{"Value":"Used"},"LowestPrice":{"Amount":27.83,"Currency":"EUR","DisplayAmount":"27,83 €"}}]}},{"ASIN":"B01CVGDGWE","DetailPageURL":"https://www.amazon.es/dp/B01CVGDGWE?tag=topinalambricos-21&linkCode=osi&th=1&psc=1","Images":{"Primary":{"Small":{"Height":75,"URL":"https://m.media-amazon.com/images/I/41CdJ+C9iZL._SL75_.jpg","Width":57}}},"ItemInfo":{"ByLineInfo":{"Brand":{"DisplayValue":"Urban Classics","Label":"Brand","Locale":"es_ES"},"Manufacturer":{"DisplayValue":"Urban Classics","Label":"Manufacturer","Locale":"es_ES"}},"Title":{"DisplayValue":"Urban Classics Ladies Satin Bomber Jacket, Chaqueta para Mujer, Rosa (oldrose 738), XS","Label":"Title","Locale":"es_ES"}},"Offers":{"Summaries":[{"Condition":{"Value":"New"},"LowestPrice":{"Amount":35.45,"Currency":"EUR","DisplayAmount":"35,45 €"}}]}},{"ASIN":"B01MEGJ4OS","DetailPageURL":"https://www.amazon.es/dp/B01MEGJ4OS?tag=topinalambricos-21&linkCode=osi&th=1&psc=1","Images":{"Primary":{"Small":{"Height":75,"URL":"https://m.media-amazon.com/images/I/41-0DvSgd6L._SL75_.jpg","Width":57}}},"ItemInfo":{"ByLineInfo":{"Brand":{"DisplayValue":"Freaky Nation","Label":"Brand","Locale":"es_ES"},"Manufacturer":{"DisplayValue":"Freaky Nation","Label":"Manufacturer","Locale":"es_ES"}},"Title":{"DisplayValue":"Freaky Nation Biker Princess Chaqueta, Rojo (Apple 4068), L para Mujer","Label":"Title","Locale":"es_ES"}},"Offers":{"Summaries":[{"Condition":{"Value":"New"},"LowestPrice":{"Amount":123.75,"Currency":"EUR","DisplayAmount":"123,75 €"}}]}}],"SearchURL":"https://www.amazon.es/s?k=cuero+rosa&rh=n%3A3074298031%2Cp_n_availability%3A-1&tag=topinalambricos-21&linkCode=osi","TotalResultCount":1000}},"36":{"SearchResult":{"Items":[{"ASIN":"B0BX8NKSHX","DetailPageURL":"https://www.amazon.es/dp/B0BX8NKSHX?tag=topinalambricos-21&linkCode=osi&th=1&psc=1","Images":{"Primary":{"Small":{"Height":74,"URL":"https://m.media-amazon.com/images/I/41RkhC0QdUL._SL75_.jpg","Width":75}}},"ItemInfo":{"ByLineInfo":{"Brand":{"DisplayValue":"Peuignao","Label":"Brand","Locale":"es_ES"},"Manufacturer":{"DisplayValue":"Peuignao","Label":"Manufacturer","Locale":"es_ES"}},"Title":{"DisplayValue":"Faux Leather Jacket Women Chaqueta Cuero Sintetico Biker Mujer Chaqueta Motorista Piel Simil Cuero Moto Mujer Chaquetas Biker Pu Jacket Women Talla Grande Chaqueta Imitacion Cuero Mujer Amarillo 3XL","Label":"Title","Locale":"es_ES"}},"Offers":{"Summaries":[{"Condition":{"Value":"New"},"LowestPrice":{"Amount":36.88,"Currency":"EUR","DisplayAmount":"36,88 €"}}]}},{"ASIN":"B075MDGBJF","DetailPageURL":"https://www.amazon.es/dp/B075MDGBJF?tag=topinalambricos-21&linkCode=osi&th=1&psc=1","Images":{"Primary":{"Small":{"Height":75,"URL":"https://m.media-amazon.com/images/I/41PUcKcrQ7L._SL75_.jpg","Width":75}}},"ItemInfo":{"ByLineInfo":{"Brand":{"DisplayValue":"YoungSoul","Label":"Brand","Locale":"es_ES"}},"Title":{"DisplayValue":"YoungSoul Cazadora Mujer, Chaqueta Biker de Cuero sintético con Cremallera asimétrica y cinturón Amarillo EU 38-40","Label":"Title","Locale":"es_ES"}},"Offers":{"Summaries":[{"Condition":{"Value":"New"},"LowestPrice":{"Amount":34.98,"Currency":"EUR","DisplayAmount":"34,98 €"}}]}},{"ASIN":"B07XM51G87","DetailPageURL":"https://www.amazon.es/dp/B07XM51G87?tag=topinalambricos-21&linkCode=osi&th=1&psc=1","Images":{"Primary":{"Small":{"Height":75,"URL":"https://m.media-amazon.com/images/I/41ELPE4c+fL._SL75_.jpg","Width":60}}},"ItemInfo":{"ByLineInfo":{"Brand":{"DisplayValue":"Shaoyao","Label":"Brand","Locale":"es_ES"}},"Title":{"DisplayValue":"Shaoyao Cazadora Mujer Chaqueta Biker De Cuero Sintético con Cremallera Asimétrica Y Cinturón Amarillo L","Label":"Title","Locale":"es_ES"}},"Offers":{"Summaries":[{"Condition":{"Value":"New"},"LowestPrice":{"Amount":32.59,"Currency":"EUR","DisplayAmount":"32,59 €"}}]}},{"ASIN":"B08SR2PPCS","DetailPageURL":"https://www.amazon.es/dp/B08SR2PPCS?tag=topinalambricos-21&linkCode=osi&th=1&psc=1","Images":{"Primary":{"Small":{"Height":75,"URL":"https://m.media-amazon.com/images/I/31ZOMIbwdPL._SL75_.jpg","Width":49}}},"ItemInfo":{"ByLineInfo":{"Brand":{"DisplayValue":"JOPHY & CO.","Label":"Brand","Locale":"es_ES"}},"Title":{"DisplayValue":"JOPHY & CO. Chaqueta Corta Piel Sintética Mujer con Bolsillos y Cremalleras (cod.2560, 33107, 3985 & 2502) (Amarillo (cod. 2502), M)","Label":"Title","Locale":"es_ES"}},"Offers":{"Summaries":[{"Condition":{"Value":"New"},"LowestPrice":{"Amount":35.0,"Currency":"EUR","DisplayAmount":"35,00 €"}},{"Condition":{"Value":"Used"},"LowestPrice":{"Amount":35.0,"Currency":"EUR","DisplayAmount":"35,00 €"}}]}},{"ASIN":"B075YJQ335","DetailPageURL":"https://www.amazon.es/dp/B075YJQ335?tag=topinalambricos-21&linkCode=osi&th=1&psc=1","Images":{"Primary":{"Small":{"Height":75,"URL":"https://m.media-amazon.com/images/I/41+K1L1cbPL._SL75_.jpg","Width":54}}},"ItemInfo":{"ByLineInfo":{"Brand":{"DisplayValue":"LaoZan","Label":"Brand","Locale":"es_ES"}},"Title":{"DisplayValue":"LaoZan Cazadora de la Mujer Chaquetas Corta con Cremallera De PU Cuero Abrigo Informal S Amarillo","Label":"Title","Locale":"es_ES"}},"Offers":{"Summaries":[{"Condition":{"Value":"New"},"LowestPrice":{"Amount":22.35,"Currency":"EUR","DisplayAmount":"22,35 €"}}]}},{"ASIN":"B0888VLSJX","DetailPageURL":"https://www.amazon.es/dp/B0888VLSJX?tag=topinalambricos-21&linkCode=osi&th=1&psc=1","Images":{"Primary":{"Small":{"Height":75,"URL":"https://m.media-amazon.com/images/I/419PTX1EppL._SL75_.jpg","Width":49}}},"ItemInfo":{"ByLineInfo":{"Brand":{"DisplayValue":"Freaky Nation","Label":"Brand","Locale":"es_ES"}},"Title":{"DisplayValue":"Freaky Nation Chaqueta de cuero para mujer, chaqueta de motociclista, negro, rojo, amarillo, coñac marrón, cuero genuino ajustada, rojo, XL","Label":"Title","Locale":"es_ES"}},"Offers":{"Summaries":[{"Condition":{"Value":"New"},"LowestPrice":{"Amount":139.99,"Currency":"EUR","DisplayAmount":"139,99 €"}}]}},{"ASIN":"B09BP1FZG2","DetailPageURL":"https://www.amazon.es/dp/B09BP1FZG2?tag=topinalambricos-21&linkCode=osi&th=1&psc=1","Images":{"Primary":{"Small":{"Height":75,"URL":"https://m.media-amazon.com/images/I/31Q-ibr1S5L._SL75_.jpg","Width":57}}},"ItemInfo":{"ByLineInfo":{"Brand":{"DisplayValue":"Petit Bateau","Label":"Brand","Locale":"es_ES"},"Manufacturer":{"DisplayValue":"Petit Bateau","Label":"Manufacturer","Locale":"es_ES"}},"Title":{"DisplayValue":"Petit Bateau A03mp Chaqueta de Cuero, Amarillo, S para Mujer","Label":"Title","Locale":"es_ES"}},"Offers":{"Summaries":[{"Condition":{"Value":"New"},"LowestPrice":{"Amount":76.61,"Currency":"EUR","DisplayAmount":"76,61 €"}}]}},{"ASIN":"B0BX8P5JH7","DetailPageURL":"https://www.amazon.es/dp/B0BX8P5JH7?tag=topinalambricos-21&linkCode=osi&th=1&psc=1","Images":{"Primary":{"Small":{"Height":74,"URL":"https://m.media-amazon.com/images/I/41THibPztRL._SL75_.jpg","Width":75}}},"ItemInfo":{"ByLineInfo":{"Brand":{"DisplayValue":"Peuignao","Label":"Brand","Locale":"es_ES"},"Manufacturer":{"DisplayValue":"Peuignao","Label":"Manufacturer","Locale":"es_ES"}},"Title":{"DisplayValue":"Chaqueta Motorista Mujer Biker Faux Leather Jacket Women Chaqueta Simil Cuero Sintetico Corta Mujer Tachuelas Chaqueta Piel Sintetica Imitacion Cuero Chaquetas Biker Mujer Pu Jacket Women Amarillo 4XL","Label":"Title","Locale":"es_ES"}},"Offers":{"Summaries":[{"Condition":{"Value":"New"},"LowestPrice":{"Amount":36.93,"Currency":"EUR","DisplayAmount":"36,93 €"}}]}},{"ASIN":"B0BCNCNSPV","DetailPageURL":"https://www.amazon.es/dp/B0BCNCNSPV?tag=topinalambricos-21&linkCode=osi&th=1&psc=1","Images":{"Primary":{"Small":{"Height":75,"URL":"https://m.media-amazon.com/images/I/415jdNghImL._SL75_.jpg","Width":56}}},"ItemInfo":{"ByLineInfo":{"Brand":{"DisplayValue":"Maze","Label":"Brand","Locale":"es_ES"},"Manufacturer":{"DisplayValue":"MAZE","Label":"Manufacturer","Locale":"es_ES"}},"Title":{"DisplayValue":"Maze Chaqueta de cuero para mujer 42021133, amarillo, XXL","Label":"Title","Locale":"es_ES"}},"Offers":{"Summaries":[{"Condition":{"Value":"New"},"LowestPrice":{"Amount":189.95,"Currency":"EUR","DisplayAmount":"189,95 €"}}]}},{"ASIN":"B0BPHG1ZS8","DetailPageURL":"https://www.amazon.es/dp/B0BPHG1ZS8?tag=topinalambricos-21&linkCode=osi&th=1&psc=1","Images":{"Primary":{"Small":{"Height":75,"URL":"https://m.media-amazon.com/images/I/41K4jqtAqqL._SL75_.jpg","Width":52}}},"ItemInfo":{"ByLineInfo":{"Brand":{"DisplayValue":"TYQQU","Label":"Brand","Locale":"es_ES"}},"Title":{"DisplayValue":"TYQQU Mujeres Otoño Chaqueta De Manga Larga Slim Chaqueta De Cuero De Imitación Chaqueta Corta Bomber Amarillo L","Label":"Title","Locale":"es_ES"}},"Offers":{"Summaries":[{"Condition":{"Value":"New"},"LowestPrice":{"Amount":25.99,"Currency":"EUR","DisplayAmount":"25,99 €"}}]}}],"SearchURL":"https://www.amazon.es/s?k=cuero+amarillo&rh=n%3A3074298031%2Cp_n_availability%3A-1&tag=topinalambricos-21&linkCode=osi","TotalResultCount":1000}},"37":{"SearchResult":{"Items":[{"ASIN":"B09CPGFZ1V","DetailPageURL":"https://www.amazon.es/dp/B09CPGFZ1V?tag=topinalambricos-21&linkCode=osi&th=1&psc=1","Images":{"Primary":{"Small":{"Height":75,"URL":"https://m.media-amazon.com/images/I/41rxWJS10GL._SL75_.jpg","Width":60}}},"ItemInfo":{"ByLineInfo":{"Brand":{"DisplayValue":"YAOTT","Label":"Brand","Locale":"es_ES"},"Manufacturer":{"DisplayValue":"YAOTT","Label":"Manufacturer","Locale":"es_ES"}},"Title":{"DisplayValue":"YAOTT Chaqueta de manga larga para mujer chaqueta de cuero elegante de otoño chaqueta corta de piel sintética chaqueta de motocicleta chaqueta corta de primavera y otoño azul L","Label":"Title","Locale":"es_ES"}},"Offers":{"Summaries":[{"Condition":{"Value":"New"},"LowestPrice":{"Amount":21.37,"Currency":"EUR","DisplayAmount":"21,37 €"}}]}},{"ASIN":"B07H8T57YK","DetailPageURL":"https://www.amazon.es/dp/B07H8T57YK?tag=topinalambricos-21&linkCode=osi&th=1&psc=1","Images":{"Primary":{"Small":{"Height":75,"URL":"https://m.media-amazon.com/images/I/41aJZCZRIuL._SL75_.jpg","Width":75}}},"ItemInfo":{"ByLineInfo":{"Brand":{"DisplayValue":"Schott NYC","Label":"Brand","Locale":"es_ES"},"Manufacturer":{"DisplayValue":"Schott nyc","Label":"Manufacturer","Locale":"es_ES"}},"Title":{"DisplayValue":"Schott NYC LCW1601D Chaqueta, Marina, XS para Mujer","Label":"Title","Locale":"es_ES"}},"Offers":{"Summaries":[{"Condition":{"Value":"New"},"LowestPrice":{"Amount":389.99,"Currency":"EUR","DisplayAmount":"389,99 €"}}]}},{"ASIN":"B075NF2F2X","DetailPageURL":"https://www.amazon.es/dp/B075NF2F2X?tag=topinalambricos-21&linkCode=osi&th=1&psc=1","Images":{"Primary":{"Small":{"Height":75,"URL":"https://m.media-amazon.com/images/I/31dj--MWPiL._SL75_.jpg","Width":61}}},"ItemInfo":{"ByLineInfo":{"Brand":{"DisplayValue":"KRISP","Label":"Brand","Locale":"es_ES"},"Manufacturer":{"DisplayValue":"KRISP","Label":"Manufacturer","Locale":"es_ES"}},"Title":{"DisplayValue":"KRISP Chaqueta Mujer Biker Tacto Cuero Moda Barata, Azul Marino, S, 5027-NVY-S","Label":"Title","Locale":"es_ES"}},"Offers":{"Summaries":[{"Condition":{"Value":"New"},"LowestPrice":{"Amount":44.99,"Currency":"EUR","DisplayAmount":"44,99 €"}}]}},{"ASIN":"B0BD1HVKC4","DetailPageURL":"https://www.amazon.es/dp/B0BD1HVKC4?tag=topinalambricos-21&linkCode=osi&th=1&psc=1","Images":{"Primary":{"Small":{"Height":75,"URL":"https://m.media-amazon.com/images/I/31yzNOpFqSL._SL75_.jpg","Width":75}}},"ItemInfo":{"ByLineInfo":{"Brand":{"DisplayValue":"Negir","Label":"Brand","Locale":"es_ES"},"Manufacturer":{"DisplayValue":"Negir","Label":"Manufacturer","Locale":"es_ES"}},"Title":{"DisplayValue":"Chaquetas cortas de piel sintética para mujer, ajuste delgado, manga larga, moda para motociclista, abrigos de motocicleta para mujer, azul oscuro, M","Label":"Title","Locale":"es_ES"}},"Offers":{"Summaries":[{"Condition":{"Value":"New"},"LowestPrice":{"Amount":44.18,"Currency":"EUR","DisplayAmount":"44,18 €"}}]}},{"ASIN":"B06XRVBK2C","DetailPageURL":"https://www.amazon.es/dp/B06XRVBK2C?tag=topinalambricos-21&linkCode=osi&th=1&psc=1","Images":{"Primary":{"Small":{"Height":75,"URL":"https://m.media-amazon.com/images/I/4195IqWsxoL._SL75_.jpg","Width":75}}},"ItemInfo":{"ByLineInfo":{"Brand":{"DisplayValue":"URBAN 5884","Label":"Brand","Locale":"es_ES"},"Manufacturer":{"DisplayValue":"Urban Leather","Label":"Manufacturer","Locale":"es_ES"}},"Title":{"DisplayValue":"Chaqueta Moto Mujer de Cuero URBAN 5884 UR-178 '58 LADIES', Chaqueta Cuero Mujer, Cazadora Moto de Piel de Cordero, Armadura Removible para Espalda, Hombros y Codos Aprobada por la CE |Azul, L","Label":"Title","Locale":"es_ES"}},"Offers":{"Summaries":[{"Condition":{"Value":"New"},"LowestPrice":{"Amount":114.5,"Currency":"EUR","DisplayAmount":"114,50 €"}}]}},{"ASIN":"B0BYKFWGBD","DetailPageURL":"https://www.amazon.es/dp/B0BYKFWGBD?tag=topinalambricos-21&linkCode=osi&th=1&psc=1","Images":{"Primary":{"Small":{"Height":75,"URL":"https://m.media-amazon.com/images/I/41zR2obxqYL._SL75_.jpg","Width":75}}},"ItemInfo":{"ByLineInfo":{"Brand":{"DisplayValue":"URBAN 5884","Label":"Brand","Locale":"es_ES"},"Manufacturer":{"DisplayValue":"URBAN 5884","Label":"Manufacturer","Locale":"es_ES"}},"Title":{"DisplayValue":"URBAN 5884 Chaqueta de Cuero para Mujer, Chaqueta de Auténtica Piel de Cordero, Corta y Ajustada, Cuero Liso y Suave, Azul, L","Label":"Title","Locale":"es_ES"}},"Offers":{"Summaries":[{"Condition":{"Value":"New"},"LowestPrice":{"Amount":169.0,"Currency":"EUR","DisplayAmount":"169,00 €"}}]}},{"ASIN":"B09PXQ5ZQK","DetailPageURL":"https://www.amazon.es/dp/B09PXQ5ZQK?tag=topinalambricos-21&linkCode=osi&th=1&psc=1","Images":{"Primary":{"Small":{"Height":75,"URL":"https://m.media-amazon.com/images/I/41ILXjIHUiL._SL75_.jpg","Width":57}}},"ItemInfo":{"ByLineInfo":{"Brand":{"DisplayValue":"Naf Naf","Label":"Brand","Locale":"es_ES"},"Manufacturer":{"DisplayValue":"Naf Naf","Label":"Manufacturer","Locale":"es_ES"}},"Title":{"DisplayValue":"Naf Naf Chaqueta de Piel, Blue Univers, 34 para Mujer","Label":"Title","Locale":"es_ES"}},"Offers":{"Summaries":[{"Condition":{"Value":"New"},"LowestPrice":{"Amount":74.38,"Currency":"EUR","DisplayAmount":"74,38 €"}}]}},{"ASIN":"B07L5DCJMX","DetailPageURL":"https://www.amazon.es/dp/B07L5DCJMX?tag=topinalambricos-21&linkCode=osi&th=1&psc=1","Images":{"Primary":{"Small":{"Height":75,"URL":"https://m.media-amazon.com/images/I/41mvyAwKm+L._SL75_.jpg","Width":62}}},"ItemInfo":{"ByLineInfo":{"Brand":{"DisplayValue":"Oakwood","Label":"Brand","Locale":"es_ES"},"Manufacturer":{"DisplayValue":"Oakwood","Label":"Manufacturer","Locale":"es_ES"}},"Title":{"DisplayValue":"Oakwood Lina Chaqueta, Azul (Bleu Ciel 0537), 40 (Talla del Fabricante: Large) para Mujer","Label":"Title","Locale":"es_ES"}},"Offers":{"Summaries":[{"Condition":{"Value":"New"},"LowestPrice":{"Amount":175.2,"Currency":"EUR","DisplayAmount":"175,20 €"}}]}},{"ASIN":"B09JRSQGRL","DetailPageURL":"https://www.amazon.es/dp/B09JRSQGRL?tag=topinalambricos-21&linkCode=osi&th=1&psc=1","Images":{"Primary":{"Small":{"Height":75,"URL":"https://m.media-amazon.com/images/I/3161XlgzlFL._SL75_.jpg","Width":75}}},"ItemInfo":{"ByLineInfo":{"Brand":{"DisplayValue":"YYNUDA","Label":"Brand","Locale":"es_ES"},"Manufacturer":{"DisplayValue":"YYNUDA","Label":"Manufacturer","Locale":"es_ES"}},"Title":{"DisplayValue":"YYNUDA Chaqueta de Cuero Sintética corta para Mujer Estilo Vintage （Azul L）","Label":"Title","Locale":"es_ES"}},"Offers":{"Summaries":[{"Condition":{"Value":"New"},"LowestPrice":{"Amount":51.12,"Currency":"EUR","DisplayAmount":"51,12 €"}}]}},{"ASIN":"B09KN54RMF","DetailPageURL":"https://www.amazon.es/dp/B09KN54RMF?tag=topinalambricos-21&linkCode=osi&th=1&psc=1","Images":{"Primary":{"Small":{"Height":75,"URL":"https://m.media-amazon.com/images/I/319a5WlbsfL._SL75_.jpg","Width":75}}},"ItemInfo":{"ByLineInfo":{"Brand":{"DisplayValue":"Berimaterry","Label":"Brand","Locale":"es_ES"}},"Title":{"DisplayValue":"Berimaterry Faux Leather Chaqueta Biker Mujer Cazadora Mujer Chaqueta Cuero Sintético Biker Chaqueta Leather Jacket Chaqueta para Mujer Chaqueta con cremallera ropa de Abrigo Corto mujer baratos","Label":"Title","Locale":"es_ES"}},"Offers":{"Summaries":[{"Condition":{"Value":"New"},"LowestPrice":{"Amount":15.82,"Currency":"EUR","DisplayAmount":"15,82 €"}}]}}],"SearchURL":"https://www.amazon.es/s?k=cuero+azul&rh=n%3A3074298031%2Cp_n_availability%3A-1&tag=topinalambricos-21&linkCode=osi","TotalResultCount":665}},"38":{"SearchResult":{"Items":[{"ASIN":"B09DT1Y3YW","DetailPageURL":"https://www.amazon.es/dp/B09DT1Y3YW?tag=topinalambricos-21&linkCode=osi&th=1&psc=1","Images":{"Primary":{"Small":{"Height":75,"URL":"https://m.media-amazon.com/images/I/41FosAYAwQL._SL75_.jpg","Width":57}}},"ItemInfo":{"ByLineInfo":{"Brand":{"DisplayValue":"JJXX","Label":"Brand","Locale":"es_ES"},"Manufacturer":{"DisplayValue":"Bestseller A/S","Label":"Manufacturer","Locale":"es_ES"}},"Title":{"DisplayValue":"JJXX Jxgail Faux Leather Biker Jacket Noos Chaqueta de Cuero sinttico, Verde Oliva, M para Mujer","Label":"Title","Locale":"es_ES"}},"Offers":{"Summaries":[{"Condition":{"Value":"New"},"LowestPrice":{"Amount":27.12,"Currency":"EUR","DisplayAmount":"27,12 €"}}]}},{"ASIN":"B088HH2B1X","DetailPageURL":"https://www.amazon.es/dp/B088HH2B1X?tag=topinalambricos-21&linkCode=osi&th=1&psc=1","Images":{"Primary":{"Small":{"Height":75,"URL":"https://m.media-amazon.com/images/I/41ZPv-M-X+L._SL75_.jpg","Width":57}}},"ItemInfo":{"ByLineInfo":{"Brand":{"DisplayValue":"Freaky Nation","Label":"Brand","Locale":"es_ES"},"Manufacturer":{"DisplayValue":"Freaky Nation","Label":"Manufacturer","Locale":"es_ES"}},"Title":{"DisplayValue":"Freaky Nation Biker Princess Chaqueta de Cuero, Verde (Uniform), S para Mujer","Label":"Title","Locale":"es_ES"}},"Offers":{"Summaries":[{"Condition":{"Value":"New"},"LowestPrice":{"Amount":124.19,"Currency":"EUR","DisplayAmount":"124,19 €"}}]}},{"ASIN":"B09PXRZMB5","DetailPageURL":"https://www.amazon.es/dp/B09PXRZMB5?tag=topinalambricos-21&linkCode=osi&th=1&psc=1","Images":{"Primary":{"Small":{"Height":75,"URL":"https://m.media-amazon.com/images/I/41MCJoiU7kL._SL75_.jpg","Width":57}}},"ItemInfo":{"ByLineInfo":{"Brand":{"DisplayValue":"Naf Naf","Label":"Brand","Locale":"es_ES"},"Manufacturer":{"DisplayValue":"Naf Naf","Label":"Manufacturer","Locale":"es_ES"}},"Title":{"DisplayValue":"Naf Naf Chaqueta de Piel, Verde, 36 para Mujer","Label":"Title","Locale":"es_ES"}},"Offers":{"Summaries":[{"Condition":{"Value":"New"},"LowestPrice":{"Amount":97.67,"Currency":"EUR","DisplayAmount":"97,67 €"}}]}},{"ASIN":"B0B6C8W2S8","DetailPageURL":"https://www.amazon.es/dp/B0B6C8W2S8?tag=topinalambricos-21&linkCode=osi&th=1&psc=1","Images":{"Primary":{"Small":{"Height":75,"URL":"https://m.media-amazon.com/images/I/41AbsxDwqbL._SL75_.jpg","Width":57}}},"ItemInfo":{"ByLineInfo":{"Brand":{"DisplayValue":"The Drop","Label":"Brand","Locale":"es_ES"},"Manufacturer":{"DisplayValue":"The Drop","Label":"Manufacturer","Locale":"es_ES"}},"Title":{"DisplayValue":"The Drop Heather Chaqueta de Cuero Sintético de Estilo Motero para Mujer, Verde Oliva, 3XL Grande","Label":"Title","Locale":"es_ES"}},"Offers":{"Summaries":[{"Condition":{"Value":"New"},"LowestPrice":{"Amount":19.98,"Currency":"EUR","DisplayAmount":"19,98 €"}}]}},{"ASIN":"B0769MYKNH","DetailPageURL":"https://www.amazon.es/dp/B0769MYKNH?tag=topinalambricos-21&linkCode=osi&th=1&psc=1","Images":{"Primary":{"Small":{"Height":75,"URL":"https://m.media-amazon.com/images/I/31vQO+faWRL._SL75_.jpg","Width":56}}},"ItemInfo":{"ByLineInfo":{"Brand":{"DisplayValue":"Only","Label":"Brand","Locale":"es_ES"},"Manufacturer":{"DisplayValue":"ONLY","Label":"Manufacturer","Locale":"es_ES"}},"Title":{"DisplayValue":"Only ONLGEMMA Faux Leather Biker OTW Noos Chaqueta, Negro (Black Black), 38 para Mujer","Label":"Title","Locale":"es_ES"}},"Offers":{"Summaries":[{"Condition":{"Value":"New"},"LowestPrice":{"Amount":36.88,"Currency":"EUR","DisplayAmount":"36,88 €"}},{"Condition":{"Value":"Used"},"LowestPrice":{"Amount":27.83,"Currency":"EUR","DisplayAmount":"27,83 €"}}]}},{"ASIN":"B08K21XB32","DetailPageURL":"https://www.amazon.es/dp/B08K21XB32?tag=topinalambricos-21&linkCode=osi&th=1&psc=1","Images":{"Primary":{"Small":{"Height":75,"URL":"https://m.media-amazon.com/images/I/41wNY0Kw0vL._SL75_.jpg","Width":60}}},"ItemInfo":{"ByLineInfo":{"Brand":{"DisplayValue":"MUSTANG","Label":"Brand","Locale":"es_ES"},"Manufacturer":{"DisplayValue":"Mustang","Label":"Manufacturer","Locale":"es_ES"}},"Title":{"DisplayValue":"MUSTANG Chaqueta de cuero para mujer, verde oliva, M","Label":"Title","Locale":"es_ES"}},"Offers":{"Summaries":[{"Condition":{"Value":"New"},"LowestPrice":{"Amount":269.0,"Currency":"EUR","DisplayAmount":"269,00 €"}}]}},{"ASIN":"B0B7NTW526","DetailPageURL":"https://www.amazon.es/dp/B0B7NTW526?tag=topinalambricos-21&linkCode=osi&th=1&psc=1","Images":{"Primary":{"Small":{"Height":75,"URL":"https://m.media-amazon.com/images/I/41TU5ouJwoL._SL75_.jpg","Width":56}}},"ItemInfo":{"ByLineInfo":{"Brand":{"DisplayValue":"Jack & Jones","Label":"Brand","Locale":"es_ES"},"Manufacturer":{"DisplayValue":"Bestseller A/S","Label":"Manufacturer","Locale":"es_ES"}},"Title":{"DisplayValue":"Jack & Jones Jxpower Sn-Chaqueta de Manga Corta, Verde Oscuro, M para Mujer","Label":"Title","Locale":"es_ES"}},"Offers":{"Summaries":[{"Condition":{"Value":"New"},"LowestPrice":{"Amount":27.22,"Currency":"EUR","DisplayAmount":"27,22 €"}}]}},{"ASIN":"B0BP886J1H","DetailPageURL":"https://www.amazon.es/dp/B0BP886J1H?tag=topinalambricos-21&linkCode=osi&th=1&psc=1","Images":{"Primary":{"Small":{"Height":75,"URL":"https://m.media-amazon.com/images/I/41kEjt+o-pL._SL75_.jpg","Width":50}}},"ItemInfo":{"ByLineInfo":{"Brand":{"DisplayValue":"Morgan","Label":"Brand","Locale":"es_ES"},"Manufacturer":{"DisplayValue":"MORGAN","Label":"Manufacturer","Locale":"es_ES"}},"Title":{"DisplayValue":"Morgan 231-gmandy Chaqueta Corta, Verde Vegetal, 36 para Mujer","Label":"Title","Locale":"es_ES"}},"Offers":{"Summaries":[{"Condition":{"Value":"New"},"LowestPrice":{"Amount":56.32,"Currency":"EUR","DisplayAmount":"56,32 €"}}]}},{"ASIN":"B09DT1ZVPV","DetailPageURL":"https://www.amazon.es/dp/B09DT1ZVPV?tag=topinalambricos-21&linkCode=osi&th=1&psc=1","Images":{"Primary":{"Small":{"Height":75,"URL":"https://m.media-amazon.com/images/I/41FosAYAwQL._SL75_.jpg","Width":57}}},"ItemInfo":{"ByLineInfo":{"Brand":{"DisplayValue":"Jack & Jones","Label":"Brand","Locale":"es_ES"},"Manufacturer":{"DisplayValue":"Bestseller A/S","Label":"Manufacturer","Locale":"es_ES"}},"Title":{"DisplayValue":"Jack & Jones Jjxx Jxgail Faux Leather Biker Jacket Noos Chaqueta de Cuero sinttico, Verde Oliva, XL para Mujer","Label":"Title","Locale":"es_ES"}},"Offers":{"Summaries":[{"Condition":{"Value":"New"},"LowestPrice":{"Amount":42.45,"Currency":"EUR","DisplayAmount":"42,45 €"}}]}},{"ASIN":"B0B5R3XV3S","DetailPageURL":"https://www.amazon.es/dp/B0B5R3XV3S?tag=topinalambricos-21&linkCode=osi&th=1&psc=1","Images":{"Primary":{"Small":{"Height":75,"URL":"https://m.media-amazon.com/images/I/21+DDOIeY-L._SL75_.jpg","Width":75}}},"ItemInfo":{"ByLineInfo":{"Brand":{"DisplayValue":"Oakwood","Label":"Brand","Locale":"es_ES"},"Manufacturer":{"DisplayValue":"OAKWOOD","Label":"Manufacturer","Locale":"es_ES"}},"Title":{"DisplayValue":"Oakwood Clips 6 Blouson, Verde, S para Mujer","Label":"Title","Locale":"es_ES"}},"Offers":{"Summaries":[{"Condition":{"Value":"New"},"LowestPrice":{"Amount":163.86,"Currency":"EUR","DisplayAmount":"163,86 €"}}]}}],"SearchURL":"https://www.amazon.es/s?k=cuero+verdes&rh=n%3A3074298031%2Cp_n_availability%3A-1&tag=topinalambricos-21&linkCode=osi","TotalResultCount":1000}},"39":{"SearchResult":{"Items":[{"ASIN":"B09HKH2DWP","DetailPageURL":"https://www.amazon.es/dp/B09HKH2DWP?tag=topinalambricos-21&linkCode=osi&th=1&psc=1","Images":{"Primary":{"Small":{"Height":75,"URL":"https://m.media-amazon.com/images/I/41GWhs-WMPL._SL75_.jpg","Width":75}}},"ItemInfo":{"ByLineInfo":{"Brand":{"DisplayValue":"Toocool","Label":"Brand","Locale":"es_ES"},"Manufacturer":{"DisplayValue":"Toocool","Label":"Manufacturer","Locale":"es_ES"}},"Title":{"DisplayValue":"Toocool Chaqueta de mujer corta de piel sintética Bolero sin cierre rizado VB-10381, Color blanco., XL","Label":"Title","Locale":"es_ES"}},"Offers":{"Summaries":[{"Condition":{"Value":"New"},"LowestPrice":{"Amount":22.84,"Currency":"EUR","DisplayAmount":"22,84 €"}}]}},{"ASIN":"B09GKD1DQ1","DetailPageURL":"https://www.amazon.es/dp/B09GKD1DQ1?tag=topinalambricos-21&linkCode=osi&th=1&psc=1","Images":{"Primary":{"Small":{"Height":75,"URL":"https://m.media-amazon.com/images/I/31-MYSlCjOL._SL75_.jpg","Width":60}}},"ItemInfo":{"ByLineInfo":{"Brand":{"DisplayValue":"Desires","Label":"Brand","Locale":"es_ES"},"Manufacturer":{"DisplayValue":"Redefined Fashion","Label":"Manufacturer","Locale":"es_ES"}},"Title":{"DisplayValue":"Desires Tabarak para Mujer, Beige (0265 Sandshell), XXL","Label":"Title","Locale":"es_ES"}},"Offers":{"Summaries":[{"Condition":{"Value":"New"},"LowestPrice":{"Amount":77.0,"Currency":"EUR","DisplayAmount":"77,00 €"}}]}},{"ASIN":"B092DW5CLW","DetailPageURL":"https://www.amazon.es/dp/B092DW5CLW?tag=topinalambricos-21&linkCode=osi&th=1&psc=1","Images":{"Primary":{"Small":{"Height":75,"URL":"https://m.media-amazon.com/images/I/41qIiZz4ZWL._SL75_.jpg","Width":57}}},"ItemInfo":{"ByLineInfo":{"Brand":{"DisplayValue":"Freaky Nation","Label":"Brand","Locale":"es_ES"},"Manufacturer":{"DisplayValue":"Freaky Nation","Label":"Manufacturer","Locale":"es_ES"}},"Title":{"DisplayValue":"Freaky Nation Fast Tula-fn Chaqueta de Cuero, Blanco Hueso, XXL para Mujer","Label":"Title","Locale":"es_ES"}},"Offers":{"Summaries":[{"Condition":{"Value":"New"},"LowestPrice":{"Amount":92.43,"Currency":"EUR","DisplayAmount":"92,43 €"}},{"Condition":{"Value":"Used"},"LowestPrice":{"Amount":77.36,"Currency":"EUR","DisplayAmount":"77,36 €"}}]}},{"ASIN":"B07PXYG845","DetailPageURL":"https://www.amazon.es/dp/B07PXYG845?tag=topinalambricos-21&linkCode=osi&th=1&psc=1","Images":{"Primary":{"Small":{"Height":75,"URL":"https://m.media-amazon.com/images/I/31+XfzrvAzS._SL75_.jpg","Width":57}}},"ItemInfo":{"ByLineInfo":{"Brand":{"DisplayValue":"Only","Label":"Brand","Locale":"es_ES"},"Manufacturer":{"DisplayValue":"ONLY NOS","Label":"Manufacturer","Locale":"es_ES"}},"Title":{"DisplayValue":"Only Onltia Dnm Jacket BB Col Bex168a Noos Chaqueta Vaquera, Blanco (White White), 40 (Talla del Fabricante: 38.0) para Mujer","Label":"Title","Locale":"es_ES"}},"Offers":{"Summaries":[{"Condition":{"Value":"Used"},"LowestPrice":{"Amount":24.72,"Currency":"EUR","DisplayAmount":"24,72 €"}},{"Condition":{"Value":"New"},"LowestPrice":{"Amount":28.57,"Currency":"EUR","DisplayAmount":"28,57 €"}}]}},{"ASIN":"B0B6C7WGWZ","DetailPageURL":"https://www.amazon.es/dp/B0B6C7WGWZ?tag=topinalambricos-21&linkCode=osi&th=1&psc=1","Images":{"Primary":{"Small":{"Height":75,"URL":"https://m.media-amazon.com/images/I/419TG8QCc8L._SL75_.jpg","Width":57}}},"ItemInfo":{"ByLineInfo":{"Brand":{"DisplayValue":"The Drop","Label":"Brand","Locale":"es_ES"},"Manufacturer":{"DisplayValue":"The Drop","Label":"Manufacturer","Locale":"es_ES"}},"Title":{"DisplayValue":"The Drop Heather Chaqueta de Cuero Sintético de Estilo Motero para Mujer, Marfil, XS","Label":"Title","Locale":"es_ES"}},"Offers":{"Summaries":[{"Condition":{"Value":"New"},"LowestPrice":{"Amount":69.9,"Currency":"EUR","DisplayAmount":"69,90 €"}}]}},{"ASIN":"B0BT54YTQH","DetailPageURL":"https://www.amazon.es/dp/B0BT54YTQH?tag=topinalambricos-21&linkCode=osi&th=1&psc=1","Images":{"Primary":{"Small":{"Height":75,"URL":"https://m.media-amazon.com/images/I/31hHcEN+GNL._SL75_.jpg","Width":51}}},"ItemInfo":{"ByLineInfo":{"Brand":{"DisplayValue":"KOROSHI MANIAKS GRAPHIC DESIGN TM","Label":"Brand","Locale":"es_ES"}},"Title":{"DisplayValue":"Koroshi Cazadora Denim Vaquera Color Blanco para Mujer, de Color Blanco, Talla M","Label":"Title","Locale":"es_ES"}},"Offers":{"Summaries":[{"Condition":{"Value":"New"},"LowestPrice":{"Amount":49.99,"Currency":"EUR","DisplayAmount":"49,99 €"}}]}},{"ASIN":"B094D2XWDK","DetailPageURL":"https://www.amazon.es/dp/B094D2XWDK?tag=topinalambricos-21&linkCode=osi&th=1&psc=1","Images":{"Primary":{"Small":{"Height":75,"URL":"https://m.media-amazon.com/images/I/41gjbmbQXDS._SL75_.jpg","Width":56}}},"ItemInfo":{"ByLineInfo":{"Brand":{"DisplayValue":"Allegra K","Label":"Brand","Locale":"es_ES"},"Manufacturer":{"DisplayValue":"Allegra K","Label":"Manufacturer","Locale":"es_ES"}},"Title":{"DisplayValue":"Allegra K Chaqueta corta de motociclista ligera con cuello alto y cremallera para mujer, blanco, 40","Label":"Title","Locale":"es_ES"}},"Offers":{"Summaries":[{"Condition":{"Value":"New"},"LowestPrice":{"Amount":53.25,"Currency":"EUR","DisplayAmount":"53,25 €"}}]}},{"ASIN":"B07Y3MSGLS","DetailPageURL":"https://www.amazon.es/dp/B07Y3MSGLS?tag=topinalambricos-21&linkCode=osi&th=1&psc=1","Images":{"Primary":{"Small":{"Height":75,"URL":"https://m.media-amazon.com/images/I/41u+ci5hO9L._SL75_.jpg","Width":75}}},"ItemInfo":{"ByLineInfo":{"Brand":{"DisplayValue":"riou","Label":"Brand","Locale":"es_ES"}},"Title":{"DisplayValue":"riou Mujeres Chaqueta de Motor Abrigo Cremallera Biker Short Punk Tops Cortos Chaqueta Cuero Capa Jacket Parka Pullover Adolescentes Chicas Outwear Cortas","Label":"Title","Locale":"es_ES"}},"Offers":{"Summaries":[{"Condition":{"Value":"New"},"LowestPrice":{"Amount":17.14,"Currency":"EUR","DisplayAmount":"17,14 €"}}]}},{"ASIN":"B082V32627","DetailPageURL":"https://www.amazon.es/dp/B082V32627?tag=topinalambricos-21&linkCode=osi&th=1&psc=1","Images":{"Primary":{"Small":{"Height":75,"URL":"https://m.media-amazon.com/images/I/41zyzv4CVNL._SL75_.jpg","Width":49}}},"ItemInfo":{"ByLineInfo":{"Brand":{"DisplayValue":"Levi's","Label":"Brand","Locale":"es_ES"},"Manufacturer":{"DisplayValue":"Levi's","Label":"Manufacturer","Locale":"es_ES"}},"Title":{"DisplayValue":"Levi's Chaqueta de motocross de piel sintética para mujer (tallas estándar y grandes) - blanco - XS","Label":"Title","Locale":"es_ES"}},"Offers":{"Summaries":[{"Condition":{"Value":"New"},"LowestPrice":{"Amount":96.97,"Currency":"EUR","DisplayAmount":"96,97 €"}}]}},{"ASIN":"B0BNW89L82","DetailPageURL":"https://www.amazon.es/dp/B0BNW89L82?tag=topinalambricos-21&linkCode=osi&th=1&psc=1","Images":{"Primary":{"Small":{"Height":75,"URL":"https://m.media-amazon.com/images/I/31881w5JLaL._SL75_.jpg","Width":51}}},"ItemInfo":{"ByLineInfo":{"Brand":{"DisplayValue":"KOROSHI MANIAKS GRAPHIC DESIGN TM","Label":"Brand","Locale":"es_ES"}},"Title":{"DisplayValue":"Koroshi Chaqueta Cazadora Cuero sintético con Cuello Mao para Mujer, de Color Blanco, Talla XXL","Label":"Title","Locale":"es_ES"}},"Offers":{"Summaries":[{"Condition":{"Value":"New"},"LowestPrice":{"Amount":59.99,"Currency":"EUR","DisplayAmount":"59,99 €"}}]}}],"SearchURL":"https://www.amazon.es/s?k=cuero+blanco&rh=n%3A3074298031%2Cp_n_availability%3A-1&tag=topinalambricos-21&linkCode=osi","TotalResultCount":960}},"41":{"SearchResult":{"Items":[{"ASIN":"B07XTYB42M","DetailPageURL":"https://www.amazon.es/dp/B07XTYB42M?tag=topinalambricos-21&linkCode=osi&th=1&psc=1","Images":{"Primary":{"Small":{"Height":75,"URL":"https://m.media-amazon.com/images/I/31stF7WSM8L._SL75_.jpg","Width":53}}},"ItemInfo":{"ByLineInfo":{"Brand":{"DisplayValue":"Levi's","Label":"Brand","Locale":"es_ES"},"Manufacturer":{"DisplayValue":"Levi's","Label":"Manufacturer","Locale":"es_ES"}},"Title":{"DisplayValue":"Levi's chamarra bomber con capucha resistente al agua para hombre - Negro - Medium","Label":"Title","Locale":"es_ES"}},"Offers":{"Summaries":[{"Condition":{"Value":"New"},"LowestPrice":{"Amount":85.0,"Currency":"EUR","DisplayAmount":"85,00 €"}}]}},{"ASIN":"B08PDKQ8HD","DetailPageURL":"https://www.amazon.es/dp/B08PDKQ8HD?tag=topinalambricos-21&linkCode=osi&th=1&psc=1","Images":{"Primary":{"Small":{"Height":75,"URL":"https://m.media-amazon.com/images/I/41iosq91QjS._SL75_.jpg","Width":57}}},"ItemInfo":{"ByLineInfo":{"Brand":{"DisplayValue":"Levi's","Label":"Brand","Locale":"es_ES"},"Manufacturer":{"DisplayValue":"Levi's","Label":"Manufacturer","Locale":"es_ES"}},"Title":{"DisplayValue":"Levi's The Trucker Jacket Hombre Rockridge (Azul) XL -","Label":"Title","Locale":"es_ES"}},"Offers":{"Summaries":[{"Condition":{"Value":"New"},"LowestPrice":{"Amount":99.9,"Currency":"EUR","DisplayAmount":"99,90 €"}}]}},{"ASIN":"B01MQYLP1U","DetailPageURL":"https://www.amazon.es/dp/B01MQYLP1U?tag=topinalambricos-21&linkCode=osi&th=1&psc=1","Images":{"Primary":{"Small":{"Height":75,"URL":"https://m.media-amazon.com/images/I/41Vl+-Sw+CL._SL75_.jpg","Width":39}}},"ItemInfo":{"ByLineInfo":{"Brand":{"DisplayValue":"Levi's","Label":"Brand","Locale":"es_ES"},"Manufacturer":{"DisplayValue":"Levi's Women's Outerwear","Label":"Manufacturer","Locale":"es_ES"}},"Title":{"DisplayValue":"Levi's Chaqueta de Piel sintética Acolchada de Moda Cuero, Negro, XL para Mujer","Label":"Title","Locale":"es_ES"}},"Offers":{"Summaries":[{"Condition":{"Value":"New"},"LowestPrice":{"Amount":103.7,"Currency":"EUR","DisplayAmount":"103,70 €"}}]}},{"ASIN":"B07ZVPPKZS","DetailPageURL":"https://www.amazon.es/dp/B07ZVPPKZS?tag=topinalambricos-21&linkCode=osi&th=1&psc=1","Images":{"Primary":{"Small":{"Height":75,"URL":"https://m.media-amazon.com/images/I/61iZek7V7dL._SL75_.jpg","Width":75}}},"ItemInfo":{"ByLineInfo":{"Brand":{"DisplayValue":"Levi's","Label":"Brand","Locale":"es_ES"},"Manufacturer":{"DisplayValue":"LEVI'S","Label":"Manufacturer","Locale":"es_ES"}},"Title":{"DisplayValue":"Levi's Type 3 Sherpa Trucker Chaqueta Hombre Fable (Azul) S -","Label":"Title","Locale":"es_ES"}},"Offers":{"Summaries":[{"Condition":{"Value":"New"},"LowestPrice":{"Amount":77.95,"Currency":"EUR","DisplayAmount":"77,95 €"}}]}},{"ASIN":"B07K4Y5TSB","DetailPageURL":"https://www.amazon.es/dp/B07K4Y5TSB?tag=topinalambricos-21&linkCode=osi&th=1&psc=1","Images":{"Primary":{"Small":{"Height":75,"URL":"https://m.media-amazon.com/images/I/41+nAktCgZL._SL75_.jpg","Width":57}}},"ItemInfo":{"ByLineInfo":{"Brand":{"DisplayValue":"Levi's","Label":"Brand","Locale":"es_ES"},"Manufacturer":{"DisplayValue":"Levi's","Label":"Manufacturer","Locale":"es_ES"}},"Title":{"DisplayValue":"Levi's The Trucker Jacket Hombre Palmer (Azul) L","Label":"Title","Locale":"es_ES"}},"Offers":{"Summaries":[{"Condition":{"Value":"New"},"LowestPrice":{"Amount":120.0,"Currency":"EUR","DisplayAmount":"120,00 €"}}]}},{"ASIN":"B08239M7V6","DetailPageURL":"https://www.amazon.es/dp/B08239M7V6?tag=topinalambricos-21&linkCode=osi&th=1&psc=1","Images":{"Primary":{"Small":{"Height":75,"URL":"https://m.media-amazon.com/images/I/519dJoktuRL._SL75_.jpg","Width":57}}},"ItemInfo":{"ByLineInfo":{"Brand":{"DisplayValue":"Levi's","Label":"Brand","Locale":"es_ES"},"Manufacturer":{"DisplayValue":"Levi's","Label":"Manufacturer","Locale":"es_ES"}},"Title":{"DisplayValue":"Levi's Big & Tall Trucker Chaqueta Hombre Killebrew (Neutro) 5XL -","Label":"Title","Locale":"es_ES"}},"Offers":{"Summaries":[{"Condition":{"Value":"New"},"LowestPrice":{"Amount":84.75,"Currency":"EUR","DisplayAmount":"84,75 €"}}]}},{"ASIN":"B07FDK74XD","DetailPageURL":"https://www.amazon.es/dp/B07FDK74XD?tag=topinalambricos-21&linkCode=osi&th=1&psc=1","Images":{"Primary":{"Small":{"Height":75,"URL":"https://m.media-amazon.com/images/I/41SSZSswzZL._SL75_.jpg","Width":60}}},"ItemInfo":{"ByLineInfo":{"Brand":{"DisplayValue":"Levi's","Label":"Brand","Locale":"es_ES"},"Manufacturer":{"DisplayValue":"Levi's","Label":"Manufacturer","Locale":"es_ES"}},"Title":{"DisplayValue":"Levi's Chaqueta de motocicleta de piel sintética con cinturón para mujer (tallas estándar y grandes) - negro - S","Label":"Title","Locale":"es_ES"}},"Offers":{"Summaries":[{"Condition":{"Value":"New"},"LowestPrice":{"Amount":103.19,"Currency":"EUR","DisplayAmount":"103,19 €"}}]}},{"ASIN":"B07ZVNTHDS","DetailPageURL":"https://www.amazon.es/dp/B07ZVNTHDS?tag=topinalambricos-21&linkCode=osi&th=1&psc=1","Images":{"Primary":{"Small":{"Height":75,"URL":"https://m.media-amazon.com/images/I/41DkzcmCu8L._SL75_.jpg","Width":56}}},"ItemInfo":{"ByLineInfo":{"Brand":{"DisplayValue":"Levi's","Label":"Brand","Locale":"es_ES"},"Manufacturer":{"DisplayValue":"Levi's","Label":"Manufacturer","Locale":"es_ES"}},"Title":{"DisplayValue":"Levi's Presidio Packable Jacket Mineral Black Chaqueta, XL para Hombre","Label":"Title","Locale":"es_ES"}},"Offers":{"Summaries":[{"Condition":{"Value":"New"},"LowestPrice":{"Amount":59.9,"Currency":"EUR","DisplayAmount":"59,90 €"}}]}},{"ASIN":"B07FK956B7","DetailPageURL":"https://www.amazon.es/dp/B07FK956B7?tag=topinalambricos-21&linkCode=osi&th=1&psc=1","Images":{"Primary":{"Small":{"Height":75,"URL":"https://m.media-amazon.com/images/I/41KGmfkcuJL._SL75_.jpg","Width":64}}},"ItemInfo":{"ByLineInfo":{"Brand":{"DisplayValue":"Levi's","Label":"Brand","Locale":"es_ES"},"Manufacturer":{"DisplayValue":"Levi's","Label":"Manufacturer","Locale":"es_ES"}},"Title":{"DisplayValue":"Levi's Chaqueta de camionero Sherpa de piel sintética para hombre - marrón - Small","Label":"Title","Locale":"es_ES"}},"Offers":{"Summaries":[{"Condition":{"Value":"New"},"LowestPrice":{"Amount":93.98,"Currency":"EUR","DisplayAmount":"93,98 €"}}]}},{"ASIN":"B092RBWHVN","DetailPageURL":"https://www.amazon.es/dp/B092RBWHVN?tag=topinalambricos-21&linkCode=osi&th=1&psc=1","Images":{"Primary":{"Small":{"Height":75,"URL":"https://m.media-amazon.com/images/I/41f+ldu2FHS._SL75_.jpg","Width":75}}},"ItemInfo":{"ByLineInfo":{"Brand":{"DisplayValue":"Levi's","Label":"Brand","Locale":"es_ES"},"Manufacturer":{"DisplayValue":"Levi's Women's Outerwear","Label":"Manufacturer","Locale":"es_ES"}},"Title":{"DisplayValue":"Levi's Chaqueta de Motocross de Piel sintética (estándar y Grande), Biscotti, L para Mujer","Label":"Title","Locale":"es_ES"}},"Offers":{"Summaries":[{"Condition":{"Value":"New"},"LowestPrice":{"Amount":80.16,"Currency":"EUR","DisplayAmount":"80,16 €"}}]}}],"SearchURL":"https://www.amazon.es/s?k=chamarra+cuero+levis&rh=p_n_availability%3A-1&tag=topinalambricos-21&linkCode=osi","TotalResultCount":27}},"42":{"SearchResult":{"Items":[{"ASIN":"B07BN7CZ7G","DetailPageURL":"https://www.amazon.es/dp/B07BN7CZ7G?tag=topinalambricos-21&linkCode=osi&th=1&psc=1","Images":{"Primary":{"Small":{"Height":75,"URL":"https://m.media-amazon.com/images/I/51l4b5GG9yL._SL75_.jpg","Width":60}}},"ItemInfo":{"ByLineInfo":{"Brand":{"DisplayValue":"Leif Nelson","Label":"Brand","Locale":"es_ES"},"Manufacturer":{"DisplayValue":"Leif Nelson","Label":"Manufacturer","Locale":"es_ES"}},"Title":{"DisplayValue":"Leif Nelson chaqueta con capucha chaqueta de mezclilla de los hombres LN-5615 Antracita Large","Label":"Title","Locale":"es_ES"}},"Offers":{"Summaries":[{"Condition":{"Value":"New"},"LowestPrice":{"Amount":114.99,"Currency":"EUR","DisplayAmount":"114,99 €"}}]}},{"ASIN":"B09DWTFXWY","DetailPageURL":"https://www.amazon.es/dp/B09DWTFXWY?tag=topinalambricos-21&linkCode=osi&th=1&psc=1","Images":{"Primary":{"Small":{"Height":75,"URL":"https://m.media-amazon.com/images/I/41bMjbPJmEL._SL75_.jpg","Width":56}}},"ItemInfo":{"ByLineInfo":{"Brand":{"DisplayValue":"Belstaff","Label":"Brand","Locale":"es_ES"}},"Title":{"DisplayValue":"Belstaff Chaqueta, Negro","Label":"Title","Locale":"es_ES"}},"Offers":{"Summaries":[{"Condition":{"Value":"New"},"LowestPrice":{"Amount":958.8,"Currency":"EUR","DisplayAmount":"958,80 €"}}]}},{"ASIN":"B07NSRNG96","DetailPageURL":"https://www.amazon.es/dp/B07NSRNG96?tag=topinalambricos-21&linkCode=osi&th=1&psc=1","Images":{"Primary":{"Small":{"Height":75,"URL":"https://m.media-amazon.com/images/I/41AR7li6esL._SL75_.jpg","Width":62}}},"ItemInfo":{"ByLineInfo":{"Brand":{"DisplayValue":"Belstaff","Label":"Brand","Locale":"es_ES"},"Manufacturer":{"DisplayValue":"Belstaff","Label":"Manufacturer","Locale":"es_ES"}},"Title":{"DisplayValue":"Belstaff Brooklands 2.0 - Chaqueta textil para moto, para hombre, Chopper/Cruiser, todo el año, algodón, verde, XXL","Label":"Title","Locale":"es_ES"}},"Offers":{"Summaries":[{"Condition":{"Value":"New"},"LowestPrice":{"Amount":597.99,"Currency":"EUR","DisplayAmount":"597,99 €"}}]}},{"ASIN":"B08W8P56DT","DetailPageURL":"https://www.amazon.es/dp/B08W8P56DT?tag=topinalambricos-21&linkCode=osi&th=1&psc=1","Images":{"Primary":{"Small":{"Height":75,"URL":"https://m.media-amazon.com/images/I/41EIr87ky5L._SL75_.jpg","Width":75}}},"ItemInfo":{"ByLineInfo":{"Brand":{"DisplayValue":"Belstaff","Label":"Brand","Locale":"es_ES"}},"Title":{"DisplayValue":"Belstaff","Label":"Title","Locale":"es_ES"}},"Offers":{"Summaries":[{"Condition":{"Value":"New"},"LowestPrice":{"Amount":914.99,"Currency":"EUR","DisplayAmount":"914,99 €"}}]}},{"ASIN":"B079MHBKTN","DetailPageURL":"https://www.amazon.es/dp/B079MHBKTN?tag=topinalambricos-21&linkCode=osi&th=1&psc=1","Images":{"Primary":{"Small":{"Height":74,"URL":"https://m.media-amazon.com/images/I/51JFWGNw82L._SL75_.jpg","Width":75}}},"ItemInfo":{"ByLineInfo":{"Brand":{"DisplayValue":"Belstaff","Label":"Brand","Locale":"es_ES"}},"Title":{"DisplayValue":"Belstaff 71020539-60018 V-Racer Leather Jacket Dark Brown (52, Dark Brown)","Label":"Title","Locale":"es_ES"}},"Offers":{"Summaries":[{"Condition":{"Value":"New"},"LowestPrice":{"Amount":890.0,"Currency":"EUR","DisplayAmount":"890,00 €"}}]}},{"ASIN":"B084C34S2H","DetailPageURL":"https://www.amazon.es/dp/B084C34S2H?tag=topinalambricos-21&linkCode=osi&th=1&psc=1","Images":{"Primary":{"Small":{"Height":75,"URL":"https://m.media-amazon.com/images/I/41vTCsKcCpL._SL75_.jpg","Width":75}}},"ItemInfo":{"ByLineInfo":{"Brand":{"DisplayValue":"Belstaff","Label":"Brand","Locale":"es_ES"}},"Title":{"DisplayValue":"Belstaff Chaqueta Hombres 71020820 Outlaw 2.0 Black Cuero Negro","Label":"Title","Locale":"es_ES"}},"Offers":{"Summaries":[{"Condition":{"Value":"New"},"LowestPrice":{"Amount":1678.8,"Currency":"EUR","DisplayAmount":"1.678,80 €"}}]}},{"ASIN":"B07R7C8LDS","DetailPageURL":"https://www.amazon.es/dp/B07R7C8LDS?tag=topinalambricos-21&linkCode=osi&th=1&psc=1","Images":{"Primary":{"Small":{"Height":75,"URL":"https://m.media-amazon.com/images/I/41Jm4iOEejL._SL75_.jpg","Width":51}}},"ItemInfo":{"ByLineInfo":{"Brand":{"DisplayValue":"Belstaff","Label":"Brand","Locale":"es_ES"},"Manufacturer":{"DisplayValue":"Belstaff","Label":"Manufacturer","Locale":"es_ES"}},"Title":{"DisplayValue":"Belstaff Trialmaster Pro - Chaqueta de motorista con protecciones para hombre (algodón para todo el año), Marrón +, XS","Label":"Title","Locale":"es_ES"}},"Offers":{"Summaries":[{"Condition":{"Value":"New"},"LowestPrice":{"Amount":663.99,"Currency":"EUR","DisplayAmount":"663,99 €"}}]}},{"ASIN":"B08CKJSC3K","DetailPageURL":"https://www.amazon.es/dp/B08CKJSC3K?tag=topinalambricos-21&linkCode=osi&th=1&psc=1","Images":{"Primary":{"Small":{"Height":75,"URL":"https://m.media-amazon.com/images/I/41HFAVXrSwL._SL75_.jpg","Width":75}}},"ItemInfo":{"ByLineInfo":{"Brand":{"DisplayValue":"Belstaff","Label":"Brand","Locale":"es_ES"},"Manufacturer":{"DisplayValue":"Belstaff","Label":"Manufacturer","Locale":"es_ES"}},"Title":{"DisplayValue":"Belstaff Giacca 71050519 Black Size:50","Label":"Title","Locale":"es_ES"}},"Offers":{"Summaries":[{"Condition":{"Value":"New"},"LowestPrice":{"Amount":499.0,"Currency":"EUR","DisplayAmount":"499,00 €"}}]}},{"ASIN":"B01HI3DIWS","DetailPageURL":"https://www.amazon.es/dp/B01HI3DIWS?tag=topinalambricos-21&linkCode=osi&th=1&psc=1","Images":{"Primary":{"Small":{"Height":75,"URL":"https://m.media-amazon.com/images/I/419OXECIkeL._SL75_.jpg","Width":55}}},"ItemInfo":{"ByLineInfo":{"Brand":{"DisplayValue":"Belstaff","Label":"Brand","Locale":"es_ES"},"Manufacturer":{"DisplayValue":"Belstaff","Label":"Manufacturer","Locale":"es_ES"}},"Title":{"DisplayValue":"Belstaff Chaqueta Tildon Azul Noche ES 52","Label":"Title","Locale":"es_ES"}},"Offers":{"Summaries":[{"Condition":{"Value":"New"},"LowestPrice":{"Amount":595.0,"Currency":"EUR","DisplayAmount":"595,00 €"}}]}},{"ASIN":"B07PF2JWVD","DetailPageURL":"https://www.amazon.es/dp/B07PF2JWVD?tag=topinalambricos-21&linkCode=osi&th=1&psc=1","Images":{"Primary":{"Small":{"Height":75,"URL":"https://m.media-amazon.com/images/I/31YslrSy7GS._SL75_.jpg","Width":57}}},"ItemInfo":{"ByLineInfo":{"Brand":{"DisplayValue":"Belstaff","Label":"Brand","Locale":"es_ES"},"Manufacturer":{"DisplayValue":"Belstaff","Label":"Manufacturer","Locale":"es_ES"}},"Title":{"DisplayValue":"Belstaff Temple XL","Label":"Title","Locale":"es_ES"}},"Offers":{"Summaries":[{"Condition":{"Value":"New"},"LowestPrice":{"Amount":345.83,"Currency":"EUR","DisplayAmount":"345,83 €"}}]}}],"SearchURL":"https://www.amazon.es/s?k=chaqueta+cuero+belstaff&rh=p_n_availability%3A-1&tag=topinalambricos-21&linkCode=osi","TotalResultCount":164}},"43":{"SearchResult":{"Items":[{"ASIN":"B00Z7W6NN4","DetailPageURL":"https://www.amazon.es/dp/B00Z7W6NN4?tag=topinalambricos-21&linkCode=osi&th=1&psc=1","Images":{"Primary":{"Small":{"Height":75,"URL":"https://m.media-amazon.com/images/I/41oCURgTvFL._SL75_.jpg","Width":59}}},"ItemInfo":{"ByLineInfo":{"Brand":{"DisplayValue":"Redbridge","Label":"Brand","Locale":"es_ES"},"Manufacturer":{"DisplayValue":"Red Bridge","Label":"Manufacturer","Locale":"es_ES"}},"Title":{"DisplayValue":"Redbridge Chaqueta de cuero sintético para hombre Cazadora de transición acanalada Negro XXL","Label":"Title","Locale":"es_ES"}},"Offers":{"Summaries":[{"Condition":{"Value":"New"},"LowestPrice":{"Amount":79.9,"Currency":"EUR","DisplayAmount":"79,90 €"}}]}},{"ASIN":"B08WRXGY2S","DetailPageURL":"https://www.amazon.es/dp/B08WRXGY2S?tag=topinalambricos-21&linkCode=osi&th=1&psc=1","Images":{"Primary":{"Small":{"Height":75,"URL":"https://m.media-amazon.com/images/I/41bA9klpaKL._SL75_.jpg","Width":56}}},"ItemInfo":{"ByLineInfo":{"Brand":{"DisplayValue":"trueprodigy","Label":"Brand","Locale":"es_ES"},"Manufacturer":{"DisplayValue":"trueprodigy","Label":"Manufacturer","Locale":"es_ES"}},"Title":{"DisplayValue":"trueprodigy Casual Mujer Marca Chaqueta De Cuero Autentica Ropa Retro Vintage Rock Vestir Moda Moto Verano Manga Larga Slim Fit Designer Fashion Jacket, Colores:Black, Tamaño:M","Label":"Title","Locale":"es_ES"}},"Offers":{"Summaries":[{"Condition":{"Value":"New"},"LowestPrice":{"Amount":239.99,"Currency":"EUR","DisplayAmount":"239,99 €"}}]}},{"ASIN":"B0B8H9CW38","DetailPageURL":"https://www.amazon.es/dp/B0B8H9CW38?tag=topinalambricos-21&linkCode=osi&th=1&psc=1","Images":{"Primary":{"Small":{"Height":75,"URL":"https://m.media-amazon.com/images/I/41KfAd44I6L._SL75_.jpg","Width":51}}},"ItemInfo":{"ByLineInfo":{"Brand":{"DisplayValue":"Gipsy","Label":"Brand","Locale":"es_ES"},"Manufacturer":{"DisplayValue":"GIPSY","Label":"Manufacturer","Locale":"es_ES"}},"Title":{"DisplayValue":"Gipsy Marc LAKEV Chaqueta DE Cuero, Bio Navy/Black, XL para Hombre","Label":"Title","Locale":"es_ES"}},"Offers":{"Summaries":[{"Condition":{"Value":"New"},"LowestPrice":{"Amount":170.95,"Currency":"EUR","DisplayAmount":"170,95 €"}}]}},{"ASIN":"B08NJNXTNB","DetailPageURL":"https://www.amazon.es/dp/B08NJNXTNB?tag=topinalambricos-21&linkCode=osi&th=1&psc=1","Images":{"Primary":{"Small":{"Height":75,"URL":"https://m.media-amazon.com/images/I/41cB-oaOcWL._SL75_.jpg","Width":49}}},"ItemInfo":{"ByLineInfo":{"Brand":{"DisplayValue":"trueprodigy","Label":"Brand","Locale":"es_ES"},"Manufacturer":{"DisplayValue":"trueprodigy","Label":"Manufacturer","Locale":"es_ES"}},"Title":{"DisplayValue":"trueprodigy Casual Hombre Marca Chaqueta De Cuero Autentica Ropa Retro Vintage Rock Vestir Moda Moto Verano Manga Larga Slim Fit Designer Fashion Jacket, Colores:Schwarz Rivet, Tamaño:L","Label":"Title","Locale":"es_ES"}},"Offers":{"Summaries":[{"Condition":{"Value":"New"},"LowestPrice":{"Amount":279.99,"Currency":"EUR","DisplayAmount":"279,99 €"}}]}},{"ASIN":"B08VZ5KBN4","DetailPageURL":"https://www.amazon.es/dp/B08VZ5KBN4?tag=topinalambricos-21&linkCode=osi&th=1&psc=1","Images":{"Primary":{"Small":{"Height":75,"URL":"https://m.media-amazon.com/images/I/41LqzfLQDML._SL75_.jpg","Width":49}}},"ItemInfo":{"ByLineInfo":{"Brand":{"DisplayValue":"trueprodigy","Label":"Brand","Locale":"es_ES"},"Manufacturer":{"DisplayValue":"trueprodigy","Label":"Manufacturer","Locale":"es_ES"}},"Title":{"DisplayValue":"trueprodigy Casual Mujer Marca Chaqueta De Cuero Autentica Ropa Retro Vintage Rock Vestir Moda Moto Verano Manga Larga Slim Fit Designer Fashion Jacket, Colores:Schwarz Angled Zip, Tamaño:XS","Label":"Title","Locale":"es_ES"}},"Offers":{"Summaries":[{"Condition":{"Value":"New"},"LowestPrice":{"Amount":239.99,"Currency":"EUR","DisplayAmount":"239,99 €"}}]}},{"ASIN":"B0B82NJXY5","DetailPageURL":"https://www.amazon.es/dp/B0B82NJXY5?tag=topinalambricos-21&linkCode=osi&th=1&psc=1","Images":{"Primary":{"Small":{"Height":75,"URL":"https://m.media-amazon.com/images/I/41AJh7-jA5L._SL75_.jpg","Width":75}}},"ItemInfo":{"ByLineInfo":{"Brand":{"DisplayValue":"Hanaturu","Label":"Brand","Locale":"es_ES"},"Manufacturer":{"DisplayValue":"Hanaturu","Label":"Manufacturer","Locale":"es_ES"}},"Title":{"DisplayValue":"Chaquetas Mujer Invierno, Camisetas Divertidas, Sudadera Henley Styles, Sudaderas De Marca, Cazadora Vaquera, Chaqueta Blanca,Chaqueta De Punto, Camisas De Marca, Cazadora Cuero Mujer, Sudaderas Anime","Label":"Title","Locale":"es_ES"}},"Offers":{"Summaries":[{"Condition":{"Value":"New"},"LowestPrice":{"Amount":9.71,"Currency":"EUR","DisplayAmount":"9,71 €"}}]}},{"ASIN":"B08VZ31K49","DetailPageURL":"https://www.amazon.es/dp/B08VZ31K49?tag=topinalambricos-21&linkCode=osi&th=1&psc=1","Images":{"Primary":{"Small":{"Height":75,"URL":"https://m.media-amazon.com/images/I/416BE4ra06L._SL75_.jpg","Width":49}}},"ItemInfo":{"ByLineInfo":{"Brand":{"DisplayValue":"trueprodigy","Label":"Brand","Locale":"es_ES"},"Manufacturer":{"DisplayValue":"trueprodigy","Label":"Manufacturer","Locale":"es_ES"}},"Title":{"DisplayValue":"trueprodigy Casual Mujer Marca Chaqueta De Cuero Autentica Ropa Retro Vintage Rock Vestir Moda Moto Verano Manga Larga Slim Fit Designer Fashion Jacket, Colores:Schwarz Zip Details, Tamaño:XS","Label":"Title","Locale":"es_ES"}},"Offers":{"Summaries":[{"Condition":{"Value":"New"},"LowestPrice":{"Amount":239.99,"Currency":"EUR","DisplayAmount":"239,99 €"}}]}},{"ASIN":"B0B8246BRZ","DetailPageURL":"https://www.amazon.es/dp/B0B8246BRZ?tag=topinalambricos-21&linkCode=osi&th=1&psc=1","Images":{"Primary":{"Small":{"Height":75,"URL":"https://m.media-amazon.com/images/I/41VpH2Kg4kL._SL75_.jpg","Width":75}}},"ItemInfo":{"ByLineInfo":{"Brand":{"DisplayValue":"Hanaturu","Label":"Brand","Locale":"es_ES"},"Manufacturer":{"DisplayValue":"Hanaturu","Label":"Manufacturer","Locale":"es_ES"}},"Title":{"DisplayValue":"Chaquetas Mujer Invierno, Camisetas Divertidas, Sudadera Henley Styles, Sudaderas De Marca, Cazadora Vaquera, Chaqueta Blanca,Chaqueta De Punto, Camisas De Marca, Cazadora Cuero Mujer, Sudaderas Anime","Label":"Title","Locale":"es_ES"}},"Offers":{"Summaries":[{"Condition":{"Value":"New"},"LowestPrice":{"Amount":9.29,"Currency":"EUR","DisplayAmount":"9,29 €"}}]}},{"ASIN":"B0B8BS1N69","DetailPageURL":"https://www.amazon.es/dp/B0B8BS1N69?tag=topinalambricos-21&linkCode=osi&th=1&psc=1","Images":{"Primary":{"Small":{"Height":75,"URL":"https://m.media-amazon.com/images/I/41C2lC7sgUS._SL75_.jpg","Width":75}}},"ItemInfo":{"ByLineInfo":{"Brand":{"DisplayValue":"Hanaturu","Label":"Brand","Locale":"es_ES"},"Manufacturer":{"DisplayValue":"Hanaturu","Label":"Manufacturer","Locale":"es_ES"}},"Title":{"DisplayValue":"Chaquetas Mujer Invierno, Camisetas Divertidas, Sudadera Henley Styles, Sudaderas De Marca, Cazadora Vaquera, Chaqueta Blanca,Chaqueta De Punto, Camisas De Marca, Cazadora Cuero Mujer, Sudaderas Anime","Label":"Title","Locale":"es_ES"}},"Offers":{"Summaries":[{"Condition":{"Value":"New"},"LowestPrice":{"Amount":9.99,"Currency":"EUR","DisplayAmount":"9,99 €"}}]}},{"ASIN":"B0B826B4RV","DetailPageURL":"https://www.amazon.es/dp/B0B826B4RV?tag=topinalambricos-21&linkCode=osi&th=1&psc=1","Images":{"Primary":{"Small":{"Height":75,"URL":"https://m.media-amazon.com/images/I/51AyzgoPQ2L._SL75_.jpg","Width":75}}},"ItemInfo":{"ByLineInfo":{"Brand":{"DisplayValue":"Hanaturu","Label":"Brand","Locale":"es_ES"},"Manufacturer":{"DisplayValue":"Hanaturu","Label":"Manufacturer","Locale":"es_ES"}},"Title":{"DisplayValue":"Chaquetas Mujer Invierno, Camisetas Divertidas, Sudadera Henley Styles, Sudaderas De Marca, Cazadora Vaquera, Chaqueta Blanca,Chaqueta De Punto, Camisas De Marca, Cazadora Cuero Mujer, Sudaderas Anime","Label":"Title","Locale":"es_ES"}},"Offers":{"Summaries":[{"Condition":{"Value":"New"},"LowestPrice":{"Amount":9.29,"Currency":"EUR","DisplayAmount":"9,29 €"}}]}}],"SearchURL":"https://www.amazon.es/s?k=chaqueta+cuero+marca&rh=p_n_availability%3A-1&tag=topinalambricos-21&linkCode=osi","TotalResultCount":306}},"44":{"SearchResult":{"Items":[{"ASIN":"B098K7Y8FW","DetailPageURL":"https://www.amazon.es/dp/B098K7Y8FW?tag=topinalambricos-21&linkCode=osi&th=1&psc=1","Images":{"Primary":{"Small":{"Height":75,"URL":"https://m.media-amazon.com/images/I/41LffNctI4L._SL75_.jpg","Width":57}}},"ItemInfo":{"ByLineInfo":{"Brand":{"DisplayValue":"Pepe Jeans","Label":"Brand","Locale":"es_ES"},"Manufacturer":{"DisplayValue":"Pepe Jeans","Label":"Manufacturer","Locale":"es_ES"}},"Title":{"DisplayValue":"Pepe Jeans Lee Chaqueta, Marrón (Dark Brown), L para Hombre","Label":"Title","Locale":"es_ES"}},"Offers":{"Summaries":[{"Condition":{"Value":"New"},"LowestPrice":{"Amount":149.56,"Currency":"EUR","DisplayAmount":"149,56 €"}}]}},{"ASIN":"B09X15M1KN","DetailPageURL":"https://www.amazon.es/dp/B09X15M1KN?tag=topinalambricos-21&linkCode=osi&th=1&psc=1","Images":{"Primary":{"Small":{"Height":75,"URL":"https://m.media-amazon.com/images/I/413ecU5d7eL._SL75_.jpg","Width":57}}},"ItemInfo":{"ByLineInfo":{"Brand":{"DisplayValue":"Pepe Jeans","Label":"Brand","Locale":"es_ES"},"Manufacturer":{"DisplayValue":"Pepe Jeans","Label":"Manufacturer","Locale":"es_ES"}},"Title":{"DisplayValue":"Pepe Jeans Rinnas Chaqueta de Cuero Exterior, Negro (Black), M para Mujer","Label":"Title","Locale":"es_ES"}},"Offers":{"Summaries":[{"Condition":{"Value":"New"},"LowestPrice":{"Amount":148.0,"Currency":"EUR","DisplayAmount":"148,00 €"}}]}},{"ASIN":"B09X189MS3","DetailPageURL":"https://www.amazon.es/dp/B09X189MS3?tag=topinalambricos-21&linkCode=osi&th=1&psc=1","Images":{"Primary":{"Small":{"Height":75,"URL":"https://m.media-amazon.com/images/I/41xVWKhqveL._SL75_.jpg","Width":75}}},"ItemInfo":{"ByLineInfo":{"Brand":{"DisplayValue":"Pepe Jeans","Label":"Brand","Locale":"es_ES"},"Manufacturer":{"DisplayValue":"Pepe Jeans","Label":"Manufacturer","Locale":"es_ES"}},"Title":{"DisplayValue":"Pepe Jeans Mujer Core Jacket Chaqueta Vaquera, Azul (Denim-CQ7), M","Label":"Title","Locale":"es_ES"}},"Offers":{"Summaries":[{"Condition":{"Value":"New"},"LowestPrice":{"Amount":56.95,"Currency":"EUR","DisplayAmount":"56,95 €"}}]}},{"ASIN":"B07C47KXNF","DetailPageURL":"https://www.amazon.es/dp/B07C47KXNF?tag=topinalambricos-21&linkCode=osi&th=1&psc=1","Images":{"Primary":{"Small":{"Height":75,"URL":"https://m.media-amazon.com/images/I/41I3kQjgdZL._SL75_.jpg","Width":57}}},"ItemInfo":{"ByLineInfo":{"Brand":{"DisplayValue":"Pepe Jeans","Label":"Brand","Locale":"es_ES"},"Manufacturer":{"DisplayValue":"Pepe Jeans","Label":"Manufacturer","Locale":"es_ES"}},"Title":{"DisplayValue":"Pepe Jeans Olga Chaqueta, Negro, XS para Mujer","Label":"Title","Locale":"es_ES"}},"Offers":{"Summaries":[{"Condition":{"Value":"New"},"LowestPrice":{"Amount":78.0,"Currency":"EUR","DisplayAmount":"78,00 €"}}]}},{"ASIN":"B0B6WRMY73","DetailPageURL":"https://www.amazon.es/dp/B0B6WRMY73?tag=topinalambricos-21&linkCode=osi&th=1&psc=1","Images":{"Primary":{"Small":{"Height":75,"URL":"https://m.media-amazon.com/images/I/41DvJ5xiHBL._SL75_.jpg","Width":75}}},"ItemInfo":{"ByLineInfo":{"Brand":{"DisplayValue":"Pepe Jeans","Label":"Brand","Locale":"es_ES"}},"Title":{"DisplayValue":"Pepe Jeans - CHAQUETA DE PIEL ARETHA PL402096 EN COLOR NEGRO - CHAQUETA PARA MUJER (xl)","Label":"Title","Locale":"es_ES"}},"Offers":{"Summaries":[{"Condition":{"Value":"New"},"LowestPrice":{"Amount":294.0,"Currency":"EUR","DisplayAmount":"294,00 €"}}]}},{"ASIN":"B0B64D3X1C","DetailPageURL":"https://www.amazon.es/dp/B0B64D3X1C?tag=topinalambricos-21&linkCode=osi&th=1&psc=1","Images":{"Primary":{"Small":{"Height":75,"URL":"https://m.media-amazon.com/images/I/41a+S9aoINL._SL75_.jpg","Width":58}}},"ItemInfo":{"ByLineInfo":{"Brand":{"DisplayValue":"Pepe Jeans","Label":"Brand","Locale":"es_ES"},"Manufacturer":{"DisplayValue":"Pepe Jeans","Label":"Manufacturer","Locale":"es_ES"}},"Title":{"DisplayValue":"Pepe Jeans Cooper Chaqueta de Cuero, Negro, M para Hombre","Label":"Title","Locale":"es_ES"}},"Offers":{"Summaries":[{"Condition":{"Value":"New"},"LowestPrice":{"Amount":318.0,"Currency":"EUR","DisplayAmount":"318,00 €"}}]}},{"ASIN":"B0B64F9J9Y","DetailPageURL":"https://www.amazon.es/dp/B0B64F9J9Y?tag=topinalambricos-21&linkCode=osi&th=1&psc=1","Images":{"Primary":{"Small":{"Height":69,"URL":"https://m.media-amazon.com/images/I/41zrBdceXFL._SL75_.jpg","Width":75}}},"ItemInfo":{"ByLineInfo":{"Brand":{"DisplayValue":"Pepe Jeans","Label":"Brand","Locale":"es_ES"},"Manufacturer":{"DisplayValue":"Pepe Jeans","Label":"Manufacturer","Locale":"es_ES"}},"Title":{"DisplayValue":"Pepe Jeans Sophie Chaqueta de Cuero sintético, Azul (Dulwich), 8 Years para Niñas","Label":"Title","Locale":"es_ES"}},"Offers":{"Summaries":[{"Condition":{"Value":"New"},"LowestPrice":{"Amount":107.0,"Currency":"EUR","DisplayAmount":"107,00 €"}}]}},{"ASIN":"B09HXL7LLL","DetailPageURL":"https://www.amazon.es/dp/B09HXL7LLL?tag=topinalambricos-21&linkCode=osi&th=1&psc=1","Images":{"Primary":{"Small":{"Height":75,"URL":"https://m.media-amazon.com/images/I/414KIWTULaL._SL75_.jpg","Width":70}}},"ItemInfo":{"ByLineInfo":{"Brand":{"DisplayValue":"SHOBDW Camisetas","Label":"Brand","Locale":"es_ES"}},"Title":{"DisplayValue":"SHOBDW Chaquetas Moto de Hombre PU Cuero Descuento Cazadora Biker Abrigo Manga Larga Talla Grande Impermeable a Prueba de Viento Slim Fit Liquidación Venta(Marrón,M)","Label":"Title","Locale":"es_ES"}},"Offers":{"Summaries":[{"Condition":{"Value":"New"},"LowestPrice":{"Amount":30.99,"Currency":"EUR","DisplayAmount":"30,99 €"}}]}},{"ASIN":"B08SWRK6JX","DetailPageURL":"https://www.amazon.es/dp/B08SWRK6JX?tag=topinalambricos-21&linkCode=osi&th=1&psc=1","Images":{"Primary":{"Small":{"Height":75,"URL":"https://m.media-amazon.com/images/I/41oUOeqbaPL._SL75_.jpg","Width":57}}},"ItemInfo":{"ByLineInfo":{"Brand":{"DisplayValue":"Pepe Jeans","Label":"Brand","Locale":"es_ES"},"Manufacturer":{"DisplayValue":"Not available","Label":"Manufacturer","Locale":"es_ES"}},"Title":{"DisplayValue":"Pepe Jeans Eileen Chaqueta, Negro, XS para Mujer","Label":"Title","Locale":"es_ES"}},"Offers":{"Summaries":[{"Condition":{"Value":"New"},"LowestPrice":{"Amount":85.49,"Currency":"EUR","DisplayAmount":"85,49 €"}}]}},{"ASIN":"B09QLCVHB6","DetailPageURL":"https://www.amazon.es/dp/B09QLCVHB6?tag=topinalambricos-21&linkCode=osi&th=1&psc=1","Images":{"Primary":{"Small":{"Height":75,"URL":"https://m.media-amazon.com/images/I/4155hGEzzRL._SL75_.jpg","Width":57}}},"ItemInfo":{"ByLineInfo":{"Brand":{"DisplayValue":"Pepe Jeans","Label":"Brand","Locale":"es_ES"},"Manufacturer":{"DisplayValue":"Pepe Jeans","Label":"Manufacturer","Locale":"es_ES"}},"Title":{"DisplayValue":"Pepe Jeans Alexa, Chaquetas Mujer, Rojo (Burnt Red), M","Label":"Title","Locale":"es_ES"}},"Offers":{"Summaries":[{"Condition":{"Value":"New"},"LowestPrice":{"Amount":63.72,"Currency":"EUR","DisplayAmount":"63,72 €"}}]}}],"SearchURL":"https://www.amazon.es/s?k=chaqueta+cuero+pepe+jeans&rh=p_n_availability%3A-1&tag=topinalambricos-21&linkCode=osi","TotalResultCount":280}},"45":{"SearchResult":{"Items":[{"ASIN":"B09QH5XBTX","DetailPageURL":"https://www.amazon.es/dp/B09QH5XBTX?tag=topinalambricos-21&linkCode=osi&th=1&psc=1","Images":{"Primary":{"Small":{"Height":75,"URL":"https://m.media-amazon.com/images/I/41g+Y4rl8vL._SL75_.jpg","Width":57}}},"ItemInfo":{"ByLineInfo":{"Brand":{"DisplayValue":"Calvin Klein","Label":"Brand","Locale":"es_ES"},"Manufacturer":{"DisplayValue":"PVH","Label":"Manufacturer","Locale":"es_ES"}},"Title":{"DisplayValue":"Calvin Klein Faux Fur MW Fitted Long Puffer Chaquetas de plumón, Beige (Cáscara De Huevo), L para Mujer","Label":"Title","Locale":"es_ES"}},"Offers":{"Summaries":[{"Condition":{"Value":"New"},"LowestPrice":{"Amount":167.66,"Currency":"EUR","DisplayAmount":"167,66 €"}}]}},{"ASIN":"B09QH6J4BK","DetailPageURL":"https://www.amazon.es/dp/B09QH6J4BK?tag=topinalambricos-21&linkCode=osi&th=1&psc=1","Images":{"Primary":{"Small":{"Height":75,"URL":"https://m.media-amazon.com/images/I/41OPi+RJpBL._SL75_.jpg","Width":57}}},"ItemInfo":{"ByLineInfo":{"Brand":{"DisplayValue":"Calvin Klein","Label":"Brand","Locale":"es_ES"},"Manufacturer":{"DisplayValue":"PVH","Label":"Manufacturer","Locale":"es_ES"}},"Title":{"DisplayValue":"Calvin Klein Faux Fur MW Fitted Short Puffer Chaquetas de plumón, Verde (Algas oscuras), S para Mujer","Label":"Title","Locale":"es_ES"}},"Offers":{"Summaries":[{"Condition":{"Value":"New"},"LowestPrice":{"Amount":95.58,"Currency":"EUR","DisplayAmount":"95,58 €"}},{"Condition":{"Value":"Used"},"LowestPrice":{"Amount":91.93,"Currency":"EUR","DisplayAmount":"91,93 €"}}]}},{"ASIN":"B08BS6B8D2","DetailPageURL":"https://www.amazon.es/dp/B08BS6B8D2?tag=topinalambricos-21&linkCode=osi&th=1&psc=1","Images":{"Primary":{"Small":{"Height":75,"URL":"https://m.media-amazon.com/images/I/31i4RRZXctS._SL75_.jpg","Width":75}}},"ItemInfo":{"ByLineInfo":{"Brand":{"DisplayValue":"Calvin Klein","Label":"Brand","Locale":"es_ES"},"Manufacturer":{"DisplayValue":"Calvin Klein","Label":"Manufacturer","Locale":"es_ES"}},"Title":{"DisplayValue":"Calvin Klein Hombre Ultron Hooded Shack Chaqueta de Golf - Negro - XL","Label":"Title","Locale":"es_ES"}},"Offers":{"Summaries":[{"Condition":{"Value":"New"},"LowestPrice":{"Amount":68.51,"Currency":"EUR","DisplayAmount":"68,51 €"}}]}},{"ASIN":"B0B5YGY3NZ","DetailPageURL":"https://www.amazon.es/dp/B0B5YGY3NZ?tag=topinalambricos-21&linkCode=osi&th=1&psc=1","Images":{"Primary":{"Small":{"Height":75,"URL":"https://m.media-amazon.com/images/I/31Nm4TFR26L._SL75_.jpg","Width":58}}},"ItemInfo":{"ByLineInfo":{"Brand":{"DisplayValue":"Calvin Klein Jeans","Label":"Brand","Locale":"es_ES"},"Manufacturer":{"DisplayValue":"Calvin Klein","Label":"Manufacturer","Locale":"es_ES"}},"Title":{"DisplayValue":"Calvin Klein Chaqueta Bomber con Capucha Acolchadas, Perfect Taupe, S para Hombre","Label":"Title","Locale":"es_ES"}},"Offers":{"Summaries":[{"Condition":{"Value":"New"},"LowestPrice":{"Amount":114.63,"Currency":"EUR","DisplayAmount":"114,63 €"}}]}},{"ASIN":"B07ZGDP9WM","DetailPageURL":"https://www.amazon.es/dp/B07ZGDP9WM?tag=topinalambricos-21&linkCode=osi&th=1&psc=1","Images":{"Primary":{"Small":{"Height":75,"URL":"https://m.media-amazon.com/images/I/4162+zjhbtL._SL75_.jpg","Width":49}}},"ItemInfo":{"ByLineInfo":{"Brand":{"DisplayValue":"Calvin Klein","Label":"Brand","Locale":"es_ES"},"Manufacturer":{"DisplayValue":"Calvin Klein","Label":"Manufacturer","Locale":"es_ES"}},"Title":{"DisplayValue":"Calvin Klein Faux Leather Biker Jacket Chaqueta, CK Black, M para Mujer","Label":"Title","Locale":"es_ES"}},"Offers":{"Summaries":[{"Condition":{"Value":"New"},"LowestPrice":{"Amount":169.9,"Currency":"EUR","DisplayAmount":"169,90 €"}}]}},{"ASIN":"B08TBTLWRK","DetailPageURL":"https://www.amazon.es/dp/B08TBTLWRK?tag=topinalambricos-21&linkCode=osi&th=1&psc=1","Images":{"Primary":{"Small":{"Height":51,"URL":"https://m.media-amazon.com/images/I/419ivrryVJL._SL75_.jpg","Width":75}}},"ItemInfo":{"ByLineInfo":{"Brand":{"DisplayValue":"Calvin Klein","Label":"Brand","Locale":"es_ES"},"Manufacturer":{"DisplayValue":"PVH","Label":"Manufacturer","Locale":"es_ES"}},"Title":{"DisplayValue":"Calvin Klein Colección Denim, Accesorio Billetera de Viaje para Hombre, Black, Talla única","Label":"Title","Locale":"es_ES"}},"Offers":{"Summaries":[{"Condition":{"Value":"New"},"LowestPrice":{"Amount":35.38,"Currency":"EUR","DisplayAmount":"35,38 €"}}]}},{"ASIN":"B09JM3WX5R","DetailPageURL":"https://www.amazon.es/dp/B09JM3WX5R?tag=topinalambricos-21&linkCode=osi&th=1&psc=1","Images":{"Primary":{"Small":{"Height":75,"URL":"https://m.media-amazon.com/images/I/41HE25-D2uL._SL75_.jpg","Width":57}}},"ItemInfo":{"ByLineInfo":{"Brand":{"DisplayValue":"Calvin Klein Jeans","Label":"Brand","Locale":"es_ES"},"Manufacturer":{"DisplayValue":"Calvin Klein Jeans","Label":"Manufacturer","Locale":"es_ES"}},"Title":{"DisplayValue":"Calvin Klein Jeans Logo Tape LW Padded Jacket Chaquetas Acolchadas, Negro (CK Black), M para Hombre","Label":"Title","Locale":"es_ES"}},"Offers":{"Summaries":[{"Condition":{"Value":"New"},"LowestPrice":{"Amount":199.9,"Currency":"EUR","DisplayAmount":"199,90 €"}},{"Condition":{"Value":"Used"},"LowestPrice":{"Amount":122.73,"Currency":"EUR","DisplayAmount":"122,73 €"}}]}},{"ASIN":"B09JK4622D","DetailPageURL":"https://www.amazon.es/dp/B09JK4622D?tag=topinalambricos-21&linkCode=osi&th=1&psc=1","Images":{"Primary":{"Small":{"Height":75,"URL":"https://m.media-amazon.com/images/I/41hjrDME7QL._SL75_.jpg","Width":57}}},"ItemInfo":{"ByLineInfo":{"Brand":{"DisplayValue":"Calvin Klein Jeans","Label":"Brand","Locale":"es_ES"},"Manufacturer":{"DisplayValue":"PVH","Label":"Manufacturer","Locale":"es_ES"}},"Title":{"DisplayValue":"Calvin Klein Jeans Recycled Side Logo Jacket Chaquetas Tejidas, Verde (Dark Olive), M para Hombre","Label":"Title","Locale":"es_ES"}},"Offers":{"Summaries":[{"Condition":{"Value":"New"},"LowestPrice":{"Amount":144.99,"Currency":"EUR","DisplayAmount":"144,99 €"}}]}},{"ASIN":"B0B322LPK4","DetailPageURL":"https://www.amazon.es/dp/B0B322LPK4?tag=topinalambricos-21&linkCode=osi&th=1&psc=1","Images":{"Primary":{"Small":{"Height":75,"URL":"https://m.media-amazon.com/images/I/41Di0kMhqXL._SL75_.jpg","Width":75}}},"ItemInfo":{"ByLineInfo":{"Brand":{"DisplayValue":"Calvin Klein","Label":"Brand","Locale":"es_ES"},"Manufacturer":{"DisplayValue":"CALVIN KLEIN","Label":"Manufacturer","Locale":"es_ES"}},"Title":{"DisplayValue":"Calvin Klein J20J219592 1A4 - Chaqueta vaquera azul, azul turquesa, S","Label":"Title","Locale":"es_ES"}},"Offers":{"Summaries":[{"Condition":{"Value":"New"},"LowestPrice":{"Amount":92.2,"Currency":"EUR","DisplayAmount":"92,20 €"}}]}},{"ASIN":"B0BW6CGB53","DetailPageURL":"https://www.amazon.es/dp/B0BW6CGB53?tag=topinalambricos-21&linkCode=osi&th=1&psc=1","Images":{"Primary":{"Small":{"Height":75,"URL":"https://m.media-amazon.com/images/I/31qRMyUKZoL._SL75_.jpg","Width":75}}},"ItemInfo":{"ByLineInfo":{"Brand":{"DisplayValue":"Calvin Klein","Label":"Brand","Locale":"es_ES"}},"Title":{"DisplayValue":"Calvin Klein Chaqueta Bomber para Hombre Marco, Fabricada en Nylon., Negro , M","Label":"Title","Locale":"es_ES"}},"Offers":{"Summaries":[{"Condition":{"Value":"New"},"LowestPrice":{"Amount":134.99,"Currency":"EUR","DisplayAmount":"134,99 €"}}]}}],"SearchURL":"https://www.amazon.es/s?k=chaqueta+cuero+calvin+klein&rh=p_n_availability%3A-1&tag=topinalambricos-21&linkCode=osi","TotalResultCount":149}},"46":{"SearchResult":{"Items":[{"ASIN":"B09PNJGVL4","DetailPageURL":"https://www.amazon.es/dp/B09PNJGVL4?tag=topinalambricos-21&linkCode=osi&th=1&psc=1","Images":{"Primary":{"Small":{"Height":75,"URL":"https://m.media-amazon.com/images/I/41syJcoxt4L._SL75_.jpg","Width":57}}},"ItemInfo":{"ByLineInfo":{"Brand":{"DisplayValue":"Blauer","Label":"Brand","Locale":"es_ES"},"Manufacturer":{"DisplayValue":"FGF INDUSTRY SPA","Label":"Manufacturer","Locale":"es_ES"}},"Title":{"DisplayValue":"Blauer Piel Capo Hombro Acolchado Chaqueta de Cuero, 999 Negro, XXL para Mujer","Label":"Title","Locale":"es_ES"}},"Offers":{"Summaries":[{"Condition":{"Value":"New"},"LowestPrice":{"Amount":429.0,"Currency":"EUR","DisplayAmount":"429,00 €"}}]}},{"ASIN":"B09PNJMY8V","DetailPageURL":"https://www.amazon.es/dp/B09PNJMY8V?tag=topinalambricos-21&linkCode=osi&th=1&psc=1","Images":{"Primary":{"Small":{"Height":75,"URL":"https://m.media-amazon.com/images/I/41FX9-m1HyL._SL75_.jpg","Width":57}}},"ItemInfo":{"ByLineInfo":{"Brand":{"DisplayValue":"Blauer","Label":"Brand","Locale":"es_ES"},"Manufacturer":{"DisplayValue":"FGF INDUSTRY SPA","Label":"Manufacturer","Locale":"es_ES"}},"Title":{"DisplayValue":"Blauer Piel Capo Hombro Acolchado Chaqueta de Cuero, 353 Chocolate, XXL para Mujer","Label":"Title","Locale":"es_ES"}},"Offers":{"Summaries":[{"Condition":{"Value":"New"},"LowestPrice":{"Amount":417.39,"Currency":"EUR","DisplayAmount":"417,39 €"}}]}},{"ASIN":"B08DY4TNDR","DetailPageURL":"https://www.amazon.es/dp/B08DY4TNDR?tag=topinalambricos-21&linkCode=osi&th=1&psc=1","Images":{"Primary":{"Small":{"Height":75,"URL":"https://m.media-amazon.com/images/I/41n1sdmh-OL._SL75_.jpg","Width":57}}},"ItemInfo":{"ByLineInfo":{"Brand":{"DisplayValue":"Blauer","Label":"Brand","Locale":"es_ES"},"Manufacturer":{"DisplayValue":"Blauer","Label":"Manufacturer","Locale":"es_ES"}},"Title":{"DisplayValue":"Blauer Pelle Capo Spalla FODERATO Chaqueta de Cuero, 547 Rojo Vivo, XXL para Mujer","Label":"Title","Locale":"es_ES"}},"Offers":{"Summaries":[{"Condition":{"Value":"New"},"LowestPrice":{"Amount":318.31,"Currency":"EUR","DisplayAmount":"318,31 €"}}]}},{"ASIN":"B09PNHDJ5L","DetailPageURL":"https://www.amazon.es/dp/B09PNHDJ5L?tag=topinalambricos-21&linkCode=osi&th=1&psc=1","Images":{"Primary":{"Small":{"Height":75,"URL":"https://m.media-amazon.com/images/I/413TZYI2XSL._SL75_.jpg","Width":57}}},"ItemInfo":{"ByLineInfo":{"Brand":{"DisplayValue":"Blauer","Label":"Brand","Locale":"es_ES"},"Manufacturer":{"DisplayValue":"FGF INDUSTRY SPA","Label":"Manufacturer","Locale":"es_ES"}},"Title":{"DisplayValue":"Blauer Piel Capo Hombro Acolchado Chaqueta de Cuero, 999 Negro, S para Mujer","Label":"Title","Locale":"es_ES"}},"Offers":{"Summaries":[{"Condition":{"Value":"New"},"LowestPrice":{"Amount":326.86,"Currency":"EUR","DisplayAmount":"326,86 €"}}]}},{"ASIN":"B09PNHWLN3","DetailPageURL":"https://www.amazon.es/dp/B09PNHWLN3?tag=topinalambricos-21&linkCode=osi&th=1&psc=1","Images":{"Primary":{"Small":{"Height":75,"URL":"https://m.media-amazon.com/images/I/41qqu7eBjsL._SL75_.jpg","Width":57}}},"ItemInfo":{"ByLineInfo":{"Brand":{"DisplayValue":"Blauer","Label":"Brand","Locale":"es_ES"},"Manufacturer":{"DisplayValue":"FGF INDUSTRY SPA","Label":"Manufacturer","Locale":"es_ES"}},"Title":{"DisplayValue":"Blauer Piel Capo Hombro Acolchado Chaqueta de Cuero, 999 Negro, L","Label":"Title","Locale":"es_ES"}},"Offers":{"Summaries":[{"Condition":{"Value":"New"},"LowestPrice":{"Amount":558.4,"Currency":"EUR","DisplayAmount":"558,40 €"}}]}},{"ASIN":"B09PNJRQ6R","DetailPageURL":"https://www.amazon.es/dp/B09PNJRQ6R?tag=topinalambricos-21&linkCode=osi&th=1&psc=1","Images":{"Primary":{"Small":{"Height":75,"URL":"https://m.media-amazon.com/images/I/41m0X+U+XcL._SL75_.jpg","Width":57}}},"ItemInfo":{"ByLineInfo":{"Brand":{"DisplayValue":"Blauer","Label":"Brand","Locale":"es_ES"},"Manufacturer":{"DisplayValue":"FGF INDUSTRY SPA","Label":"Manufacturer","Locale":"es_ES"}},"Title":{"DisplayValue":"Blauer Piel Capo Hombro Acolchado Chaqueta de Cuero, 386 Café Tostato, M","Label":"Title","Locale":"es_ES"}},"Offers":{"Summaries":[{"Condition":{"Value":"New"},"LowestPrice":{"Amount":453.35,"Currency":"EUR","DisplayAmount":"453,35 €"}}]}},{"ASIN":"B08WBVWW1P","DetailPageURL":"https://www.amazon.es/dp/B08WBVWW1P?tag=topinalambricos-21&linkCode=osi&th=1&psc=1","Images":{"Primary":{"Small":{"Height":75,"URL":"https://m.media-amazon.com/images/I/41ASXuI+mcL._SL75_.jpg","Width":57}}},"ItemInfo":{"ByLineInfo":{"Brand":{"DisplayValue":"Blauer","Label":"Brand","Locale":"es_ES"},"Manufacturer":{"DisplayValue":"FGF INDUSTRY SPA","Label":"Manufacturer","Locale":"es_ES"}},"Title":{"DisplayValue":"Blauer Pelle Capo Spalla Imbottito Chaqueta de Cuero, 999 Nero, XL para Hombre","Label":"Title","Locale":"es_ES"}},"Offers":{"Summaries":[{"Condition":{"Value":"New"},"LowestPrice":{"Amount":456.34,"Currency":"EUR","DisplayAmount":"456,34 €"}}]}},{"ASIN":"B08WCSZBV2","DetailPageURL":"https://www.amazon.es/dp/B08WCSZBV2?tag=topinalambricos-21&linkCode=osi&th=1&psc=1","Images":{"Primary":{"Small":{"Height":75,"URL":"https://m.media-amazon.com/images/I/41Nu7qCC+ZL._SL75_.jpg","Width":57}}},"ItemInfo":{"ByLineInfo":{"Brand":{"DisplayValue":"Blauer","Label":"Brand","Locale":"es_ES"},"Manufacturer":{"DisplayValue":"FGF INDUSTRY SPA","Label":"Manufacturer","Locale":"es_ES"}},"Title":{"DisplayValue":"Blauer Piel Capo Hombro Acolchado Chaqueta, 795 Azul Noche Intenso, S","Label":"Title","Locale":"es_ES"}},"Offers":{"Summaries":[{"Condition":{"Value":"New"},"LowestPrice":{"Amount":551.45,"Currency":"EUR","DisplayAmount":"551,45 €"}}]}},{"ASIN":"B08WCTS4TB","DetailPageURL":"https://www.amazon.es/dp/B08WCTS4TB?tag=topinalambricos-21&linkCode=osi&th=1&psc=1","Images":{"Primary":{"Small":{"Height":75,"URL":"https://m.media-amazon.com/images/I/415G34iNgqL._SL75_.jpg","Width":57}}},"ItemInfo":{"ByLineInfo":{"Brand":{"DisplayValue":"Blauer","Label":"Brand","Locale":"es_ES"},"Manufacturer":{"DisplayValue":"FGF INDUSTRY SPA","Label":"Manufacturer","Locale":"es_ES"}},"Title":{"DisplayValue":"Blauer Pelle Capo Spalla Imbottito Chaqueta de Cuero, 120 Calce, M para Mujer","Label":"Title","Locale":"es_ES"}},"Offers":{"Summaries":[{"Condition":{"Value":"New"},"LowestPrice":{"Amount":393.45,"Currency":"EUR","DisplayAmount":"393,45 €"}}]}},{"ASIN":"B085GDVCT7","DetailPageURL":"https://www.amazon.es/dp/B085GDVCT7?tag=topinalambricos-21&linkCode=osi&th=1&psc=1","Images":{"Primary":{"Small":{"Height":75,"URL":"https://m.media-amazon.com/images/I/31zou6GnCwL._SL75_.jpg","Width":49}}},"ItemInfo":{"ByLineInfo":{"Brand":{"DisplayValue":"Blauer","Label":"Brand","Locale":"es_ES"}},"Title":{"DisplayValue":"Blauer 20SBLUL02154-868 Leather Biker Jacket - Chaqueta de piel de napa de becerro 100% azul zafiro Azul zafiro. M","Label":"Title","Locale":"es_ES"}},"Offers":{"Summaries":[{"Condition":{"Value":"New"},"LowestPrice":{"Amount":550.0,"Currency":"EUR","DisplayAmount":"550,00 €"}}]}}],"SearchURL":"https://www.amazon.es/s?k=chaqueta+cuero+blauer&rh=p_n_availability%3A-1&tag=topinalambricos-21&linkCode=osi","TotalResultCount":306}},"47":{"SearchResult":{"Items":[{"ASIN":"B089Z2C79J","DetailPageURL":"https://www.amazon.es/dp/B089Z2C79J?tag=topinalambricos-21&linkCode=osi&th=1&psc=1","Images":{"Primary":{"Small":{"Height":75,"URL":"https://m.media-amazon.com/images/I/411Buek-kSL._SL75_.jpg","Width":57}}},"ItemInfo":{"ByLineInfo":{"Brand":{"DisplayValue":"adidas","Label":"Brand","Locale":"es_ES"},"Manufacturer":{"DisplayValue":"Adidas","Label":"Manufacturer","Locale":"es_ES"}},"Title":{"DisplayValue":"adidas SST TT P Blue Sweatshirt, Hombre, Black/White, L","Label":"Title","Locale":"es_ES"}},"Offers":{"Summaries":[{"Condition":{"Value":"New"},"LowestPrice":{"Amount":81.8,"Currency":"EUR","DisplayAmount":"81,80 €"}}]}},{"ASIN":"B0B5RZR6YK","DetailPageURL":"https://www.amazon.es/dp/B0B5RZR6YK?tag=topinalambricos-21&linkCode=osi&th=1&psc=1","Images":{"Primary":{"Small":{"Height":75,"URL":"https://m.media-amazon.com/images/I/31VEI1D4OOL._SL75_.jpg","Width":75}}},"ItemInfo":{"ByLineInfo":{"Brand":{"DisplayValue":"adidas","Label":"Brand","Locale":"es_ES"},"Manufacturer":{"DisplayValue":"adidas","Label":"Manufacturer","Locale":"es_ES"}},"Title":{"DisplayValue":"adidas Hombre Helionic Chaqueta de plumón, Black, M","Label":"Title","Locale":"es_ES"}},"Offers":{"Summaries":[{"Condition":{"Value":"New"},"LowestPrice":{"Amount":76.99,"Currency":"EUR","DisplayAmount":"76,99 €"}}]}},{"ASIN":"B076HMRYMC","DetailPageURL":"https://www.amazon.es/dp/B076HMRYMC?tag=topinalambricos-21&linkCode=osi&th=1&psc=1","Images":{"Primary":{"Small":{"Height":75,"URL":"https://m.media-amazon.com/images/I/31wZNpDN1vS._SL75_.jpg","Width":57}}},"ItemInfo":{"ByLineInfo":{"Brand":{"DisplayValue":"adidas","Label":"Brand","Locale":"es_ES"},"Manufacturer":{"DisplayValue":"Adidas","Label":"Manufacturer","Locale":"es_ES"}},"Title":{"DisplayValue":"adidas CORE18 PES JKT Chaqueta de Deporte, Hombre, Azul (Dark Blue/White), M","Label":"Title","Locale":"es_ES"}},"Offers":{"Summaries":[{"Condition":{"Value":"New"},"LowestPrice":{"Amount":28.0,"Currency":"EUR","DisplayAmount":"28,00 €"}}]}},{"ASIN":"B076JG7KZH","DetailPageURL":"https://www.amazon.es/dp/B076JG7KZH?tag=topinalambricos-21&linkCode=osi&th=1&psc=1","Images":{"Primary":{"Small":{"Height":75,"URL":"https://m.media-amazon.com/images/I/41KSdprNOZL._SL75_.jpg","Width":57}}},"ItemInfo":{"ByLineInfo":{"Brand":{"DisplayValue":"adidas","Label":"Brand","Locale":"es_ES"},"Contributors":[{"Locale":"es_ES","Name":"MainApps","Role":"Diseñador","RoleType":"designer"}],"Manufacturer":{"DisplayValue":"Adidas","Label":"Manufacturer","Locale":"es_ES"}},"Title":{"DisplayValue":"adidas Beckenbauer TT Sweatshirt, Hombre, Black, S","Label":"Title","Locale":"es_ES"}},"Offers":{"Summaries":[{"Condition":{"Value":"Collectible"},"LowestPrice":{"Amount":79.95,"Currency":"EUR","DisplayAmount":"79,95 €"}},{"Condition":{"Value":"New"},"LowestPrice":{"Amount":79.99,"Currency":"EUR","DisplayAmount":"79,99 €"}}]}},{"ASIN":"B07KV1R22Q","DetailPageURL":"https://www.amazon.es/dp/B07KV1R22Q?tag=topinalambricos-21&linkCode=osi&th=1&psc=1","Images":{"Primary":{"Small":{"Height":75,"URL":"https://m.media-amazon.com/images/I/41ds1PNGLAL._SL75_.jpg","Width":75}}},"ItemInfo":{"ByLineInfo":{"Brand":{"DisplayValue":"adidas","Label":"Brand","Locale":"es_ES"},"Manufacturer":{"DisplayValue":"adidas Originals","Label":"Manufacturer","Locale":"es_ES"}},"Title":{"DisplayValue":"adidas Originals Firebird Track Jacket Collegiate Navy SM","Label":"Title","Locale":"es_ES"}},"Offers":{"Summaries":[{"Condition":{"Value":"New"},"LowestPrice":{"Amount":170.7,"Currency":"EUR","DisplayAmount":"170,70 €"}}]}},{"ASIN":"B081TTPK8G","DetailPageURL":"https://www.amazon.es/dp/B081TTPK8G?tag=topinalambricos-21&linkCode=osi&th=1&psc=1","Images":{"Primary":{"Small":{"Height":75,"URL":"https://m.media-amazon.com/images/I/41eXsJPOjTL._SL75_.jpg","Width":66}}},"ItemInfo":{"ByLineInfo":{"Brand":{"DisplayValue":"adidas","Label":"Brand","Locale":"es_ES"},"Manufacturer":{"DisplayValue":"Adidas","Label":"Manufacturer","Locale":"es_ES"}},"Title":{"DisplayValue":"adidas Originals Camo TT Chaqueta con Cremallera, Hombre, Negro (Black/Multicolor), XS","Label":"Title","Locale":"es_ES"}},"Offers":{"Summaries":[{"Condition":{"Value":"New"},"LowestPrice":{"Amount":61.52,"Currency":"EUR","DisplayAmount":"61,52 €"}}]}},{"ASIN":"B0788SZ9TX","DetailPageURL":"https://www.amazon.es/dp/B0788SZ9TX?tag=topinalambricos-21&linkCode=osi&th=1&psc=1","Images":{"Primary":{"Small":{"Height":75,"URL":"https://m.media-amazon.com/images/I/313yd9sh5wL._SL75_.jpg","Width":51}}},"ItemInfo":{"ByLineInfo":{"Brand":{"DisplayValue":"adidas","Label":"Brand","Locale":"es_ES"},"Manufacturer":{"DisplayValue":"Adidas","Label":"Manufacturer","Locale":"es_ES"}},"Title":{"DisplayValue":"adidas SST TT Sweatshirt, Hombre, Black, S","Label":"Title","Locale":"es_ES"}},"Offers":{"Summaries":[{"Condition":{"Value":"New"},"LowestPrice":{"Amount":79.9,"Currency":"EUR","DisplayAmount":"79,90 €"}}]}},{"ASIN":"B0B56V5WH1","DetailPageURL":"https://www.amazon.es/dp/B0B56V5WH1?tag=topinalambricos-21&linkCode=osi&th=1&psc=1","Images":{"Primary":{"Small":{"Height":75,"URL":"https://m.media-amazon.com/images/I/41LWWGw0zQL._SL75_.jpg","Width":75}}},"ItemInfo":{"ByLineInfo":{"Brand":{"DisplayValue":"adidas","Label":"Brand","Locale":"es_ES"},"Manufacturer":{"DisplayValue":"Adidas","Label":"Manufacturer","Locale":"es_ES"}},"Title":{"DisplayValue":"adidas, Adicolor Classics Beckenbauer Primeblue, Sudadera con Cremallera, Rojo Vivo, S, Hombre","Label":"Title","Locale":"es_ES"}},"Offers":{"Summaries":[{"Condition":{"Value":"New"},"LowestPrice":{"Amount":75.0,"Currency":"EUR","DisplayAmount":"75,00 €"}}]}},{"ASIN":"B08PL3BR8S","DetailPageURL":"https://www.amazon.es/dp/B08PL3BR8S?tag=topinalambricos-21&linkCode=osi&th=1&psc=1","Images":{"Primary":{"Small":{"Height":75,"URL":"https://m.media-amazon.com/images/I/417ci0VqB7L._SL75_.jpg","Width":75}}},"ItemInfo":{"ByLineInfo":{"Brand":{"DisplayValue":"adidas","Label":"Brand","Locale":"es_ES"},"Manufacturer":{"DisplayValue":"Adidas","Label":"Manufacturer","Locale":"es_ES"}},"Title":{"DisplayValue":"adidas Squadra21 Training, Sudadera de entrenamiento para hombre, Negro/Blanco (Black/White), M","Label":"Title","Locale":"es_ES"}},"Offers":{"Summaries":[{"Condition":{"Value":"Used"},"LowestPrice":{"Amount":16.24,"Currency":"EUR","DisplayAmount":"16,24 €"}},{"Condition":{"Value":"New"},"LowestPrice":{"Amount":21.71,"Currency":"EUR","DisplayAmount":"21,71 €"}}]}},{"ASIN":"B0B3RMYRTW","DetailPageURL":"https://www.amazon.es/dp/B0B3RMYRTW?tag=topinalambricos-21&linkCode=osi&th=1&psc=1","Images":{"Primary":{"Small":{"Height":75,"URL":"https://m.media-amazon.com/images/I/41GRHqqpXVL._SL75_.jpg","Width":75}}},"ItemInfo":{"ByLineInfo":{"Brand":{"DisplayValue":"adidas","Label":"Brand","Locale":"es_ES"},"Manufacturer":{"DisplayValue":"adidas","Label":"Manufacturer","Locale":"es_ES"}},"Title":{"DisplayValue":"adidas Chaqueta marca modelo LB DY TS TTOP","Label":"Title","Locale":"es_ES"}},"Offers":{"Summaries":[{"Condition":{"Value":"New"},"LowestPrice":{"Amount":60.73,"Currency":"EUR","DisplayAmount":"60,73 €"}}]}}],"SearchURL":"https://www.amazon.es/s?k=Chaqueta+Adidas+Original&rh=p_n_availability%3A-1&tag=topinalambricos-21&linkCode=osi","TotalResultCount":306}},"49":{"SearchResult":{"Items":[{"ASIN":"B07KYCYMHS","DetailPageURL":"https://www.amazon.es/dp/B07KYCYMHS?tag=topinalambricos-21&linkCode=osi&th=1&psc=1","Images":{"Primary":{"Small":{"Height":75,"URL":"https://m.media-amazon.com/images/I/31fqPRv50LL._SL75_.jpg","Width":57}}},"ItemInfo":{"ByLineInfo":{"Brand":{"DisplayValue":"The Drop","Label":"Brand","Locale":"es_ES"},"Manufacturer":{"DisplayValue":"The Drop","Label":"Manufacturer","Locale":"es_ES"}},"Title":{"DisplayValue":"The Drop Maya Falda con efecto seda Mujer, Negro, S","Label":"Title","Locale":"es_ES"}},"Offers":{"Summaries":[{"Condition":{"Value":"New"},"LowestPrice":{"Amount":39.9,"Currency":"EUR","DisplayAmount":"39,90 €"}}]}},{"ASIN":"B08C92H48M","DetailPageURL":"https://www.amazon.es/dp/B08C92H48M?tag=topinalambricos-21&linkCode=osi&th=1&psc=1","Images":{"Primary":{"Small":{"Height":75,"URL":"https://m.media-amazon.com/images/I/31-p5PCOQ3L._SL75_.jpg","Width":57}}},"ItemInfo":{"ByLineInfo":{"Brand":{"DisplayValue":"The Drop","Label":"Brand","Locale":"es_ES"},"Manufacturer":{"DisplayValue":"The Drop","Label":"Manufacturer","Locale":"es_ES"}},"Title":{"DisplayValue":"The Drop Manon Falda Midi Cruzada de Piel Sintética para Mujer, Negro, XL","Label":"Title","Locale":"es_ES"}},"Offers":{"Summaries":[{"Condition":{"Value":"New"},"LowestPrice":{"Amount":47.9,"Currency":"EUR","DisplayAmount":"47,90 €"}}]}},{"ASIN":"B07WCFYL8T","DetailPageURL":"https://www.amazon.es/dp/B07WCFYL8T?tag=topinalambricos-21&linkCode=osi&th=1&psc=1","Images":{"Primary":{"Small":{"Height":75,"URL":"https://m.media-amazon.com/images/I/31nORglznjL._SL75_.jpg","Width":75}}},"ItemInfo":{"ByLineInfo":{"Brand":{"DisplayValue":"Only","Label":"Brand","Locale":"es_ES"},"Manufacturer":{"DisplayValue":"Bestseller A/S","Label":"Manufacturer","Locale":"es_ES"}},"Title":{"DisplayValue":"Only Onlbase Otw Noos-Falda de Piel sintética Cuero, Negro (Black Black), 44 para Mujer","Label":"Title","Locale":"es_ES"}},"Offers":{"Summaries":[{"Condition":{"Value":"New"},"LowestPrice":{"Amount":14.0,"Currency":"EUR","DisplayAmount":"14,00 €"}}]}},{"ASIN":"B09TTQDD23","DetailPageURL":"https://www.amazon.es/dp/B09TTQDD23?tag=topinalambricos-21&linkCode=osi&th=1&psc=1","Images":{"Primary":{"Small":{"Height":75,"URL":"https://m.media-amazon.com/images/I/41GRLVmDQBL._SL75_.jpg","Width":75}}},"ItemInfo":{"ByLineInfo":{"Brand":{"DisplayValue":"Vero Moda","Label":"Brand","Locale":"es_ES"},"Manufacturer":{"DisplayValue":"Bestseller A/S","Label":"Manufacturer","Locale":"es_ES"}},"Title":{"DisplayValue":"Vero Moda VmolOlympia Noos-Falda Corta Piel, Negro, L para Mujer","Label":"Title","Locale":"es_ES"}},"Offers":{"Summaries":[{"Condition":{"Value":"New"},"LowestPrice":{"Amount":23.52,"Currency":"EUR","DisplayAmount":"23,52 €"}}]}},{"ASIN":"B0B6GF6X8R","DetailPageURL":"https://www.amazon.es/dp/B0B6GF6X8R?tag=topinalambricos-21&linkCode=osi&th=1&psc=1","Images":{"Primary":{"Small":{"Height":75,"URL":"https://m.media-amazon.com/images/I/31qaUZXhUcL._SL75_.jpg","Width":27}}},"ItemInfo":{"ByLineInfo":{"Brand":{"DisplayValue":"Urban Classics","Label":"Brand","Locale":"es_ES"},"Manufacturer":{"DisplayValue":"Urban Classics","Label":"Manufacturer","Locale":"es_ES"}},"Title":{"DisplayValue":"Urban Classics Falda de Piel sintética para Mujer Skirt, Negro, XL","Label":"Title","Locale":"es_ES"}},"Offers":{"Summaries":[{"Condition":{"Value":"New"},"LowestPrice":{"Amount":49.22,"Currency":"EUR","DisplayAmount":"49,22 €"}}]}},{"ASIN":"B08J4G4SYL","DetailPageURL":"https://www.amazon.es/dp/B08J4G4SYL?tag=topinalambricos-21&linkCode=osi&th=1&psc=1","Images":{"Primary":{"Small":{"Height":75,"URL":"https://m.media-amazon.com/images/I/31sxi3W3ETL._SL75_.jpg","Width":57}}},"ItemInfo":{"ByLineInfo":{"Brand":{"DisplayValue":"PIECES","Label":"Brand","Locale":"es_ES"},"Manufacturer":{"DisplayValue":"Bestseller AS","Label":"Manufacturer","Locale":"es_ES"}},"Title":{"DisplayValue":"PIECES Pcnew Shiny HW Skirt Noos Falda, Black, XS-S para Mujer","Label":"Title","Locale":"es_ES"}},"Offers":{"Summaries":[{"Condition":{"Value":"New"},"LowestPrice":{"Amount":13.99,"Currency":"EUR","DisplayAmount":"13,99 €"}},{"Condition":{"Value":"Used"},"LowestPrice":{"Amount":11.65,"Currency":"EUR","DisplayAmount":"11,65 €"}}]}},{"ASIN":"B0BKXPF27Q","DetailPageURL":"https://www.amazon.es/dp/B0BKXPF27Q?tag=topinalambricos-21&linkCode=osi&th=1&psc=1","Images":{"Primary":{"Small":{"Height":75,"URL":"https://m.media-amazon.com/images/I/31K34yGVJ-L._SL75_.jpg","Width":56}}},"ItemInfo":{"ByLineInfo":{"Brand":{"DisplayValue":"GORGLITTER","Label":"Brand","Locale":"es_ES"}},"Title":{"DisplayValue":"GORGLITTER Falda de piel sintética para mujer, elegante, de cintura alta, informal, estilo rockabilly, falda midi con hendidura, Negro , L","Label":"Title","Locale":"es_ES"}},"Offers":{"Summaries":[{"Condition":{"Value":"New"},"LowestPrice":{"Amount":31.24,"Currency":"EUR","DisplayAmount":"31,24 €"}}]}},{"ASIN":"B09LMGZ7YG","DetailPageURL":"https://www.amazon.es/dp/B09LMGZ7YG?tag=topinalambricos-21&linkCode=osi&th=1&psc=1","Images":{"Primary":{"Small":{"Height":75,"URL":"https://m.media-amazon.com/images/I/31F7904ZF7L._SL75_.jpg","Width":49}}},"ItemInfo":{"ByLineInfo":{"Brand":{"DisplayValue":"JOPHY & CO.","Label":"Brand","Locale":"es_ES"},"Manufacturer":{"DisplayValue":"IN-STYLE","Label":"Manufacturer","Locale":"es_ES"}},"Title":{"DisplayValue":"JOPHY & CO. Falda tubo mujer de piel sintética con hueca, Midi o Larga (cód. 64861 & 65353), Negro (Cod. 64861), XL","Label":"Title","Locale":"es_ES"}},"Offers":{"Summaries":[{"Condition":{"Value":"New"},"LowestPrice":{"Amount":15.5,"Currency":"EUR","DisplayAmount":"15,50 €"}}]}},{"ASIN":"B08BG4GR7X","DetailPageURL":"https://www.amazon.es/dp/B08BG4GR7X?tag=topinalambricos-21&linkCode=osi&th=1&psc=1","Images":{"Primary":{"Small":{"Height":75,"URL":"https://m.media-amazon.com/images/I/31W3FFRtiLL._SL75_.jpg","Width":49}}},"ItemInfo":{"ByLineInfo":{"Brand":{"DisplayValue":"Only","Label":"Brand","Locale":"es_ES"},"Manufacturer":{"DisplayValue":"Bestseller A/S","Label":"Manufacturer","Locale":"es_ES"}},"Title":{"DisplayValue":"Only Onlmaiya-Miri Faux Leather Skrt Pnt Noos Falda, Negro, L para Mujer","Label":"Title","Locale":"es_ES"}},"Offers":{"Summaries":[{"Condition":{"Value":"New"},"LowestPrice":{"Amount":28.49,"Currency":"EUR","DisplayAmount":"28,49 €"}},{"Condition":{"Value":"Used"},"LowestPrice":{"Amount":22.57,"Currency":"EUR","DisplayAmount":"22,57 €"}}]}},{"ASIN":"B01NACEC98","DetailPageURL":"https://www.amazon.es/dp/B01NACEC98?tag=topinalambricos-21&linkCode=osi&th=1&psc=1","Images":{"Primary":{"Small":{"Height":75,"URL":"https://m.media-amazon.com/images/I/31NH2TM908L._SL75_.jpg","Width":43}}},"ItemInfo":{"ByLineInfo":{"Brand":{"DisplayValue":"Urban GoCo","Label":"Brand","Locale":"es_ES"}},"Title":{"DisplayValue":"Urban GoCo Mujeres Falda Midi Lápiz Cintura Alta Elasticidad Bodycon Tubo Falda Oficina Negro XL","Label":"Title","Locale":"es_ES"}},"Offers":{"Summaries":[{"Condition":{"Value":"New"},"LowestPrice":{"Amount":22.86,"Currency":"EUR","DisplayAmount":"22,86 €"}}]}}],"SearchURL":"https://www.amazon.es/s?k=cuero+piel+midi+negras&rh=n%3A3074056031%2Cp_n_availability%3A-1&tag=topinalambricos-21&linkCode=osi","TotalResultCount":853}},"50":{"SearchResult":{"Items":[{"ASIN":"B0BTWNKVN5","DetailPageURL":"https://www.amazon.es/dp/B0BTWNKVN5?tag=topinalambricos-21&linkCode=osi&th=1&psc=1","Images":{"Primary":{"Small":{"Height":75,"URL":"https://m.media-amazon.com/images/I/31ANABO4kFL._SL75_.jpg","Width":75}}},"ItemInfo":{"ByLineInfo":{"Brand":{"DisplayValue":"CANDE","Label":"Brand","Locale":"es_ES"}},"Title":{"DisplayValue":"Falda Tul Blanca,Faldas de Lino,Falda Midi Punto,Botines con Falda Corta,Falda Tablas Negra,Falda Paper Bag,Falda Larga Punto,Falda Vaquera Botones,Faldas de Cuero largas,Falda Corta Mujer","Label":"Title","Locale":"es_ES"}},"Offers":{"Summaries":[{"Condition":{"Value":"New"},"LowestPrice":{"Amount":11.99,"Currency":"EUR","DisplayAmount":"11,99 €"}}]}},{"ASIN":"B0BTHZ7KTK","DetailPageURL":"https://www.amazon.es/dp/B0BTHZ7KTK?tag=topinalambricos-21&linkCode=osi&th=1&psc=1","Images":{"Primary":{"Small":{"Height":75,"URL":"https://m.media-amazon.com/images/I/3131z2E6WLL._SL75_.jpg","Width":75}}},"ItemInfo":{"ByLineInfo":{"Brand":{"DisplayValue":"OIUHJN","Label":"Brand","Locale":"es_ES"},"Manufacturer":{"DisplayValue":"OIUHJN","Label":"Manufacturer","Locale":"es_ES"}},"Title":{"DisplayValue":"Falda vaquera hasta la rodilla para mujer de cintura alta sólida Slim Back Split Jean falda con bolsillos falda de lana para mujer corta, Verde militar., M","Label":"Title","Locale":"es_ES"}},"Offers":{"Summaries":[{"Condition":{"Value":"New"},"LowestPrice":{"Amount":21.6,"Currency":"EUR","DisplayAmount":"21,60 €"}}]}},{"ASIN":"B082X1B7F1","DetailPageURL":"https://www.amazon.es/dp/B082X1B7F1?tag=topinalambricos-21&linkCode=osi&th=1&psc=1","Images":{"Primary":{"Small":{"Height":75,"URL":"https://m.media-amazon.com/images/I/41n29Qe4BCL._SL75_.jpg","Width":75}}},"ItemInfo":{"ByLineInfo":{"Brand":{"DisplayValue":"IEFIEL","Label":"Brand","Locale":"es_ES"}},"Title":{"DisplayValue":"IEFIEL Falda Corta Ajustada de Cuero para Mujer Mini Falda Sexy de Club Discoteca Falda Métalica de Danza Falda Tubo Mujer Elástica Negro One_Size","Label":"Title","Locale":"es_ES"}},"Offers":{"Summaries":[{"Condition":{"Value":"New"},"LowestPrice":{"Amount":3.99,"Currency":"EUR","DisplayAmount":"3,99 €"}}]}},{"ASIN":"B07WCFYL8T","DetailPageURL":"https://www.amazon.es/dp/B07WCFYL8T?tag=topinalambricos-21&linkCode=osi&th=1&psc=1","Images":{"Primary":{"Small":{"Height":75,"URL":"https://m.media-amazon.com/images/I/31nORglznjL._SL75_.jpg","Width":75}}},"ItemInfo":{"ByLineInfo":{"Brand":{"DisplayValue":"Only","Label":"Brand","Locale":"es_ES"},"Manufacturer":{"DisplayValue":"Bestseller A/S","Label":"Manufacturer","Locale":"es_ES"}},"Title":{"DisplayValue":"Only Onlbase Otw Noos-Falda de Piel sintética Cuero, Negro (Black Black), 44 para Mujer","Label":"Title","Locale":"es_ES"}},"Offers":{"Summaries":[{"Condition":{"Value":"New"},"LowestPrice":{"Amount":14.0,"Currency":"EUR","DisplayAmount":"14,00 €"}}]}},{"ASIN":"B09QGTT6RT","DetailPageURL":"https://www.amazon.es/dp/B09QGTT6RT?tag=topinalambricos-21&linkCode=osi&th=1&psc=1","Images":{"Primary":{"Small":{"Height":75,"URL":"https://m.media-amazon.com/images/I/31yB-ffpvQL._SL75_.jpg","Width":56}}},"ItemInfo":{"ByLineInfo":{"Brand":{"DisplayValue":"Shein","Label":"Brand","Locale":"es_ES"}},"Title":{"DisplayValue":"SheIn Falda ajustada para mujer, cintura elástica, minifalda bodycon de verano, faldas de cintura alta, falda ajustada, Negro , L","Label":"Title","Locale":"es_ES"}},"Offers":{"Summaries":[{"Condition":{"Value":"New"},"LowestPrice":{"Amount":27.18,"Currency":"EUR","DisplayAmount":"27,18 €"}}]}},{"ASIN":"B09YDB2ZDT","DetailPageURL":"https://www.amazon.es/dp/B09YDB2ZDT?tag=topinalambricos-21&linkCode=osi&th=1&psc=1","Images":{"Primary":{"Small":{"Height":75,"URL":"https://m.media-amazon.com/images/I/31aemvnymEL._SL75_.jpg","Width":75}}},"ItemInfo":{"ByLineInfo":{"Brand":{"DisplayValue":"VEMOW","Label":"Brand","Locale":"es_ES"}},"Title":{"DisplayValue":"Falda Mujer Corta PU Cuero Cintura Alta Pantalones Cortos Sexy de Charol Color Sólido Minifalda con Cremallera Plisada Falda Corta Decorativa Sexy Moda Lápiz Mini Faldas(Falda A,XL)","Label":"Title","Locale":"es_ES"}},"Offers":{"Summaries":[{"Condition":{"Value":"New"},"LowestPrice":{"Amount":12.99,"Currency":"EUR","DisplayAmount":"12,99 €"}}]}},{"ASIN":"B07PFCXP19","DetailPageURL":"https://www.amazon.es/dp/B07PFCXP19?tag=topinalambricos-21&linkCode=osi&th=1&psc=1","Images":{"Primary":{"Small":{"Height":75,"URL":"https://m.media-amazon.com/images/I/31PHmnUkEtL._SL75_.jpg","Width":57}}},"ItemInfo":{"ByLineInfo":{"Brand":{"DisplayValue":"GRACE KARIN","Label":"Brand","Locale":"es_ES"}},"Title":{"DisplayValue":"GRACE KARIN Mujer Falda Corta Negro Vintage Falda Lápiz de Cuero Tamaño 2XL DECL05-1","Label":"Title","Locale":"es_ES"}},"Offers":{"Summaries":[{"Condition":{"Value":"New"},"LowestPrice":{"Amount":27.99,"Currency":"EUR","DisplayAmount":"27,99 €"}}]}},{"ASIN":"B09TW824Q5","DetailPageURL":"https://www.amazon.es/dp/B09TW824Q5?tag=topinalambricos-21&linkCode=osi&th=1&psc=1","Images":{"Primary":{"Small":{"Height":75,"URL":"https://m.media-amazon.com/images/I/31LMn6NLYVL._SL75_.jpg","Width":56}}},"ItemInfo":{"ByLineInfo":{"Brand":{"DisplayValue":"Shein","Label":"Brand","Locale":"es_ES"}},"Title":{"DisplayValue":"SheIn Falda ajustada para mujer, cintura elástica, minifalda bodycon de verano, faldas de cintura alta, falda ajustada con volantes, Negro , S","Label":"Title","Locale":"es_ES"}},"Offers":{"Summaries":[{"Condition":{"Value":"New"},"LowestPrice":{"Amount":12.66,"Currency":"EUR","DisplayAmount":"12,66 €"}}]}},{"ASIN":"B09TTQDD23","DetailPageURL":"https://www.amazon.es/dp/B09TTQDD23?tag=topinalambricos-21&linkCode=osi&th=1&psc=1","Images":{"Primary":{"Small":{"Height":75,"URL":"https://m.media-amazon.com/images/I/41GRLVmDQBL._SL75_.jpg","Width":75}}},"ItemInfo":{"ByLineInfo":{"Brand":{"DisplayValue":"Vero Moda","Label":"Brand","Locale":"es_ES"},"Manufacturer":{"DisplayValue":"Bestseller A/S","Label":"Manufacturer","Locale":"es_ES"}},"Title":{"DisplayValue":"Vero Moda VmolOlympia Noos-Falda Corta Piel, Negro, L para Mujer","Label":"Title","Locale":"es_ES"}},"Offers":{"Summaries":[{"Condition":{"Value":"New"},"LowestPrice":{"Amount":23.52,"Currency":"EUR","DisplayAmount":"23,52 €"}}]}},{"ASIN":"B09X1CVFV6","DetailPageURL":"https://www.amazon.es/dp/B09X1CVFV6?tag=topinalambricos-21&linkCode=osi&th=1&psc=1","Images":{"Primary":{"Small":{"Height":75,"URL":"https://m.media-amazon.com/images/I/41G2OECDamL._SL75_.jpg","Width":56}}},"ItemInfo":{"ByLineInfo":{"Brand":{"DisplayValue":"Shein","Label":"Brand","Locale":"es_ES"}},"Title":{"DisplayValue":"SheIn Falda ajustada para mujer, con volantes, minifalda ajustada, falda de verano, falda de cintura alta, falda informal con volantes, Negro , L","Label":"Title","Locale":"es_ES"}},"Offers":{"Summaries":[{"Condition":{"Value":"New"},"LowestPrice":{"Amount":24.13,"Currency":"EUR","DisplayAmount":"24,13 €"}}]}}],"SearchURL":"https://www.amazon.es/s?k=cuero+cortas+negras&rh=n%3A3074056031%2Cp_n_availability%3A-1&tag=topinalambricos-21&linkCode=osi","TotalResultCount":666}},"51":{"SearchResult":{"Items":[{"ASIN":"B084BW7CWW","DetailPageURL":"https://www.amazon.es/dp/B084BW7CWW?tag=topinalambricos-21&linkCode=osi&th=1&psc=1","Images":{"Primary":{"Small":{"Height":75,"URL":"https://m.media-amazon.com/images/I/419d6CHFq3L._SL75_.jpg","Width":37}}},"ItemInfo":{"ByLineInfo":{"Brand":{"DisplayValue":"Koucla","Label":"Brand","Locale":"es_ES"}},"Title":{"DisplayValue":"Koucla Falda con aspecto de piel sintética con cremallera rojo S","Label":"Title","Locale":"es_ES"}},"Offers":{"Summaries":[{"Condition":{"Value":"New"},"LowestPrice":{"Amount":24.9,"Currency":"EUR","DisplayAmount":"24,90 €"}}]}},{"ASIN":"B094782LCB","DetailPageURL":"https://www.amazon.es/dp/B094782LCB?tag=topinalambricos-21&linkCode=osi&th=1&psc=1","Images":{"Primary":{"Small":{"Height":75,"URL":"https://m.media-amazon.com/images/I/41BODgVVWDL._SL75_.jpg","Width":37}}},"ItemInfo":{"ByLineInfo":{"Brand":{"DisplayValue":"Koucla","Label":"Brand","Locale":"es_ES"}},"Title":{"DisplayValue":"Koucla Falda de piel sintética con aspecto de piel sintética con cremallera y encaje, rojo, 38","Label":"Title","Locale":"es_ES"}},"Offers":{"Summaries":[{"Condition":{"Value":"New"},"LowestPrice":{"Amount":25.99,"Currency":"EUR","DisplayAmount":"25,99 €"}}]}},{"ASIN":"B08XY5LQ39","DetailPageURL":"https://www.amazon.es/dp/B08XY5LQ39?tag=topinalambricos-21&linkCode=osi&th=1&psc=1","Images":{"Primary":{"Small":{"Height":75,"URL":"https://m.media-amazon.com/images/I/31ffu5bEkPL._SL75_.jpg","Width":37}}},"ItemInfo":{"ByLineInfo":{"Brand":{"DisplayValue":"Koucla","Label":"Brand","Locale":"es_ES"}},"Title":{"DisplayValue":"Koucla Falda de piel sintética de alta cintura con aspecto de piel sintética, rojo, S","Label":"Title","Locale":"es_ES"}},"Offers":{"Summaries":[{"Condition":{"Value":"New"},"LowestPrice":{"Amount":23.01,"Currency":"EUR","DisplayAmount":"23,01 €"}}]}},{"ASIN":"B085TPDHZL","DetailPageURL":"https://www.amazon.es/dp/B085TPDHZL?tag=topinalambricos-21&linkCode=osi&th=1&psc=1","Images":{"Primary":{"Small":{"Height":75,"URL":"https://m.media-amazon.com/images/I/41-czPU4LjL._SL75_.jpg","Width":37}}},"ItemInfo":{"ByLineInfo":{"Brand":{"DisplayValue":"Koucla","Label":"Brand","Locale":"es_ES"}},"Title":{"DisplayValue":"Koucla Falda con aspecto de piel sintética y cremallera rojo S","Label":"Title","Locale":"es_ES"}},"Offers":{"Summaries":[{"Condition":{"Value":"New"},"LowestPrice":{"Amount":25.99,"Currency":"EUR","DisplayAmount":"25,99 €"}}]}},{"ASIN":"B08XY3Q8L4","DetailPageURL":"https://www.amazon.es/dp/B08XY3Q8L4?tag=topinalambricos-21&linkCode=osi&th=1&psc=1","Images":{"Primary":{"Small":{"Height":75,"URL":"https://m.media-amazon.com/images/I/31KefCORC0L._SL75_.jpg","Width":37}}},"ItemInfo":{"ByLineInfo":{"Brand":{"DisplayValue":"Koucla","Label":"Brand","Locale":"es_ES"}},"Title":{"DisplayValue":"Koucla Falda con aspecto de piel sintética y piel sintética, minifalda asimétrica, rojo, S","Label":"Title","Locale":"es_ES"}},"Offers":{"Summaries":[{"Condition":{"Value":"New"},"LowestPrice":{"Amount":25.05,"Currency":"EUR","DisplayAmount":"25,05 €"}}]}},{"ASIN":"B087MWMB9T","DetailPageURL":"https://www.amazon.es/dp/B087MWMB9T?tag=topinalambricos-21&linkCode=osi&th=1&psc=1","Images":{"Primary":{"Small":{"Height":75,"URL":"https://m.media-amazon.com/images/I/31eIf5MAVmL._SL75_.jpg","Width":37}}},"ItemInfo":{"ByLineInfo":{"Brand":{"DisplayValue":"Koucla","Label":"Brand","Locale":"es_ES"}},"Title":{"DisplayValue":"Koucla - Falda de piel sintética con cremallera rojo S","Label":"Title","Locale":"es_ES"}},"Offers":{"Summaries":[{"Condition":{"Value":"New"},"LowestPrice":{"Amount":24.9,"Currency":"EUR","DisplayAmount":"24,90 €"}}]}},{"ASIN":"B085W6F8X1","DetailPageURL":"https://www.amazon.es/dp/B085W6F8X1?tag=topinalambricos-21&linkCode=osi&th=1&psc=1","Images":{"Primary":{"Small":{"Height":75,"URL":"https://m.media-amazon.com/images/I/31PT188KwTL._SL75_.jpg","Width":37}}},"ItemInfo":{"ByLineInfo":{"Brand":{"DisplayValue":"Koucla","Label":"Brand","Locale":"es_ES"}},"Title":{"DisplayValue":"Koucla Falda con aspecto de piel sintética con botones rojo M","Label":"Title","Locale":"es_ES"}},"Offers":{"Summaries":[{"Condition":{"Value":"New"},"LowestPrice":{"Amount":26.46,"Currency":"EUR","DisplayAmount":"26,46 €"}}]}},{"ASIN":"B08G8W3BPP","DetailPageURL":"https://www.amazon.es/dp/B08G8W3BPP?tag=topinalambricos-21&linkCode=osi&th=1&psc=1","Images":{"Primary":{"Small":{"Height":75,"URL":"https://m.media-amazon.com/images/I/41PRb10XBLL._SL75_.jpg","Width":37}}},"ItemInfo":{"ByLineInfo":{"Brand":{"DisplayValue":"Koucla","Label":"Brand","Locale":"es_ES"}},"Title":{"DisplayValue":"Koucla Falda con aspecto de piel sintética. rojo M","Label":"Title","Locale":"es_ES"}},"Offers":{"Summaries":[{"Condition":{"Value":"New"},"LowestPrice":{"Amount":22.9,"Currency":"EUR","DisplayAmount":"22,90 €"}}]}},{"ASIN":"B08LNSQZCY","DetailPageURL":"https://www.amazon.es/dp/B08LNSQZCY?tag=topinalambricos-21&linkCode=osi&th=1&psc=1","Images":{"Primary":{"Small":{"Height":75,"URL":"https://m.media-amazon.com/images/I/31Z62nLbywL._SL75_.jpg","Width":37}}},"ItemInfo":{"ByLineInfo":{"Brand":{"DisplayValue":"Koucla","Label":"Brand","Locale":"es_ES"}},"Title":{"DisplayValue":"Koucla Falda con aspecto de piel sintética, cintura alta, con ranura y encaje burdeos M","Label":"Title","Locale":"es_ES"}},"Offers":{"Summaries":[{"Condition":{"Value":"New"},"LowestPrice":{"Amount":27.9,"Currency":"EUR","DisplayAmount":"27,90 €"}}]}},{"ASIN":"B08L6SRDK5","DetailPageURL":"https://www.amazon.es/dp/B08L6SRDK5?tag=topinalambricos-21&linkCode=osi&th=1&psc=1","Images":{"Primary":{"Small":{"Height":75,"URL":"https://m.media-amazon.com/images/I/31j5CuGmPsL._SL75_.jpg","Width":37}}},"ItemInfo":{"ByLineInfo":{"Brand":{"DisplayValue":"Koucla","Label":"Brand","Locale":"es_ES"}},"Title":{"DisplayValue":"Koucla - Falda de piel sintética con aspecto de piel sintética rojo M","Label":"Title","Locale":"es_ES"}},"Offers":{"Summaries":[{"Condition":{"Value":"New"},"LowestPrice":{"Amount":29.95,"Currency":"EUR","DisplayAmount":"29,95 €"}}]}}],"SearchURL":"https://www.amazon.es/s?k=piel+sintetica+cuero+rojo&rh=n%3A3074056031%2Cp_n_availability%3A-1&tag=topinalambricos-21&linkCode=osi","TotalResultCount":567}},"52":{"SearchResult":{"Items":[{"ASIN":"B082X1B7F1","DetailPageURL":"https://www.amazon.es/dp/B082X1B7F1?tag=topinalambricos-21&linkCode=osi&th=1&psc=1","Images":{"Primary":{"Small":{"Height":75,"URL":"https://m.media-amazon.com/images/I/41n29Qe4BCL._SL75_.jpg","Width":75}}},"ItemInfo":{"ByLineInfo":{"Brand":{"DisplayValue":"IEFIEL","Label":"Brand","Locale":"es_ES"}},"Title":{"DisplayValue":"IEFIEL Falda Corta Ajustada de Cuero para Mujer Mini Falda Sexy de Club Discoteca Falda Métalica de Danza Falda Tubo Mujer Elástica Negro One_Size","Label":"Title","Locale":"es_ES"}},"Offers":{"Summaries":[{"Condition":{"Value":"New"},"LowestPrice":{"Amount":3.99,"Currency":"EUR","DisplayAmount":"3,99 €"}}]}},{"ASIN":"B09YDB2ZDT","DetailPageURL":"https://www.amazon.es/dp/B09YDB2ZDT?tag=topinalambricos-21&linkCode=osi&th=1&psc=1","Images":{"Primary":{"Small":{"Height":75,"URL":"https://m.media-amazon.com/images/I/31aemvnymEL._SL75_.jpg","Width":75}}},"ItemInfo":{"ByLineInfo":{"Brand":{"DisplayValue":"VEMOW","Label":"Brand","Locale":"es_ES"}},"Title":{"DisplayValue":"Falda Mujer Corta PU Cuero Cintura Alta Pantalones Cortos Sexy de Charol Color Sólido Minifalda con Cremallera Plisada Falda Corta Decorativa Sexy Moda Lápiz Mini Faldas(Falda A,XL)","Label":"Title","Locale":"es_ES"}},"Offers":{"Summaries":[{"Condition":{"Value":"New"},"LowestPrice":{"Amount":12.99,"Currency":"EUR","DisplayAmount":"12,99 €"}}]}},{"ASIN":"B07MTBSF1K","DetailPageURL":"https://www.amazon.es/dp/B07MTBSF1K?tag=topinalambricos-21&linkCode=osi&th=1&psc=1","Images":{"Primary":{"Small":{"Height":75,"URL":"https://m.media-amazon.com/images/I/41eMwpBEgKL._SL75_.jpg","Width":75}}},"ItemInfo":{"ByLineInfo":{"Brand":{"DisplayValue":"ALIKEEY","Label":"Brand","Locale":"es_ES"}},"Title":{"DisplayValue":"ALIKEEY Moda Mujeres Sexy Sólido Vendaje Falda Corta Alta Cintura Imitación Cuero Mini Falda Fiesta Uniforme Granate Gotica Hippie Hawaiana Irregular Inside Larga Japonesa","Label":"Title","Locale":"es_ES"}},"Offers":{"Summaries":[{"Condition":{"Value":"New"},"LowestPrice":{"Amount":26.0,"Currency":"EUR","DisplayAmount":"26,00 €"}}]}},{"ASIN":"B07FPHXD6P","DetailPageURL":"https://www.amazon.es/dp/B07FPHXD6P?tag=topinalambricos-21&linkCode=osi&th=1&psc=1","Images":{"Primary":{"Small":{"Height":74,"URL":"https://m.media-amazon.com/images/I/41AULbE5BmL._SL75_.jpg","Width":75}}},"ItemInfo":{"ByLineInfo":{"Brand":{"DisplayValue":"WanYangg","Label":"Brand","Locale":"es_ES"}},"Title":{"DisplayValue":"WanYangg Mujer Faldas Elegantes De Cuero Cintura Alta Slim Fit Moda Vintage Punk Faldas Cortas Minifalda Falda Mini Cuero Negro L","Label":"Title","Locale":"es_ES"}},"Offers":{"Summaries":[{"Condition":{"Value":"New"},"LowestPrice":{"Amount":15.67,"Currency":"EUR","DisplayAmount":"15,67 €"}}]}},{"ASIN":"B0BG1XK4JW","DetailPageURL":"https://www.amazon.es/dp/B0BG1XK4JW?tag=topinalambricos-21&linkCode=osi&th=1&psc=1","Images":{"Primary":{"Small":{"Height":75,"URL":"https://m.media-amazon.com/images/I/51ZcrLqFBrL._SL75_.jpg","Width":75}}},"ItemInfo":{"ByLineInfo":{"Brand":{"DisplayValue":"MSemis","Label":"Brand","Locale":"es_ES"}},"Title":{"DisplayValue":"MSemis Mini Falda de Látex para Mujer Falda Corta de Cuero Ropa Erótica Sexy Minifalda Encaje Transparente Picardias Lencería Noche Adultos Negro XXL","Label":"Title","Locale":"es_ES"}},"Offers":{"Summaries":[{"Condition":{"Value":"New"},"LowestPrice":{"Amount":0.99,"Currency":"EUR","DisplayAmount":"0,99 €"}}]}},{"ASIN":"B082X17N6Y","DetailPageURL":"https://www.amazon.es/dp/B082X17N6Y?tag=topinalambricos-21&linkCode=osi&th=1&psc=1","Images":{"Primary":{"Small":{"Height":75,"URL":"https://m.media-amazon.com/images/I/41J6kpAGz3L._SL75_.jpg","Width":75}}},"ItemInfo":{"ByLineInfo":{"Brand":{"DisplayValue":"dPois","Label":"Brand","Locale":"es_ES"}},"Title":{"DisplayValue":"dPois Minifalda Mujer Wet Look Sexy Mini Falda Cuero Wetlook Falda Corta Bodycon Erotica Brillante Metálico Líquido Gogo Clubwear Negro One_Size","Label":"Title","Locale":"es_ES"}},"Offers":{"Summaries":[{"Condition":{"Value":"New"},"LowestPrice":{"Amount":3.99,"Currency":"EUR","DisplayAmount":"3,99 €"}}]}},{"ASIN":"B0827XBWP9","DetailPageURL":"https://www.amazon.es/dp/B0827XBWP9?tag=topinalambricos-21&linkCode=osi&th=1&psc=1","Images":{"Primary":{"Small":{"Height":75,"URL":"https://m.media-amazon.com/images/I/41kcApLPnVL._SL75_.jpg","Width":75}}},"ItemInfo":{"ByLineInfo":{"Brand":{"DisplayValue":"Onsoyours","Label":"Brand","Locale":"es_ES"}},"Title":{"DisplayValue":"Onsoyours Falda Mujer Corta PU Cuero Cintura Alta Color Sólido Cremallera Plisada Falda Corta Decorativa Sexy Moda Lápiz Mini Faldas C Rojo XL","Label":"Title","Locale":"es_ES"}},"Offers":{"Summaries":[{"Condition":{"Value":"New"},"LowestPrice":{"Amount":15.99,"Currency":"EUR","DisplayAmount":"15,99 €"}}]}},{"ASIN":"B086QN7BDN","DetailPageURL":"https://www.amazon.es/dp/B086QN7BDN?tag=topinalambricos-21&linkCode=osi&th=1&psc=1","Images":{"Primary":{"Small":{"Height":75,"URL":"https://m.media-amazon.com/images/I/41wr+Uh8VvL._SL75_.jpg","Width":75}}},"ItemInfo":{"ByLineInfo":{"Brand":{"DisplayValue":"Loalirando","Label":"Brand","Locale":"es_ES"},"Manufacturer":{"DisplayValue":"Loalirando","Label":"Manufacturer","Locale":"es_ES"}},"Title":{"DisplayValue":"Loalirando Mini Falda Sexy de Mujer Falda Ajustada de Cuero PU Falda Corta Envuelta de Lápiz con Cremallera y Encaje para Mujer Skirt Slim Fit para Fiesta Noche Club Bar (Negro, XL)","Label":"Title","Locale":"es_ES"}},"Offers":{"Summaries":[{"Condition":{"Value":"New"},"LowestPrice":{"Amount":20.99,"Currency":"EUR","DisplayAmount":"20,99 €"}}]}},{"ASIN":"B08XQ3TWZB","DetailPageURL":"https://www.amazon.es/dp/B08XQ3TWZB?tag=topinalambricos-21&linkCode=osi&th=1&psc=1","Images":{"Primary":{"Small":{"Height":75,"URL":"https://m.media-amazon.com/images/I/313tltrTquL._SL75_.jpg","Width":75}}},"ItemInfo":{"ByLineInfo":{"Brand":{"DisplayValue":"SHOBDW Camisetas","Label":"Brand","Locale":"es_ES"}},"Title":{"DisplayValue":"Shobdw Mujer Falda De Tubo Corta Lápiz Cintura Alta Cuero De Imitación Tenedor Partido Mini Faldas Cortas Y Sexis Cremallera Casual Sexy Elegante Discoteca Bar Reunirse Falda(Negro,XXL)","Label":"Title","Locale":"es_ES"}},"Offers":{"Summaries":[{"Condition":{"Value":"New"},"LowestPrice":{"Amount":13.99,"Currency":"EUR","DisplayAmount":"13,99 €"}}]}},{"ASIN":"B0B7N3F8MF","DetailPageURL":"https://www.amazon.es/dp/B0B7N3F8MF?tag=topinalambricos-21&linkCode=osi&th=1&psc=1","Images":{"Primary":{"Small":{"Height":75,"URL":"https://m.media-amazon.com/images/I/41M7YJ1GuxL._SL75_.jpg","Width":56}}},"ItemInfo":{"ByLineInfo":{"Brand":{"DisplayValue":"HAWILAND","Label":"Brand","Locale":"es_ES"}},"Title":{"DisplayValue":"HAWILAND Falda de Cuero de Las señoras - Falda con Abertura de Cintura Alta Falda de Cuero de imitación PU Mini Falda de Cuero Óptica Falda lápiz #3 Negro M","Label":"Title","Locale":"es_ES"}},"Offers":{"Summaries":[{"Condition":{"Value":"New"},"LowestPrice":{"Amount":19.99,"Currency":"EUR","DisplayAmount":"19,99 €"}}]}}],"SearchURL":"https://www.amazon.es/s?k=cuero+mini+falda&rh=n%3A3074056031%2Cp_n_availability%3A-1&tag=topinalambricos-21&linkCode=osi","TotalResultCount":827}},"53":{"SearchResult":{"Items":[{"ASIN":"B06Y663FBR","DetailPageURL":"https://www.amazon.es/dp/B06Y663FBR?tag=topinalambricos-21&linkCode=osi&th=1&psc=1","Images":{"Primary":{"Small":{"Height":75,"URL":"https://m.media-amazon.com/images/I/311aFIunVoL._SL75_.jpg","Width":60}}},"ItemInfo":{"ByLineInfo":{"Brand":{"DisplayValue":"ZhuiKun","Label":"Brand","Locale":"es_ES"}},"Title":{"DisplayValue":"ZhuiKun Mujer Falda Midi Vaquera Elástico Cuero del Faux De Tubo con Abertura Trasera Negro 44","Label":"Title","Locale":"es_ES"}},"Offers":{"Summaries":[{"Condition":{"Value":"New"},"LowestPrice":{"Amount":15.17,"Currency":"EUR","DisplayAmount":"15,17 €"}}]}},{"ASIN":"B0BTWNKVN5","DetailPageURL":"https://www.amazon.es/dp/B0BTWNKVN5?tag=topinalambricos-21&linkCode=osi&th=1&psc=1","Images":{"Primary":{"Small":{"Height":75,"URL":"https://m.media-amazon.com/images/I/31ANABO4kFL._SL75_.jpg","Width":75}}},"ItemInfo":{"ByLineInfo":{"Brand":{"DisplayValue":"CANDE","Label":"Brand","Locale":"es_ES"}},"Title":{"DisplayValue":"Falda Tul Blanca,Faldas de Lino,Falda Midi Punto,Botines con Falda Corta,Falda Tablas Negra,Falda Paper Bag,Falda Larga Punto,Falda Vaquera Botones,Faldas de Cuero largas,Falda Corta Mujer","Label":"Title","Locale":"es_ES"}},"Offers":{"Summaries":[{"Condition":{"Value":"New"},"LowestPrice":{"Amount":11.99,"Currency":"EUR","DisplayAmount":"11,99 €"}}]}},{"ASIN":"B082X1B7F1","DetailPageURL":"https://www.amazon.es/dp/B082X1B7F1?tag=topinalambricos-21&linkCode=osi&th=1&psc=1","Images":{"Primary":{"Small":{"Height":75,"URL":"https://m.media-amazon.com/images/I/41n29Qe4BCL._SL75_.jpg","Width":75}}},"ItemInfo":{"ByLineInfo":{"Brand":{"DisplayValue":"IEFIEL","Label":"Brand","Locale":"es_ES"}},"Title":{"DisplayValue":"IEFIEL Falda Corta Ajustada de Cuero para Mujer Mini Falda Sexy de Club Discoteca Falda Métalica de Danza Falda Tubo Mujer Elástica Negro One_Size","Label":"Title","Locale":"es_ES"}},"Offers":{"Summaries":[{"Condition":{"Value":"New"},"LowestPrice":{"Amount":3.99,"Currency":"EUR","DisplayAmount":"3,99 €"}}]}},{"ASIN":"B09YDB2ZDT","DetailPageURL":"https://www.amazon.es/dp/B09YDB2ZDT?tag=topinalambricos-21&linkCode=osi&th=1&psc=1","Images":{"Primary":{"Small":{"Height":75,"URL":"https://m.media-amazon.com/images/I/31aemvnymEL._SL75_.jpg","Width":75}}},"ItemInfo":{"ByLineInfo":{"Brand":{"DisplayValue":"VEMOW","Label":"Brand","Locale":"es_ES"}},"Title":{"DisplayValue":"Falda Mujer Corta PU Cuero Cintura Alta Pantalones Cortos Sexy de Charol Color Sólido Minifalda con Cremallera Plisada Falda Corta Decorativa Sexy Moda Lápiz Mini Faldas(Falda A,XL)","Label":"Title","Locale":"es_ES"}},"Offers":{"Summaries":[{"Condition":{"Value":"New"},"LowestPrice":{"Amount":12.99,"Currency":"EUR","DisplayAmount":"12,99 €"}}]}},{"ASIN":"B08XQ3TWZB","DetailPageURL":"https://www.amazon.es/dp/B08XQ3TWZB?tag=topinalambricos-21&linkCode=osi&th=1&psc=1","Images":{"Primary":{"Small":{"Height":75,"URL":"https://m.media-amazon.com/images/I/313tltrTquL._SL75_.jpg","Width":75}}},"ItemInfo":{"ByLineInfo":{"Brand":{"DisplayValue":"SHOBDW Camisetas","Label":"Brand","Locale":"es_ES"}},"Title":{"DisplayValue":"Shobdw Mujer Falda De Tubo Corta Lápiz Cintura Alta Cuero De Imitación Tenedor Partido Mini Faldas Cortas Y Sexis Cremallera Casual Sexy Elegante Discoteca Bar Reunirse Falda(Negro,XXL)","Label":"Title","Locale":"es_ES"}},"Offers":{"Summaries":[{"Condition":{"Value":"New"},"LowestPrice":{"Amount":13.99,"Currency":"EUR","DisplayAmount":"13,99 €"}}]}},{"ASIN":"B07PFCXP19","DetailPageURL":"https://www.amazon.es/dp/B07PFCXP19?tag=topinalambricos-21&linkCode=osi&th=1&psc=1","Images":{"Primary":{"Small":{"Height":75,"URL":"https://m.media-amazon.com/images/I/31PHmnUkEtL._SL75_.jpg","Width":57}}},"ItemInfo":{"ByLineInfo":{"Brand":{"DisplayValue":"GRACE KARIN","Label":"Brand","Locale":"es_ES"}},"Title":{"DisplayValue":"GRACE KARIN Mujer Falda Corta Negro Vintage Falda Lápiz de Cuero Tamaño 2XL DECL05-1","Label":"Title","Locale":"es_ES"}},"Offers":{"Summaries":[{"Condition":{"Value":"New"},"LowestPrice":{"Amount":27.99,"Currency":"EUR","DisplayAmount":"27,99 €"}}]}},{"ASIN":"B08J4G4SYL","DetailPageURL":"https://www.amazon.es/dp/B08J4G4SYL?tag=topinalambricos-21&linkCode=osi&th=1&psc=1","Images":{"Primary":{"Small":{"Height":75,"URL":"https://m.media-amazon.com/images/I/31sxi3W3ETL._SL75_.jpg","Width":57}}},"ItemInfo":{"ByLineInfo":{"Brand":{"DisplayValue":"PIECES","Label":"Brand","Locale":"es_ES"},"Manufacturer":{"DisplayValue":"Bestseller AS","Label":"Manufacturer","Locale":"es_ES"}},"Title":{"DisplayValue":"PIECES Pcnew Shiny HW Skirt Noos Falda, Black, XS-S para Mujer","Label":"Title","Locale":"es_ES"}},"Offers":{"Summaries":[{"Condition":{"Value":"New"},"LowestPrice":{"Amount":13.99,"Currency":"EUR","DisplayAmount":"13,99 €"}},{"Condition":{"Value":"Used"},"LowestPrice":{"Amount":11.65,"Currency":"EUR","DisplayAmount":"11,65 €"}}]}},{"ASIN":"B082WQQX6R","DetailPageURL":"https://www.amazon.es/dp/B082WQQX6R?tag=topinalambricos-21&linkCode=osi&th=1&psc=1","Images":{"Primary":{"Small":{"Height":75,"URL":"https://m.media-amazon.com/images/I/31IQ6ltjvzL._SL75_.jpg","Width":57}}},"ItemInfo":{"ByLineInfo":{"Brand":{"DisplayValue":"Allegra K","Label":"Brand","Locale":"es_ES"},"Manufacturer":{"DisplayValue":"Allegra K","Label":"Manufacturer","Locale":"es_ES"}},"Title":{"DisplayValue":"Allegra K Falda de Tubo Corta Vintage con cinturón y Abertura con Botones Decorativos para Mujer Marrón XL","Label":"Title","Locale":"es_ES"}},"Offers":{"Summaries":[{"Condition":{"Value":"New"},"LowestPrice":{"Amount":41.99,"Currency":"EUR","DisplayAmount":"41,99 €"}}]}},{"ASIN":"B09K3BJKL9","DetailPageURL":"https://www.amazon.es/dp/B09K3BJKL9?tag=topinalambricos-21&linkCode=osi&th=1&psc=1","Images":{"Primary":{"Small":{"Height":75,"URL":"https://m.media-amazon.com/images/I/41cwe8515QL._SL75_.jpg","Width":75}}},"ItemInfo":{"ByLineInfo":{"Brand":{"DisplayValue":"Dazzerake","Label":"Brand","Locale":"es_ES"}},"Title":{"DisplayValue":"Dazzerake Falda Corta para Mujer Minifalda Sexy de Cuero Falda de Tubo Ajustada con Cremallera Cintura Alta Color Sólido Casual Moda (Negro B, S)","Label":"Title","Locale":"es_ES"}},"Offers":{"Summaries":[{"Condition":{"Value":"New"},"LowestPrice":{"Amount":14.99,"Currency":"EUR","DisplayAmount":"14,99 €"}}]}},{"ASIN":"B09TTQDD23","DetailPageURL":"https://www.amazon.es/dp/B09TTQDD23?tag=topinalambricos-21&linkCode=osi&th=1&psc=1","Images":{"Primary":{"Small":{"Height":75,"URL":"https://m.media-amazon.com/images/I/41GRLVmDQBL._SL75_.jpg","Width":75}}},"ItemInfo":{"ByLineInfo":{"Brand":{"DisplayValue":"Vero Moda","Label":"Brand","Locale":"es_ES"},"Manufacturer":{"DisplayValue":"Bestseller A/S","Label":"Manufacturer","Locale":"es_ES"}},"Title":{"DisplayValue":"Vero Moda VmolOlympia Noos-Falda Corta Piel, Negro, L para Mujer","Label":"Title","Locale":"es_ES"}},"Offers":{"Summaries":[{"Condition":{"Value":"New"},"LowestPrice":{"Amount":23.52,"Currency":"EUR","DisplayAmount":"23,52 €"}}]}}],"SearchURL":"https://www.amazon.es/s?k=cuero+tubo&rh=n%3A3074056031%2Cp_n_availability%3A-1&tag=topinalambricos-21&linkCode=osi","TotalResultCount":586}},"54":{"Errors":[{"__type":"com.amazon.paapi5#ErrorData","Code":"NoResults","Message":"No results found for your request."}]},"55":{"SearchResult":{"Items":[{"ASIN":"B0BTWNKVN5","DetailPageURL":"https://www.amazon.es/dp/B0BTWNKVN5?tag=topinalambricos-21&linkCode=osi&th=1&psc=1","Images":{"Primary":{"Small":{"Height":75,"URL":"https://m.media-amazon.com/images/I/31ANABO4kFL._SL75_.jpg","Width":75}}},"ItemInfo":{"ByLineInfo":{"Brand":{"DisplayValue":"CANDE","Label":"Brand","Locale":"es_ES"}},"Title":{"DisplayValue":"Falda Tul Blanca,Faldas de Lino,Falda Midi Punto,Botines con Falda Corta,Falda Tablas Negra,Falda Paper Bag,Falda Larga Punto,Falda Vaquera Botones,Faldas de Cuero largas,Falda Corta Mujer","Label":"Title","Locale":"es_ES"}},"Offers":{"Summaries":[{"Condition":{"Value":"New"},"LowestPrice":{"Amount":11.99,"Currency":"EUR","DisplayAmount":"11,99 €"}}]}},{"ASIN":"B0B8VRQGWX","DetailPageURL":"https://www.amazon.es/dp/B0B8VRQGWX?tag=topinalambricos-21&linkCode=osi&th=1&psc=1","Images":{"Primary":{"Small":{"Height":75,"URL":"https://m.media-amazon.com/images/I/51BdxhvHkCL._SL75_.jpg","Width":75}}},"ItemInfo":{"ByLineInfo":{"Brand":{"DisplayValue":"VEMOW","Label":"Brand","Locale":"es_ES"},"Manufacturer":{"DisplayValue":"VEMOW","Label":"Manufacturer","Locale":"es_ES"}},"Title":{"DisplayValue":"Falda Midi con Estampado Floral Falda de Cintura Alta Falda de Cintura elástica con Bolsillos Falda Plisada de Verano Falda Larga con Vuelo Faldas Tablas","Label":"Title","Locale":"es_ES"}},"Offers":{"Summaries":[{"Condition":{"Value":"New"},"LowestPrice":{"Amount":24.93,"Currency":"EUR","DisplayAmount":"24,93 €"}}]}},{"ASIN":"B0BFVY6BGD","DetailPageURL":"https://www.amazon.es/dp/B0BFVY6BGD?tag=topinalambricos-21&linkCode=osi&th=1&psc=1","Images":{"Primary":{"Small":{"Height":75,"URL":"https://m.media-amazon.com/images/I/41lHJZSLI3L._SL75_.jpg","Width":57}}},"ItemInfo":{"ByLineInfo":{"Brand":{"DisplayValue":"YiZYiF","Label":"Brand","Locale":"es_ES"}},"Title":{"DisplayValue":"YiZYiF Falda Corta de Cuero Mujer Chica Mini Falda Danza Discoteca Falda con Volantes Color Metálico Cintura Baja Traje Pole Dance Fiesta Clubwear X Rojo XL","Label":"Title","Locale":"es_ES"}},"Offers":{"Summaries":[{"Condition":{"Value":"New"},"LowestPrice":{"Amount":7.29,"Currency":"EUR","DisplayAmount":"7,29 €"}}]}},{"ASIN":"B0BZ3VN3FV","DetailPageURL":"https://www.amazon.es/dp/B0BZ3VN3FV?tag=topinalambricos-21&linkCode=osi&th=1&psc=1","Images":{"Primary":{"Small":{"Height":75,"URL":"https://m.media-amazon.com/images/I/51TZVNYcktL._SL75_.jpg","Width":75}}},"ItemInfo":{"ByLineInfo":{"Brand":{"DisplayValue":"STRY","Label":"Brand","Locale":"es_ES"}},"Title":{"DisplayValue":"STRY Faldas de Tul para Bodas 2023,Faldas con Vuelo largas,Botines para Faldas y Vestidos,Falda con Pantalon,Falda Granate,Falda Larga Azul Marino,Falda Gris Larga,Falda de Cuero roja,Falda de Saten","Label":"Title","Locale":"es_ES"}},"Offers":{"Summaries":[{"Condition":{"Value":"New"},"LowestPrice":{"Amount":10.99,"Currency":"EUR","DisplayAmount":"10,99 €"}}]}},{"ASIN":"B0BLHPJTZY","DetailPageURL":"https://www.amazon.es/dp/B0BLHPJTZY?tag=topinalambricos-21&linkCode=osi&th=1&psc=1","Images":{"Primary":{"Small":{"Height":75,"URL":"https://m.media-amazon.com/images/I/51V45K5j7+L._SL75_.jpg","Width":75}}},"ItemInfo":{"ByLineInfo":{"Brand":{"DisplayValue":"Ushiny","Label":"Brand","Locale":"es_ES"}},"Title":{"DisplayValue":"Ushiny Mujer Casual Brillante Expuesto Plisado Mini Falda Elástica Metálica Línea A-Falda de Cintura Alta Mini Falda para Mujer y Niñas","Label":"Title","Locale":"es_ES"}},"Offers":{"Summaries":[{"Condition":{"Value":"New"},"LowestPrice":{"Amount":14.99,"Currency":"EUR","DisplayAmount":"14,99 €"}}]}},{"ASIN":"B09LHSSM67","DetailPageURL":"https://www.amazon.es/dp/B09LHSSM67?tag=topinalambricos-21&linkCode=osi&th=1&psc=1","Images":{"Primary":{"Small":{"Height":75,"URL":"https://m.media-amazon.com/images/I/315cHgKmJJL._SL75_.jpg","Width":73}}},"ItemInfo":{"ByLineInfo":{"Brand":{"DisplayValue":"Hurley","Label":"Brand","Locale":"es_ES"},"Manufacturer":{"DisplayValue":"Hurley","Label":"Manufacturer","Locale":"es_ES"}},"Title":{"DisplayValue":"Hurley Solid Mini Skirt, Black, XS Women's","Label":"Title","Locale":"es_ES"}},"Offers":{"Summaries":[{"Condition":{"Value":"New"},"LowestPrice":{"Amount":45.0,"Currency":"EUR","DisplayAmount":"45,00 €"}}]}},{"ASIN":"B09DT4XVDM","DetailPageURL":"https://www.amazon.es/dp/B09DT4XVDM?tag=topinalambricos-21&linkCode=osi&th=1&psc=1","Images":{"Primary":{"Small":{"Height":75,"URL":"https://m.media-amazon.com/images/I/31L3donS-3L._SL75_.jpg","Width":57}}},"ItemInfo":{"ByLineInfo":{"Brand":{"DisplayValue":"JJXX","Label":"Brand","Locale":"es_ES"},"Manufacturer":{"DisplayValue":"Bestseller A/S","Label":"Manufacturer","Locale":"es_ES"}},"Title":{"DisplayValue":"JJXX Jxrowe Short Faux Leather Skirt Noos Falda de Piel, Negro. Detalles: Mate, M para Mujer","Label":"Title","Locale":"es_ES"}},"Offers":{"Summaries":[{"Condition":{"Value":"New"},"LowestPrice":{"Amount":34.95,"Currency":"EUR","DisplayAmount":"34,95 €"}}]}},{"ASIN":"B07G717ZFQ","DetailPageURL":"https://www.amazon.es/dp/B07G717ZFQ?tag=topinalambricos-21&linkCode=osi&th=1&psc=1","Images":{"Primary":{"Small":{"Height":75,"URL":"https://m.media-amazon.com/images/I/41XDvamxytL._SL75_.jpg","Width":75}}},"ItemInfo":{"ByLineInfo":{"Brand":{"DisplayValue":"EXCHIC","Label":"Brand","Locale":"es_ES"}},"Title":{"DisplayValue":"EXCHIC Mujer Falda Skater Acampanada Metálica Brillante (M, Negro)","Label":"Title","Locale":"es_ES"}},"Offers":{"Summaries":[{"Condition":{"Value":"New"},"LowestPrice":{"Amount":18.98,"Currency":"EUR","DisplayAmount":"18,98 €"}}]}},{"ASIN":"B0778VM9WG","DetailPageURL":"https://www.amazon.es/dp/B0778VM9WG?tag=topinalambricos-21&linkCode=osi&th=1&psc=1","Images":{"Primary":{"Small":{"Height":75,"URL":"https://m.media-amazon.com/images/I/31kCgBP5puL._SL75_.jpg","Width":75}}},"ItemInfo":{"ByLineInfo":{"Brand":{"DisplayValue":"Bridesmay","Label":"Brand","Locale":"es_ES"}},"Title":{"DisplayValue":"Bridesmay Falda Mujer Plisada Verano Corto Casual Mini Multifuncional De Poliéster Plegado Patinador para la Escuela, la Oficina, Las Fechas y Las Fiesta Black XL","Label":"Title","Locale":"es_ES"}},"Offers":{"Summaries":[{"Condition":{"Value":"New"},"LowestPrice":{"Amount":22.05,"Currency":"EUR","DisplayAmount":"22,05 €"}}]}},{"ASIN":"B08VNN1ND5","DetailPageURL":"https://www.amazon.es/dp/B08VNN1ND5?tag=topinalambricos-21&linkCode=osi&th=1&psc=1","Images":{"Primary":{"Small":{"Height":75,"URL":"https://m.media-amazon.com/images/I/41gEWP6vUvL._SL75_.jpg","Width":75}}},"ItemInfo":{"ByLineInfo":{"Brand":{"DisplayValue":"Loalirando","Label":"Brand","Locale":"es_ES"}},"Title":{"DisplayValue":"Loalirando Falda Lápiz de Cintura Alta Falda Corta con Abertura y Cinturón Mini Falda de Tubo Sexy y Elegante Clubwear de Mujer para Fiesta Noche Bar Cita (Negro, M)","Label":"Title","Locale":"es_ES"}},"Offers":{"Summaries":[{"Condition":{"Value":"New"},"LowestPrice":{"Amount":14.99,"Currency":"EUR","DisplayAmount":"14,99 €"}}]}}],"SearchURL":"https://www.amazon.es/s?k=cuero+vuelo&rh=n%3A3074056031%2Cp_n_availability%3A-1&tag=topinalambricos-21&linkCode=osi","TotalResultCount":652}},"57":{"SearchResult":{"Items":[{"ASIN":"B089WH41DQ","DetailPageURL":"https://www.amazon.es/dp/B089WH41DQ?tag=topinalambricos-21&linkCode=osi&th=1&psc=1","Images":{"Primary":{"Small":{"Height":75,"URL":"https://m.media-amazon.com/images/I/31rPyUWFCyL._SL75_.jpg","Width":57}}},"ItemInfo":{"ByLineInfo":{"Brand":{"DisplayValue":"Only","Label":"Brand","Locale":"es_ES"},"Manufacturer":{"DisplayValue":"Only","Label":"Manufacturer","Locale":"es_ES"}},"Title":{"DisplayValue":"Only ONLROYAL HW Coated Button Pant PNT RP Pantalón, Black, M/32 para Mujer","Label":"Title","Locale":"es_ES"}},"Offers":{"Summaries":[{"Condition":{"Value":"New"},"LowestPrice":{"Amount":29.99,"Currency":"EUR","DisplayAmount":"29,99 €"}}]}},{"ASIN":"B0B1DY48JS","DetailPageURL":"https://www.amazon.es/dp/B0B1DY48JS?tag=topinalambricos-21&linkCode=osi&th=1&psc=1","Images":{"Primary":{"Small":{"Height":75,"URL":"https://m.media-amazon.com/images/I/31k9tdDNY+L._SL75_.jpg","Width":57}}},"ItemInfo":{"ByLineInfo":{"Brand":{"DisplayValue":"The Drop","Label":"Brand","Locale":"es_ES"},"Manufacturer":{"DisplayValue":"The Drop","Label":"Manufacturer","Locale":"es_ES"}},"Title":{"DisplayValue":"The Drop Pantalón para Mujer, Jack de Cuero Vegano con Pierna Recta, Negro, 40","Label":"Title","Locale":"es_ES"}},"Offers":{"Summaries":[{"Condition":{"Value":"New"},"LowestPrice":{"Amount":31.31,"Currency":"EUR","DisplayAmount":"31,31 €"}}]}},{"ASIN":"B08B63LGRB","DetailPageURL":"https://www.amazon.es/dp/B08B63LGRB?tag=topinalambricos-21&linkCode=osi&th=1&psc=1","Images":{"Primary":{"Small":{"Height":75,"URL":"https://m.media-amazon.com/images/I/31YqV8IxLpL._SL75_.jpg","Width":75}}},"ItemInfo":{"ByLineInfo":{"Brand":{"DisplayValue":"Only","Label":"Brand","Locale":"es_ES"},"Manufacturer":{"DisplayValue":"Only","Label":"Manufacturer","Locale":"es_ES"}},"Title":{"DisplayValue":"ONLY ONLPOPTRASH EASY COATED PANT PNT NOOS, Pantalón Mujer, Negro (Black), XS/32","Label":"Title","Locale":"es_ES"}},"Offers":{"Summaries":[{"Condition":{"Value":"New"},"LowestPrice":{"Amount":28.57,"Currency":"EUR","DisplayAmount":"28,57 €"}}]}},{"ASIN":"B0B8MZX4RR","DetailPageURL":"https://www.amazon.es/dp/B0B8MZX4RR?tag=topinalambricos-21&linkCode=osi&th=1&psc=1","Images":{"Primary":{"Small":{"Height":75,"URL":"https://m.media-amazon.com/images/I/31g2w6KbgHL._SL75_.jpg","Width":58}}},"ItemInfo":{"ByLineInfo":{"Brand":{"DisplayValue":"GRACE KARIN","Label":"Brand","Locale":"es_ES"}},"Title":{"DisplayValue":"GRACE KARIN Pantalones de Cuero de Cintura Alta Elegantes para Mujer con cinturón Slim Fit Cigarrillo de Cuero de imitación Negro XL","Label":"Title","Locale":"es_ES"}},"Offers":{"Summaries":[{"Condition":{"Value":"New"},"LowestPrice":{"Amount":26.99,"Currency":"EUR","DisplayAmount":"26,99 €"}}]}},{"ASIN":"B01J3WL83S","DetailPageURL":"https://www.amazon.es/dp/B01J3WL83S?tag=topinalambricos-21&linkCode=osi&th=1&psc=1","Images":{"Primary":{"Small":{"Height":75,"URL":"https://m.media-amazon.com/images/I/31V-FB5AulL._SL75_.jpg","Width":75}}},"ItemInfo":{"ByLineInfo":{"Brand":{"DisplayValue":"Only","Label":"Brand","Locale":"es_ES"},"Manufacturer":{"DisplayValue":"Only","Label":"Manufacturer","Locale":"es_ES"}},"Title":{"DisplayValue":"ONLY Onlnew Royal Coated Biker Skinny Fit Pantalones, Black, S / 32 para Mujer","Label":"Title","Locale":"es_ES"}},"Offers":{"Summaries":[{"Condition":{"Value":"New"},"LowestPrice":{"Amount":37.57,"Currency":"EUR","DisplayAmount":"37,57 €"}}]}},{"ASIN":"B0B1DYXKP8","DetailPageURL":"https://www.amazon.es/dp/B0B1DYXKP8?tag=topinalambricos-21&linkCode=osi&th=1&psc=1","Images":{"Primary":{"Small":{"Height":75,"URL":"https://m.media-amazon.com/images/I/31LNNRv1WFL._SL75_.jpg","Width":57}}},"ItemInfo":{"ByLineInfo":{"Brand":{"DisplayValue":"The Drop","Label":"Brand","Locale":"es_ES"},"Manufacturer":{"DisplayValue":"The Drop","Label":"Manufacturer","Locale":"es_ES"}},"Title":{"DisplayValue":"The Drop Pantalón para Mujer, Theor de Cuero Vegano, Negro, XXL","Label":"Title","Locale":"es_ES"}},"Offers":{"Summaries":[{"Condition":{"Value":"New"},"LowestPrice":{"Amount":52.9,"Currency":"EUR","DisplayAmount":"52,90 €"}}]}},{"ASIN":"B06XHH73W1","DetailPageURL":"https://www.amazon.es/dp/B06XHH73W1?tag=topinalambricos-21&linkCode=osi&th=1&psc=1","Images":{"Primary":{"Small":{"Height":75,"URL":"https://m.media-amazon.com/images/I/41gVv7Nf-eL._SL75_.jpg","Width":44}}},"ItemInfo":{"ByLineInfo":{"Brand":{"DisplayValue":"malito more than fashion","Label":"Brand","Locale":"es_ES"}},"Title":{"DisplayValue":"Malito Capri-Pantalones con imitación de Cuero cinturón 5398 Mujer M","Label":"Title","Locale":"es_ES"}},"Offers":{"Summaries":[{"Condition":{"Value":"New"},"LowestPrice":{"Amount":24.95,"Currency":"EUR","DisplayAmount":"24,95 €"}}]}},{"ASIN":"B08L9FV8M6","DetailPageURL":"https://www.amazon.es/dp/B08L9FV8M6?tag=topinalambricos-21&linkCode=osi&th=1&psc=1","Images":{"Primary":{"Small":{"Height":75,"URL":"https://m.media-amazon.com/images/I/31WSBTbAgiL._SL75_.jpg","Width":42}}},"ItemInfo":{"ByLineInfo":{"Brand":{"DisplayValue":"Only","Label":"Brand","Locale":"es_ES"},"Manufacturer":{"DisplayValue":"Bestseller A/S","Label":"Manufacturer","Locale":"es_ES"}},"Title":{"DisplayValue":"Only ONLMISSOURI-NYA REG ANK Cargo Coated PNT Hose, Black, S_32 para Mujer","Label":"Title","Locale":"es_ES"}},"Offers":{"Summaries":[{"Condition":{"Value":"New"},"LowestPrice":{"Amount":29.82,"Currency":"EUR","DisplayAmount":"29,82 €"}}]}},{"ASIN":"B09CZ29BFQ","DetailPageURL":"https://www.amazon.es/dp/B09CZ29BFQ?tag=topinalambricos-21&linkCode=osi&th=1&psc=1","Images":{"Primary":{"Small":{"Height":75,"URL":"https://m.media-amazon.com/images/I/31XYn-JWuXL._SL75_.jpg","Width":57}}},"ItemInfo":{"ByLineInfo":{"Brand":{"DisplayValue":"The Drop","Label":"Brand","Locale":"es_ES"},"Manufacturer":{"DisplayValue":"The Drop","Label":"Manufacturer","Locale":"es_ES"}},"Title":{"DisplayValue":"The Drop Pantalón Jogger Sin Cierre de Cuero Sintético, por @lisadnyc para Mujer, Camel, S","Label":"Title","Locale":"es_ES"}},"Offers":{"Summaries":[{"Condition":{"Value":"New"},"LowestPrice":{"Amount":52.9,"Currency":"EUR","DisplayAmount":"52,90 €"}}]}},{"ASIN":"B00UJG953I","DetailPageURL":"https://www.amazon.es/dp/B00UJG953I?tag=topinalambricos-21&linkCode=osi&th=1&psc=1","Images":{"Primary":{"Small":{"Height":75,"URL":"https://m.media-amazon.com/images/I/41X+y6M7BnL._SL75_.jpg","Width":50}}},"ItemInfo":{"ByLineInfo":{"Brand":{"DisplayValue":"Dolce & Gabbana","Label":"Brand","Locale":"es_ES"}},"Title":{"DisplayValue":"Dolce & Gabbana Mujer Pantalones de Cuero (Negro, 36)","Label":"Title","Locale":"es_ES"}},"Offers":{"Summaries":[{"Condition":{"Value":"New"},"LowestPrice":{"Amount":99.9,"Currency":"EUR","DisplayAmount":"99,90 €"}}]}}],"SearchURL":"https://www.amazon.es/s?k=cuero&rh=n%3A3074063031%2Cp_n_availability%3A-1&tag=topinalambricos-21&linkCode=osi","TotalResultCount":178}},"58":{"SearchResult":{"Items":[{"ASIN":"B08L9FV8M6","DetailPageURL":"https://www.amazon.es/dp/B08L9FV8M6?tag=topinalambricos-21&linkCode=osi&th=1&psc=1","Images":{"Primary":{"Small":{"Height":75,"URL":"https://m.media-amazon.com/images/I/31WSBTbAgiL._SL75_.jpg","Width":42}}},"ItemInfo":{"ByLineInfo":{"Brand":{"DisplayValue":"Only","Label":"Brand","Locale":"es_ES"},"Manufacturer":{"DisplayValue":"Bestseller A/S","Label":"Manufacturer","Locale":"es_ES"}},"Title":{"DisplayValue":"Only ONLMISSOURI-NYA REG ANK Cargo Coated PNT Hose, Black, S_32 para Mujer","Label":"Title","Locale":"es_ES"}},"Offers":{"Summaries":[{"Condition":{"Value":"New"},"LowestPrice":{"Amount":29.82,"Currency":"EUR","DisplayAmount":"29,82 €"}}]}},{"ASIN":"B07V6QW5Z2","DetailPageURL":"https://www.amazon.es/dp/B07V6QW5Z2?tag=topinalambricos-21&linkCode=osi&th=1&psc=1","Images":{"Primary":{"Small":{"Height":75,"URL":"https://m.media-amazon.com/images/I/31qlx9-0gfL._SL75_.jpg","Width":28}}},"ItemInfo":{"ByLineInfo":{"Brand":{"DisplayValue":"Gipsy","Label":"Brand","Locale":"es_ES"}},"Title":{"DisplayValue":"Gipsy ZipaTrouser SNVV Mujer Pantalones de Piel Negro M 100% Cuero Estrechos","Label":"Title","Locale":"es_ES"}},"Offers":{"Summaries":[{"Condition":{"Value":"New"},"LowestPrice":{"Amount":150.99,"Currency":"EUR","DisplayAmount":"150,99 €"}}]}},{"ASIN":"B095YT6M71","DetailPageURL":"https://www.amazon.es/dp/B095YT6M71?tag=topinalambricos-21&linkCode=osi&th=1&psc=1","Images":{"Primary":{"Small":{"Height":75,"URL":"https://m.media-amazon.com/images/I/31xE2oV++xS._SL75_.jpg","Width":56}}},"ItemInfo":{"ByLineInfo":{"Brand":{"DisplayValue":"Onsoyours","Label":"Brand","Locale":"es_ES"}},"Title":{"DisplayValue":"Onsoyours Leggings De PU Cuero Mujeres Cintura Alta Delgados Elástico Pantalón Imitación Cuero Pantalones Pantalón Clásico De Piel Sintética con Pantalón Acampanado para Mujer Azul M","Label":"Title","Locale":"es_ES"}},"Offers":{"Summaries":[{"Condition":{"Value":"New"},"LowestPrice":{"Amount":14.99,"Currency":"EUR","DisplayAmount":"14,99 €"}}]}},{"ASIN":"B09B5F6VNM","DetailPageURL":"https://www.amazon.es/dp/B09B5F6VNM?tag=topinalambricos-21&linkCode=osi&th=1&psc=1","Images":{"Primary":{"Small":{"Height":75,"URL":"https://m.media-amazon.com/images/I/31Rt7ZPLeHL._SL75_.jpg","Width":49}}},"ItemInfo":{"ByLineInfo":{"Brand":{"DisplayValue":"JOPHY & CO.","Label":"Brand","Locale":"es_ES"}},"Title":{"DisplayValue":"JOPHY & CO. Pantalón de mujer de piel sintética ancha cómoda con bolsillos y cordones (cód. 9827), cuero, XL","Label":"Title","Locale":"es_ES"}},"Offers":{"Summaries":[{"Condition":{"Value":"New"},"LowestPrice":{"Amount":39.5,"Currency":"EUR","DisplayAmount":"39,50 €"}}]}},{"ASIN":"B09XVD7RGZ","DetailPageURL":"https://www.amazon.es/dp/B09XVD7RGZ?tag=topinalambricos-21&linkCode=osi&th=1&psc=1","Images":{"Primary":{"Small":{"Height":75,"URL":"https://m.media-amazon.com/images/I/31XPmqMs5iL._SL75_.jpg","Width":75}}},"ItemInfo":{"ByLineInfo":{"Brand":{"DisplayValue":"JJXX","Label":"Brand","Locale":"es_ES"},"Manufacturer":{"DisplayValue":"Bestseller A/S","Label":"Manufacturer","Locale":"es_ES"}},"Title":{"DisplayValue":"JJXX Jxkenya Hw Straight Pantalones de Piel Sintética, Pantalones Mujer, Negro/Detalle: Mate Largo, M","Label":"Title","Locale":"es_ES"}},"Offers":{"Summaries":[{"Condition":{"Value":"New"},"LowestPrice":{"Amount":17.83,"Currency":"EUR","DisplayAmount":"17,83 €"}}]}},{"ASIN":"B089QBS366","DetailPageURL":"https://www.amazon.es/dp/B089QBS366?tag=topinalambricos-21&linkCode=osi&th=1&psc=1","Images":{"Primary":{"Small":{"Height":75,"URL":"https://m.media-amazon.com/images/I/31sr11X8HnL._SL75_.jpg","Width":57}}},"ItemInfo":{"ByLineInfo":{"Brand":{"DisplayValue":"JDY","Label":"Brand","Locale":"es_ES"},"Manufacturer":{"DisplayValue":"JdY","Label":"Manufacturer","Locale":"es_ES"}},"Title":{"DisplayValue":"JDY JDYNEWTHUNDER Coated High SKN PNT Noos Pantalón, Black, L 30 para Mujer","Label":"Title","Locale":"es_ES"}},"Offers":{"Summaries":[{"Condition":{"Value":"Used"},"LowestPrice":{"Amount":22.86,"Currency":"EUR","DisplayAmount":"22,86 €"}},{"Condition":{"Value":"New"},"LowestPrice":{"Amount":23.99,"Currency":"EUR","DisplayAmount":"23,99 €"}}]}},{"ASIN":"B089WH41DQ","DetailPageURL":"https://www.amazon.es/dp/B089WH41DQ?tag=topinalambricos-21&linkCode=osi&th=1&psc=1","Images":{"Primary":{"Small":{"Height":75,"URL":"https://m.media-amazon.com/images/I/31rPyUWFCyL._SL75_.jpg","Width":57}}},"ItemInfo":{"ByLineInfo":{"Brand":{"DisplayValue":"Only","Label":"Brand","Locale":"es_ES"},"Manufacturer":{"DisplayValue":"Only","Label":"Manufacturer","Locale":"es_ES"}},"Title":{"DisplayValue":"Only ONLROYAL HW Coated Button Pant PNT RP Pantalón, Black, M/32 para Mujer","Label":"Title","Locale":"es_ES"}},"Offers":{"Summaries":[{"Condition":{"Value":"New"},"LowestPrice":{"Amount":29.99,"Currency":"EUR","DisplayAmount":"29,99 €"}}]}},{"ASIN":"B01J3WL83S","DetailPageURL":"https://www.amazon.es/dp/B01J3WL83S?tag=topinalambricos-21&linkCode=osi&th=1&psc=1","Images":{"Primary":{"Small":{"Height":75,"URL":"https://m.media-amazon.com/images/I/31V-FB5AulL._SL75_.jpg","Width":75}}},"ItemInfo":{"ByLineInfo":{"Brand":{"DisplayValue":"Only","Label":"Brand","Locale":"es_ES"},"Manufacturer":{"DisplayValue":"Only","Label":"Manufacturer","Locale":"es_ES"}},"Title":{"DisplayValue":"ONLY Onlnew Royal Coated Biker Skinny Fit Pantalones, Black, S / 32 para Mujer","Label":"Title","Locale":"es_ES"}},"Offers":{"Summaries":[{"Condition":{"Value":"New"},"LowestPrice":{"Amount":37.57,"Currency":"EUR","DisplayAmount":"37,57 €"}}]}},{"ASIN":"B084KM7MZS","DetailPageURL":"https://www.amazon.es/dp/B084KM7MZS?tag=topinalambricos-21&linkCode=osi&th=1&psc=1","Images":{"Primary":{"Small":{"Height":75,"URL":"https://m.media-amazon.com/images/I/318DjLRBI3L._SL75_.jpg","Width":37}}},"ItemInfo":{"ByLineInfo":{"Brand":{"DisplayValue":"Koucla","Label":"Brand","Locale":"es_ES"}},"Title":{"DisplayValue":"Koucla Pantalones de cintura alta con aspecto de piel barnizada para mujer con cremallera Negro S","Label":"Title","Locale":"es_ES"}},"Offers":{"Summaries":[{"Condition":{"Value":"New"},"LowestPrice":{"Amount":33.9,"Currency":"EUR","DisplayAmount":"33,90 €"}}]}},{"ASIN":"B09F6V17FD","DetailPageURL":"https://www.amazon.es/dp/B09F6V17FD?tag=topinalambricos-21&linkCode=osi&th=1&psc=1","Images":{"Primary":{"Small":{"Height":75,"URL":"https://m.media-amazon.com/images/I/41ebwjSg-LL._SL75_.jpg","Width":57}}},"ItemInfo":{"ByLineInfo":{"Brand":{"DisplayValue":"Jack & Jones","Label":"Brand","Locale":"es_ES"},"Manufacturer":{"DisplayValue":"Bestseller A/S","Label":"Manufacturer","Locale":"es_ES"}},"Title":{"DisplayValue":"Jack & Jones Jjxx Jxkenya HW Straight-Pantalones de Piel sintética, Verde Jolly/Detalles: Brillante, M para Mujer","Label":"Title","Locale":"es_ES"}},"Offers":{"Summaries":[{"Condition":{"Value":"New"},"LowestPrice":{"Amount":45.99,"Currency":"EUR","DisplayAmount":"45,99 €"}}]}}],"SearchURL":"https://www.amazon.es/s?k=cuero+piel&rh=n%3A3074063031%2Cp_n_availability%3A-1&tag=topinalambricos-21&linkCode=osi","TotalResultCount":153}},"59":{"SearchResult":{"Items":[{"ASIN":"B088PK54QC","DetailPageURL":"https://www.amazon.es/dp/B088PK54QC?tag=topinalambricos-21&linkCode=osi&th=1&psc=1","Images":{"Primary":{"Small":{"Height":75,"URL":"https://m.media-amazon.com/images/I/413SYflDj3L._SL75_.jpg","Width":75}}},"ItemInfo":{"ByLineInfo":{"Brand":{"DisplayValue":"Pelisy","Label":"Brand","Locale":"es_ES"},"Manufacturer":{"DisplayValue":"Pelisy","Label":"Manufacturer","Locale":"es_ES"}},"Title":{"DisplayValue":"Pelisy Pantalones Cortos de Cuero Sexy para Mujer, Brillante, Cintura Alta, Aspecto de Cuero sintético, Pantalones Cortos Pushup up Piel sintética, Schwarz, M","Label":"Title","Locale":"es_ES"}},"Offers":{"Summaries":[{"Condition":{"Value":"New"},"LowestPrice":{"Amount":16.99,"Currency":"EUR","DisplayAmount":"16,99 €"}}]}},{"ASIN":"B09W99GMCG","DetailPageURL":"https://www.amazon.es/dp/B09W99GMCG?tag=topinalambricos-21&linkCode=osi&th=1&psc=1","Images":{"Primary":{"Small":{"Height":75,"URL":"https://m.media-amazon.com/images/I/41-g2m6JGtL._SL75_.jpg","Width":75}}},"ItemInfo":{"ByLineInfo":{"Brand":{"DisplayValue":"Faringoto","Label":"Brand","Locale":"es_ES"},"Manufacturer":{"DisplayValue":"GEHIKIM","Label":"Manufacturer","Locale":"es_ES"}},"Title":{"DisplayValue":"Faringoto Pantalones cortos de mezclilla rasgados con dobladillo de cintura alta para mujer, 864, Large","Label":"Title","Locale":"es_ES"}},"Offers":{"Summaries":[{"Condition":{"Value":"New"},"LowestPrice":{"Amount":19.72,"Currency":"EUR","DisplayAmount":"19,72 €"}}]}},{"ASIN":"B0B4FNW4XP","DetailPageURL":"https://www.amazon.es/dp/B0B4FNW4XP?tag=topinalambricos-21&linkCode=osi&th=1&psc=1","Images":{"Primary":{"Small":{"Height":75,"URL":"https://m.media-amazon.com/images/I/41u-jULrUPL._SL75_.jpg","Width":75}}},"ItemInfo":{"ByLineInfo":{"Brand":{"DisplayValue":"NUSGEAR","Label":"Brand","Locale":"es_ES"}},"Title":{"DisplayValue":"2022 Mujer Pantalones Cortos de Cuero Moda Casual Verano Shorts Moda cordón PU Cintura Alta Slim Fit Pantalones Cortos Elástico cómodo Fiesta Sexy Shorts","Label":"Title","Locale":"es_ES"}},"Offers":{"Summaries":[{"Condition":{"Value":"New"},"LowestPrice":{"Amount":6.98,"Currency":"EUR","DisplayAmount":"6,98 €"}}]}},{"ASIN":"B08NTBZCMH","DetailPageURL":"https://www.amazon.es/dp/B08NTBZCMH?tag=topinalambricos-21&linkCode=osi&th=1&psc=1","Images":{"Primary":{"Small":{"Height":75,"URL":"https://m.media-amazon.com/images/I/41veSVXRtgL._SL75_.jpg","Width":75}}},"ItemInfo":{"ByLineInfo":{"Brand":{"DisplayValue":"Pelisy","Label":"Brand","Locale":"es_ES"}},"Title":{"DisplayValue":"Sexy Cintura Alta Pantalones Cortos Mujer Deporte Push Up Fitness EláStica Moda","Label":"Title","Locale":"es_ES"}},"Offers":{"Summaries":[{"Condition":{"Value":"New"},"LowestPrice":{"Amount":15.99,"Currency":"EUR","DisplayAmount":"15,99 €"}}]}},{"ASIN":"B07QJBCHF2","DetailPageURL":"https://www.amazon.es/dp/B07QJBCHF2?tag=topinalambricos-21&linkCode=osi&th=1&psc=1","Images":{"Primary":{"Small":{"Height":35,"URL":"https://m.media-amazon.com/images/I/31ukwnZlPHL._SL75_.jpg","Width":75}}},"ItemInfo":{"ByLineInfo":{"Brand":{"DisplayValue":"Wamvp","Label":"Brand","Locale":"es_ES"}},"Title":{"DisplayValue":"Wamvp Sexy Pantalones Cortos para Mujer PU Verano Leggins Cuero Elásticos Pantalones Cortos","Label":"Title","Locale":"es_ES"}},"Offers":{"Summaries":[{"Condition":{"Value":"New"},"LowestPrice":{"Amount":15.99,"Currency":"EUR","DisplayAmount":"15,99 €"}}]}},{"ASIN":"B07Q6YGS49","DetailPageURL":"https://www.amazon.es/dp/B07Q6YGS49?tag=topinalambricos-21&linkCode=osi&th=1&psc=1","Images":{"Primary":{"Small":{"Height":75,"URL":"https://m.media-amazon.com/images/I/41lyDZVx+iL._SL75_.jpg","Width":75}}},"ItemInfo":{"ByLineInfo":{"Brand":{"DisplayValue":"TiaoBug","Label":"Brand","Locale":"es_ES"}},"Title":{"DisplayValue":"TiaoBug Pantalones Cortos Verano de Cintura Alta Mini Pantalones de Cremallera Cortos Shorts de Cuero Deportivo de Danza Elástico Clubwear Negro Medium","Label":"Title","Locale":"es_ES"}},"Offers":{"Summaries":[{"Condition":{"Value":"New"},"LowestPrice":{"Amount":11.29,"Currency":"EUR","DisplayAmount":"11,29 €"}}]}},{"ASIN":"B07T67JNX9","DetailPageURL":"https://www.amazon.es/dp/B07T67JNX9?tag=topinalambricos-21&linkCode=osi&th=1&psc=1","Images":{"Primary":{"Small":{"Height":75,"URL":"https://m.media-amazon.com/images/I/41sKaM3kTZL._SL75_.jpg","Width":75}}},"ItemInfo":{"ByLineInfo":{"Brand":{"DisplayValue":"Everbellus","Label":"Brand","Locale":"es_ES"}},"Title":{"DisplayValue":"Everbellus Shorts Mujer Cintura Alta Cuero Pantalones Cortos con Cremallera Lateral Negro Medio","Label":"Title","Locale":"es_ES"}},"Offers":{"Summaries":[{"Condition":{"Value":"New"},"LowestPrice":{"Amount":27.99,"Currency":"EUR","DisplayAmount":"27,99 €"}}]}},{"ASIN":"B09QXCXRKS","DetailPageURL":"https://www.amazon.es/dp/B09QXCXRKS?tag=topinalambricos-21&linkCode=osi&th=1&psc=1","Images":{"Primary":{"Small":{"Height":75,"URL":"https://m.media-amazon.com/images/I/31HhqmbcoSL._SL75_.jpg","Width":54}}},"ItemInfo":{"ByLineInfo":{"Brand":{"DisplayValue":"TZLDN","Label":"Brand","Locale":"es_ES"},"Manufacturer":{"DisplayValue":"TZLDN","Label":"Manufacturer","Locale":"es_ES"}},"Title":{"DisplayValue":"TZLDN Pantalones Cortos de Piel para Mujer, Aspect Brillante, Cintura Alta, Estrechos, imitación de Piel, PU,Leggings #2negro-Shorts,L","Label":"Title","Locale":"es_ES"}},"Offers":{"Summaries":[{"Condition":{"Value":"New"},"LowestPrice":{"Amount":16.19,"Currency":"EUR","DisplayAmount":"16,19 €"}}]}},{"ASIN":"B0B1N3GTVR","DetailPageURL":"https://www.amazon.es/dp/B0B1N3GTVR?tag=topinalambricos-21&linkCode=osi&th=1&psc=1","Images":{"Primary":{"Small":{"Height":75,"URL":"https://m.media-amazon.com/images/I/41aSd9P5ItL._SL75_.jpg","Width":75}}},"ItemInfo":{"ByLineInfo":{"Brand":{"DisplayValue":"Zilosconcy","Label":"Brand","Locale":"es_ES"}},"Title":{"DisplayValue":"Zilosconcy Pantalones Cortos de Verano para Mujer Cintura Alta Elásticos Bermudas Talla Grande Short Jogging Cargo Adolescente Workout Color en Contraste Casual Trabajo Deportivos Playa","Label":"Title","Locale":"es_ES"}},"Offers":{"Summaries":[{"Condition":{"Value":"New"},"LowestPrice":{"Amount":6.89,"Currency":"EUR","DisplayAmount":"6,89 €"}}]}},{"ASIN":"B09ZKFWQGV","DetailPageURL":"https://www.amazon.es/dp/B09ZKFWQGV?tag=topinalambricos-21&linkCode=osi&th=1&psc=1","Images":{"Primary":{"Small":{"Height":75,"URL":"https://m.media-amazon.com/images/I/31czJEIRQxL._SL75_.jpg","Width":51}}},"ItemInfo":{"ByLineInfo":{"Brand":{"DisplayValue":"STARBILD","Label":"Brand","Locale":"es_ES"},"Manufacturer":{"DisplayValue":"starbild","Label":"Manufacturer","Locale":"es_ES"}},"Title":{"DisplayValue":"STARBILD Pantalones Cortos PU para Mujer, Leggings Shorts Cuero Sexy Elásticos, S57120-Shorts-Negro S","Label":"Title","Locale":"es_ES"}},"Offers":{"Summaries":[{"Condition":{"Value":"New"},"LowestPrice":{"Amount":22.99,"Currency":"EUR","DisplayAmount":"22,99 €"}}]}}],"SearchURL":"https://www.amazon.es/s?k=short+cuero&rh=n%3A3074062031%2Cp_n_availability%3A-1&tag=topinalambricos-21&linkCode=osi","TotalResultCount":1000}},"60":{"SearchResult":{"Items":[{"ASIN":"B09FK11JF7","DetailPageURL":"https://www.amazon.es/dp/B09FK11JF7?tag=topinalambricos-21&linkCode=osi&th=1&psc=1","Images":{"Primary":{"Small":{"Height":75,"URL":"https://m.media-amazon.com/images/I/416aLUcycvL._SL75_.jpg","Width":75}}},"ItemInfo":{"ByLineInfo":{"Brand":{"DisplayValue":"NUSGEAR","Label":"Brand","Locale":"es_ES"}},"Title":{"DisplayValue":"2021 Pantalones para Hombre de cuero Casual Moda trabajo pantalones Pants de moto Talla grande Pantalon Fitness Pantalones Chandal Hombre Largos Pantalones Ropa de hombre Pantalones de Trekking","Label":"Title","Locale":"es_ES"}},"Offers":{"Summaries":[{"Condition":{"Value":"New"},"LowestPrice":{"Amount":28.98,"Currency":"EUR","DisplayAmount":"28,98 €"}}]}},{"ASIN":"B0BCQGGSJZ","DetailPageURL":"https://www.amazon.es/dp/B0BCQGGSJZ?tag=topinalambricos-21&linkCode=osi&th=1&psc=1","Images":{"Primary":{"Small":{"Height":75,"URL":"https://m.media-amazon.com/images/I/31K7R7FzupL._SL75_.jpg","Width":75}}},"ItemInfo":{"ByLineInfo":{"Brand":{"DisplayValue":"NUSGEAR","Label":"Brand","Locale":"es_ES"}},"Title":{"DisplayValue":"NUSGEAR 2022 Pantalones de Cuero Hombre PU Pantalones Casual Moda Deportivos Running Pants Jogging Pantalon Fitness Gym Slim Fit Pantalones Largos Punk gotico Moto Ropa de Hombre Pantalones","Label":"Title","Locale":"es_ES"}},"Offers":{"Summaries":[{"Condition":{"Value":"New"},"LowestPrice":{"Amount":25.98,"Currency":"EUR","DisplayAmount":"25,98 €"}}]}},{"ASIN":"B081H1XCZ7","DetailPageURL":"https://www.amazon.es/dp/B081H1XCZ7?tag=topinalambricos-21&linkCode=osi&th=1&psc=1","Images":{"Primary":{"Small":{"Height":75,"URL":"https://m.media-amazon.com/images/I/41LCv7jx3mL._SL75_.jpg","Width":75}}},"ItemInfo":{"ByLineInfo":{"Brand":{"DisplayValue":"YiZYiF","Label":"Brand","Locale":"es_ES"}},"Title":{"DisplayValue":"YiZYiF Pantalones Largos Moto Hombres Leggins de Cuero PU Pantalones de Charol Skinny Elásticos Disfraz Punk Traje Pole Dance Nightwear Slim Fit Negro B XXL","Label":"Title","Locale":"es_ES"}},"Offers":{"Summaries":[{"Condition":{"Value":"New"},"LowestPrice":{"Amount":13.29,"Currency":"EUR","DisplayAmount":"13,29 €"}}]}},{"ASIN":"B09C8R8CZF","DetailPageURL":"https://www.amazon.es/dp/B09C8R8CZF?tag=topinalambricos-21&linkCode=osi&th=1&psc=1","Images":{"Primary":{"Small":{"Height":75,"URL":"https://m.media-amazon.com/images/I/41lJ9fG3EkL._SL75_.jpg","Width":75}}},"ItemInfo":{"ByLineInfo":{"Brand":{"DisplayValue":"NUSGEAR","Label":"Brand","Locale":"es_ES"}},"Title":{"DisplayValue":"NUSGEAR Pantalones Hombre Pantalones de Cuero Largo Fiesta Moda Club Nocturno Metálico Brillante Clubwear Disfraces Pants Disfraz Pantalon Slim Fit Pantalones Largos Ropa de Hombre Pantalones","Label":"Title","Locale":"es_ES"}},"Offers":{"Summaries":[{"Condition":{"Value":"New"},"LowestPrice":{"Amount":25.98,"Currency":"EUR","DisplayAmount":"25,98 €"}}]}},{"ASIN":"B09WRD7R5B","DetailPageURL":"https://www.amazon.es/dp/B09WRD7R5B?tag=topinalambricos-21&linkCode=osi&th=1&psc=1","Images":{"Primary":{"Small":{"Height":75,"URL":"https://m.media-amazon.com/images/I/31H7TgvAjpL._SL75_.jpg","Width":75}}},"ItemInfo":{"ByLineInfo":{"Brand":{"DisplayValue":"NUSGEAR","Label":"Brand","Locale":"es_ES"}},"Title":{"DisplayValue":"NUSGEAR 2022 Pantalones de Cuero Hombre Pantalones de Moto PU Casual Moda Deportivos Pants Jogging Retro gótico Punk Pantalon Fitness Gym Slim Fit Pantalones Largo Pantalones de Trekking Talla Grande","Label":"Title","Locale":"es_ES"}},"Offers":{"Summaries":[{"Condition":{"Value":"New"},"LowestPrice":{"Amount":29.98,"Currency":"EUR","DisplayAmount":"29,98 €"}}]}},{"ASIN":"B0B5L12G5R","DetailPageURL":"https://www.amazon.es/dp/B0B5L12G5R?tag=topinalambricos-21&linkCode=osi&th=1&psc=1","Images":{"Primary":{"Small":{"Height":75,"URL":"https://m.media-amazon.com/images/I/311kQJOdBIL._SL75_.jpg","Width":75}}},"ItemInfo":{"ByLineInfo":{"Brand":{"DisplayValue":"BaronHong","Label":"Brand","Locale":"es_ES"}},"Title":{"DisplayValue":"BaronHong Pantalones Ajustados de Cuero sintético para Hombre Pantalones Largos de Mallas metálicas para Club Nocturno para Hombre (Negro, L)","Label":"Title","Locale":"es_ES"}},"Offers":{"Summaries":[{"Condition":{"Value":"New"},"LowestPrice":{"Amount":19.99,"Currency":"EUR","DisplayAmount":"19,99 €"}}]}},{"ASIN":"B08FRM1BG5","DetailPageURL":"https://www.amazon.es/dp/B08FRM1BG5?tag=topinalambricos-21&linkCode=osi&th=1&psc=1","Images":{"Primary":{"Small":{"Height":75,"URL":"https://m.media-amazon.com/images/I/41hj8s6XuUL._SL75_.jpg","Width":60}}},"ItemInfo":{"ByLineInfo":{"Brand":{"DisplayValue":"Bockle","Label":"Brand","Locale":"es_ES"}},"Title":{"DisplayValue":"Bockle® Fitting You Tube Skinny Slim Fit Ajustados Pantalones de Cuero Hombre varon, Size: W32/L34","Label":"Title","Locale":"es_ES"}},"Offers":{"Summaries":[{"Condition":{"Value":"New"},"LowestPrice":{"Amount":184.6,"Currency":"EUR","DisplayAmount":"184,60 €"}}]}},{"ASIN":"B0BCKB8TSM","DetailPageURL":"https://www.amazon.es/dp/B0BCKB8TSM?tag=topinalambricos-21&linkCode=osi&th=1&psc=1","Images":{"Primary":{"Small":{"Height":75,"URL":"https://m.media-amazon.com/images/I/416aLUcycvL._SL75_.jpg","Width":75}}},"ItemInfo":{"ByLineInfo":{"Brand":{"DisplayValue":"NUSGEAR","Label":"Brand","Locale":"es_ES"}},"Title":{"DisplayValue":"2022 Pantalones de cuero Hombre PU Pantalones Casual Moda Deportivos Running Pants Jogging Pantalon Fitness Gym Slim Fit Pantalones Largos punk gotico moto Ropa de hombre Talla grande Pantalones","Label":"Title","Locale":"es_ES"}},"Offers":{"Summaries":[{"Condition":{"Value":"New"},"LowestPrice":{"Amount":35.98,"Currency":"EUR","DisplayAmount":"35,98 €"}}]}},{"ASIN":"3999865989","DetailPageURL":"https://www.amazon.es/dp/3999865989?tag=topinalambricos-21&linkCode=osi&th=1&psc=1","Images":{"Primary":{"Small":{"Height":75,"URL":"https://m.media-amazon.com/images/I/41t43gRWBpL._SL75_.jpg","Width":60}}},"ItemInfo":{"ByLineInfo":{"Brand":{"DisplayValue":"Bockle","Label":"Brand","Locale":"es_ES"}},"Title":{"DisplayValue":"Bockle Pantalones de Cuero Hombre varón Cuero de imitación Faux Leather Tube Skinny Slim Fit Ajustados, Size: 30W / 32L","Label":"Title","Locale":"es_ES"}},"Offers":{"Summaries":[{"Condition":{"Value":"New"},"LowestPrice":{"Amount":86.4,"Currency":"EUR","DisplayAmount":"86,40 €"}}]}},{"ASIN":"B09C1QRT6X","DetailPageURL":"https://www.amazon.es/dp/B09C1QRT6X?tag=topinalambricos-21&linkCode=osi&th=1&psc=1","Images":{"Primary":{"Small":{"Height":75,"URL":"https://m.media-amazon.com/images/I/317cpMAIoxL._SL75_.jpg","Width":58}}},"ItemInfo":{"ByLineInfo":{"Brand":{"DisplayValue":"Idopy","Label":"Brand","Locale":"es_ES"}},"Title":{"DisplayValue":"Idopy Men`s Summer Business Thin Slim Fit Vestido de PU Pantalones de Cuero sintético Jeans","Label":"Title","Locale":"es_ES"}},"Offers":{"Summaries":[{"Condition":{"Value":"New"},"LowestPrice":{"Amount":29.0,"Currency":"EUR","DisplayAmount":"29,00 €"}}]}}],"SearchURL":"https://www.amazon.es/s?k=cuero&rh=n%3A3074041031%2Cp_n_availability%3A-1&tag=topinalambricos-21&linkCode=osi","TotalResultCount":135}},"61":{"SearchResult":{"Items":[{"ASIN":"B0829YYT1J","DetailPageURL":"https://www.amazon.es/dp/B0829YYT1J?tag=topinalambricos-21&linkCode=osi&th=1&psc=1","Images":{"Primary":{"Small":{"Height":75,"URL":"https://m.media-amazon.com/images/I/41ky-HwNYiL._SL75_.jpg","Width":75}}},"ItemInfo":{"ByLineInfo":{"Brand":{"DisplayValue":"keepmore","Label":"Brand","Locale":"es_ES"}},"Title":{"DisplayValue":"keepmore Pantalones Cargo Cargo de Cuero para Hombres Pantalones de Negocios Pantalones de Cuero Biker","Label":"Title","Locale":"es_ES"}},"Offers":{"Summaries":[{"Condition":{"Value":"New"},"LowestPrice":{"Amount":33.75,"Currency":"EUR","DisplayAmount":"33,75 €"}}]}},{"ASIN":"B07JRBJ318","DetailPageURL":"https://www.amazon.es/dp/B07JRBJ318?tag=topinalambricos-21&linkCode=osi&th=1&psc=1","Images":{"Primary":{"Small":{"Height":75,"URL":"https://m.media-amazon.com/images/I/411yYSGBeqL._SL75_.jpg","Width":60}}},"ItemInfo":{"ByLineInfo":{"Brand":{"DisplayValue":"DianShaoA","Label":"Brand","Locale":"es_ES"}},"Title":{"DisplayValue":"Hombre Hip Hop Biker Moto Pantalones De Cuero Suave Pantalons Casuales Ajustados Pantalón De Motociclista Negro L","Label":"Title","Locale":"es_ES"}},"Offers":{"Summaries":[{"Condition":{"Value":"New"},"LowestPrice":{"Amount":15.66,"Currency":"EUR","DisplayAmount":"15,66 €"}}]}},{"ASIN":"B07JYC2HBP","DetailPageURL":"https://www.amazon.es/dp/B07JYC2HBP?tag=topinalambricos-21&linkCode=osi&th=1&psc=1","Images":{"Primary":{"Small":{"Height":75,"URL":"https://m.media-amazon.com/images/I/412BjNmaqlL._SL75_.jpg","Width":60}}},"ItemInfo":{"ByLineInfo":{"Brand":{"DisplayValue":"DianShaoA","Label":"Brand","Locale":"es_ES"}},"Title":{"DisplayValue":"Pantalons De PU Leather para Hombre Pantalones De Cuero Slim Fit Moto Steampunk Hip Hop Biker Pantalón Negro 2XL","Label":"Title","Locale":"es_ES"}},"Offers":{"Summaries":[{"Condition":{"Value":"New"},"LowestPrice":{"Amount":16.58,"Currency":"EUR","DisplayAmount":"16,58 €"}}]}},{"ASIN":"B09C1QRT6X","DetailPageURL":"https://www.amazon.es/dp/B09C1QRT6X?tag=topinalambricos-21&linkCode=osi&th=1&psc=1","Images":{"Primary":{"Small":{"Height":75,"URL":"https://m.media-amazon.com/images/I/317cpMAIoxL._SL75_.jpg","Width":58}}},"ItemInfo":{"ByLineInfo":{"Brand":{"DisplayValue":"Idopy","Label":"Brand","Locale":"es_ES"}},"Title":{"DisplayValue":"Idopy Men`s Summer Business Thin Slim Fit Vestido de PU Pantalones de Cuero sintético Jeans","Label":"Title","Locale":"es_ES"}},"Offers":{"Summaries":[{"Condition":{"Value":"New"},"LowestPrice":{"Amount":29.0,"Currency":"EUR","DisplayAmount":"29,00 €"}}]}},{"ASIN":"B085FWBM6K","DetailPageURL":"https://www.amazon.es/dp/B085FWBM6K?tag=topinalambricos-21&linkCode=osi&th=1&psc=1","Images":{"Primary":{"Small":{"Height":75,"URL":"https://m.media-amazon.com/images/I/41kcQb7mBSL._SL75_.jpg","Width":57}}},"ItemInfo":{"ByLineInfo":{"Brand":{"DisplayValue":"Idopy","Label":"Brand","Locale":"es_ES"}},"Title":{"DisplayValue":"Idopy Traje de Fiesta para Hombres Pantalones de Cuero sintético Pantalones de Motociclista","Label":"Title","Locale":"es_ES"}},"Offers":{"Summaries":[{"Condition":{"Value":"New"},"LowestPrice":{"Amount":32.77,"Currency":"EUR","DisplayAmount":"32,77 €"}}]}},{"ASIN":"B06XGSZBWZ","DetailPageURL":"https://www.amazon.es/dp/B06XGSZBWZ?tag=topinalambricos-21&linkCode=osi&th=1&psc=1","Images":{"Primary":{"Small":{"Height":75,"URL":"https://m.media-amazon.com/images/I/418z5eHV93L._SL75_.jpg","Width":57}}},"ItemInfo":{"ByLineInfo":{"Brand":{"DisplayValue":"Idopy","Label":"Brand","Locale":"es_ES"}},"Title":{"DisplayValue":"Idopy Hombres `s Negro Slim Fit Soft PU Faux Leather Biker Pants (W34(Cintura 84cm), Negro 1)","Label":"Title","Locale":"es_ES"}},"Offers":{"Summaries":[{"Condition":{"Value":"New"},"LowestPrice":{"Amount":40.99,"Currency":"EUR","DisplayAmount":"40,99 €"}}]}},{"ASIN":"B0C5HC2R6W","DetailPageURL":"https://www.amazon.es/dp/B0C5HC2R6W?tag=topinalambricos-21&linkCode=osi&th=1&psc=1","Images":{"Primary":{"Small":{"Height":75,"URL":"https://m.media-amazon.com/images/I/31M-zkmi3ML._SL75_.jpg","Width":37}}},"ItemInfo":{"ByLineInfo":{"Brand":{"DisplayValue":"LULIGH","Label":"Brand","Locale":"es_ES"},"Manufacturer":{"DisplayValue":"LULIGH","Label":"Manufacturer","Locale":"es_ES"}},"Title":{"DisplayValue":"LULIGH Pantalones Cuero Ajustados Para Hombre Pantalones Mode Base Elásticos Pu Pantalones Pierna Recta Con Apariencia Mojada Para Motocycle Biker Cosplay Cintura Media Verano Primavera (Color : Negr","Label":"Title","Locale":"es_ES"}},"Offers":{"Summaries":[{"Condition":{"Value":"New"},"LowestPrice":{"Amount":17.82,"Currency":"EUR","DisplayAmount":"17,82 €"}}]}},{"ASIN":"B0C7CDWQYB","DetailPageURL":"https://www.amazon.es/dp/B0C7CDWQYB?tag=topinalambricos-21&linkCode=osi&th=1&psc=1","Images":{"Primary":{"Small":{"Height":75,"URL":"https://m.media-amazon.com/images/I/41+gb04IvkL._SL75_.jpg","Width":75}}},"ItemInfo":{"ByLineInfo":{"Brand":{"DisplayValue":"KAQQ","Label":"Brand","Locale":"es_ES"}},"Title":{"DisplayValue":"Pantalones Cortos Escalada Mujer Bermuda Beige Mujer Short Biker Mujer Deportivo Short Deportivo De Dama Short Jeans Blanco Mujer Short para Mujer Deportivo Pantalones Cortos De Dama Short De Cuero","Label":"Title","Locale":"es_ES"}},"Offers":{"Summaries":[{"Condition":{"Value":"New"},"LowestPrice":{"Amount":5.8,"Currency":"EUR","DisplayAmount":"5,80 €"}}]}},{"ASIN":"B0C5QKCHD1","DetailPageURL":"https://www.amazon.es/dp/B0C5QKCHD1?tag=topinalambricos-21&linkCode=osi&th=1&psc=1","Images":{"Primary":{"Small":{"Height":75,"URL":"https://m.media-amazon.com/images/I/41BUhZlWPhL._SL75_.jpg","Width":75}}},"ItemInfo":{"ByLineInfo":{"Brand":{"DisplayValue":"DURVIZ","Label":"Brand","Locale":"es_ES"},"Manufacturer":{"DisplayValue":"DURVIZ","Label":"Manufacturer","Locale":"es_ES"}},"Title":{"DisplayValue":"Pantalones pitillo de cuero sintético for hombre Steampunk Slim Fit Biker Pantalones de cuero Pantalones góticos for hombres (Color : Black, Size : 36)","Label":"Title","Locale":"es_ES"}},"Offers":{"Summaries":[{"Condition":{"Value":"New"},"LowestPrice":{"Amount":76.39,"Currency":"EUR","DisplayAmount":"76,39 €"}}]}},{"ASIN":"B0C6J5DVKR","DetailPageURL":"https://www.amazon.es/dp/B0C6J5DVKR?tag=topinalambricos-21&linkCode=osi&th=1&psc=1","Images":{"Primary":{"Small":{"Height":75,"URL":"https://m.media-amazon.com/images/I/41W3yikkQhL._SL75_.jpg","Width":75}}},"ItemInfo":{"ByLineInfo":{"Brand":{"DisplayValue":"TOSHIKII","Label":"Brand","Locale":"es_ES"}},"Title":{"DisplayValue":"TOSHIKII Pantalones de Cuero de Moto para Hombre Pantalones de Cuero de Motorista Negros para Hombre, Pantalones de Cuero de PU Ajustados para Hombre","Label":"Title","Locale":"es_ES"}},"Offers":{"Summaries":[{"Condition":{"Value":"New"},"LowestPrice":{"Amount":42.11,"Currency":"EUR","DisplayAmount":"42,11 €"}}]}}],"SearchURL":"https://www.amazon.es/s?k=cuero+biker&rh=n%3A3074041031%2Cp_n_availability%3A-1&tag=topinalambricos-21&linkCode=osi","TotalResultCount":25}},"62":{"SearchResult":{"Items":[{"ASIN":"B08PVNKVQV","DetailPageURL":"https://www.amazon.es/dp/B08PVNKVQV?tag=topinalambricos-21&linkCode=osi&th=1&psc=1","Images":{"Primary":{"Small":{"Height":75,"URL":"https://m.media-amazon.com/images/I/31I-WstMQfL._SL75_.jpg","Width":57}}},"ItemInfo":{"ByLineInfo":{"Brand":{"DisplayValue":"CRZ YOGA","Label":"Brand","Locale":"es_ES"}},"Title":{"DisplayValue":"CRZ YOGA Mujer Cuero Sintética Leggings Deportivos Pantalón Elásticos Cintura Alta -71cm Cocodrilo Negro 38","Label":"Title","Locale":"es_ES"}},"Offers":{"Summaries":[{"Condition":{"Value":"New"},"LowestPrice":{"Amount":29.0,"Currency":"EUR","DisplayAmount":"29,00 €"}}]}},{"ASIN":"B07DJQZFMC","DetailPageURL":"https://www.amazon.es/dp/B07DJQZFMC?tag=topinalambricos-21&linkCode=osi&th=1&psc=1","Images":{"Primary":{"Small":{"Height":75,"URL":"https://m.media-amazon.com/images/I/31pbYITuQrL._SL75_.jpg","Width":51}}},"ItemInfo":{"ByLineInfo":{"Brand":{"DisplayValue":"FITTOO","Label":"Brand","Locale":"es_ES"}},"Title":{"DisplayValue":"FITTOO PU Leggings Cuero Imitación Pantalón Elásticos Cintura Alta Push Up para Mujer #1 Bolsillo Falso Poca Terciopelo Negro L","Label":"Title","Locale":"es_ES"}},"Offers":{"Summaries":[{"Condition":{"Value":"New"},"LowestPrice":{"Amount":27.99,"Currency":"EUR","DisplayAmount":"27,99 €"}}]}},{"ASIN":"B085WHF152","DetailPageURL":"https://www.amazon.es/dp/B085WHF152?tag=topinalambricos-21&linkCode=osi&th=1&psc=1","Images":{"Primary":{"Small":{"Height":75,"URL":"https://m.media-amazon.com/images/I/31JXvlWly8L._SL75_.jpg","Width":57}}},"ItemInfo":{"ByLineInfo":{"Brand":{"DisplayValue":"Urban Classics","Label":"Brand","Locale":"es_ES"},"Manufacturer":{"DisplayValue":"Urban Classics","Label":"Manufacturer","Locale":"es_ES"}},"Title":{"DisplayValue":"URBAN CLASSICS Leggings para Mujer, Pantalones de Piel Sintética, Elástico y Cómodo - Pantalones Casual, Tela Resistente, Tallas XS- 5XL","Label":"Title","Locale":"es_ES"}},"Offers":{"Summaries":[{"Condition":{"Value":"Used"},"LowestPrice":{"Amount":11.63,"Currency":"EUR","DisplayAmount":"11,63 €"}},{"Condition":{"Value":"New"},"LowestPrice":{"Amount":11.99,"Currency":"EUR","DisplayAmount":"11,99 €"}}]}},{"ASIN":"B09NDNK3MX","DetailPageURL":"https://www.amazon.es/dp/B09NDNK3MX?tag=topinalambricos-21&linkCode=osi&th=1&psc=1","Images":{"Primary":{"Small":{"Height":75,"URL":"https://m.media-amazon.com/images/I/31NaEFZjM9L._SL75_.jpg","Width":75}}},"ItemInfo":{"ByLineInfo":{"Brand":{"DisplayValue":"ORANDESIGNE","Label":"Brand","Locale":"es_ES"}},"Title":{"DisplayValue":"ORANDESIGNE Pantalones de Cuero Sintético para Mujer de Cintura Alta Sexy Pantalones de Cuero Imitación Góticos Punk Y2K Streetwear Pantalones Recto de Ajuste Delgado Ropa de Club B Negro L","Label":"Title","Locale":"es_ES"}},"Offers":{"Summaries":[{"Condition":{"Value":"New"},"LowestPrice":{"Amount":19.53,"Currency":"EUR","DisplayAmount":"19,53 €"}}]}},{"ASIN":"B09N3PB763","DetailPageURL":"https://www.amazon.es/dp/B09N3PB763?tag=topinalambricos-21&linkCode=osi&th=1&psc=1","Images":{"Primary":{"Small":{"Height":75,"URL":"https://m.media-amazon.com/images/I/31mhoES1K1L._SL75_.jpg","Width":75}}},"ItemInfo":{"ByLineInfo":{"Brand":{"DisplayValue":"Ghemdilmn","Label":"Brand","Locale":"es_ES"}},"Title":{"DisplayValue":"Ghemdilmn Leggings de piel para mujer, para gimnasio, deportes, elásticos, aspecto de piel, monocolor, cintura alta, para mujer, efecto cuero, ajustados, pantalones, Negro , S","Label":"Title","Locale":"es_ES"}},"Offers":{"Summaries":[{"Condition":{"Value":"New"},"LowestPrice":{"Amount":16.93,"Currency":"EUR","DisplayAmount":"16,93 €"}}]}},{"ASIN":"B07X1YT8GK","DetailPageURL":"https://www.amazon.es/dp/B07X1YT8GK?tag=topinalambricos-21&linkCode=osi&th=1&psc=1","Images":{"Primary":{"Small":{"Height":75,"URL":"https://m.media-amazon.com/images/I/31ijiCWQ6xL._SL75_.jpg","Width":58}}},"ItemInfo":{"ByLineInfo":{"Brand":{"DisplayValue":"CALZITALY","Label":"Brand","Locale":"es_ES"}},"Title":{"DisplayValue":"CALZITALY Leggings Térmicos Efecto Piel, Mallas de Cuero Invernales| Negro | XS, S, M, L, XL | Made in Italy (M, Negro)","Label":"Title","Locale":"es_ES"}},"Offers":{"Summaries":[{"Condition":{"Value":"New"},"LowestPrice":{"Amount":25.95,"Currency":"EUR","DisplayAmount":"25,95 €"}}]}},{"ASIN":"B0BNQCKZTN","DetailPageURL":"https://www.amazon.es/dp/B0BNQCKZTN?tag=topinalambricos-21&linkCode=osi&th=1&psc=1","Images":{"Primary":{"Small":{"Height":75,"URL":"https://m.media-amazon.com/images/I/31IcCgiUSfL._SL75_.jpg","Width":75}}},"ItemInfo":{"ByLineInfo":{"Brand":{"DisplayValue":"Sunnyuk","Label":"Brand","Locale":"es_ES"},"Manufacturer":{"DisplayValue":"Leggins Deportivos Mujer Push Up Cintura Alta Elásticos Pantalones","Label":"Manufacturer","Locale":"es_ES"}},"Title":{"DisplayValue":"Leggins Invierno Mujer Push Up Largos Elásticos Pantalon Deporte Yoga Mallas De Deporte Slim Anticeluliticos Mallas Fitness Leggins Anticeluliticos Cintura Alta Para Yoga Y Estiramiento Y Pilates","Label":"Title","Locale":"es_ES"}},"Offers":{"Summaries":[{"Condition":{"Value":"New"},"LowestPrice":{"Amount":15.95,"Currency":"EUR","DisplayAmount":"15,95 €"}}]}},{"ASIN":"B08QXB33NZ","DetailPageURL":"https://www.amazon.es/dp/B08QXB33NZ?tag=topinalambricos-21&linkCode=osi&th=1&psc=1","Images":{"Primary":{"Small":{"Height":75,"URL":"https://m.media-amazon.com/images/I/31VLxDOFdSL._SL75_.jpg","Width":44}}},"ItemInfo":{"ByLineInfo":{"Brand":{"DisplayValue":"Fashion Design","Label":"Brand","Locale":"es_ES"}},"Title":{"DisplayValue":"Fashion Design Leggings térmicos para mujer con aspecto de piel, burdeos, S-M","Label":"Title","Locale":"es_ES"}},"Offers":{"Summaries":[{"Condition":{"Value":"New"},"LowestPrice":{"Amount":17.95,"Currency":"EUR","DisplayAmount":"17,95 €"}}]}},{"ASIN":"B01N2Z7DYZ","DetailPageURL":"https://www.amazon.es/dp/B01N2Z7DYZ?tag=topinalambricos-21&linkCode=osi&th=1&psc=1","Images":{"Primary":{"Small":{"Height":75,"URL":"https://m.media-amazon.com/images/I/318MeK5IwYL._SL75_.jpg","Width":27}}},"ItemInfo":{"ByLineInfo":{"Brand":{"DisplayValue":"Crazy Lover","Label":"Brand","Locale":"es_ES"},"Manufacturer":{"DisplayValue":"Crazy Lover","Label":"Manufacturer","Locale":"es_ES"}},"Title":{"DisplayValue":"Crazy Lover Mujer Sexy Leggins Cuero con Bolsillo Skinny Elástico Pantalón (38, Negro)","Label":"Title","Locale":"es_ES"}},"Offers":{"Summaries":[{"Condition":{"Value":"New"},"LowestPrice":{"Amount":35.9,"Currency":"EUR","DisplayAmount":"35,90 €"}}]}},{"ASIN":"B01J3WL83S","DetailPageURL":"https://www.amazon.es/dp/B01J3WL83S?tag=topinalambricos-21&linkCode=osi&th=1&psc=1","Images":{"Primary":{"Small":{"Height":75,"URL":"https://m.media-amazon.com/images/I/31V-FB5AulL._SL75_.jpg","Width":75}}},"ItemInfo":{"ByLineInfo":{"Brand":{"DisplayValue":"Only","Label":"Brand","Locale":"es_ES"},"Manufacturer":{"DisplayValue":"Only","Label":"Manufacturer","Locale":"es_ES"}},"Title":{"DisplayValue":"ONLY Onlnew Royal Coated Biker Skinny Fit Pantalones, Black, S / 32 para Mujer","Label":"Title","Locale":"es_ES"}},"Offers":{"Summaries":[{"Condition":{"Value":"New"},"LowestPrice":{"Amount":37.57,"Currency":"EUR","DisplayAmount":"37,57 €"}}]}}],"SearchURL":"https://www.amazon.es/s?k=pantalones+efecto+cuero&rh=p_n_availability%3A-1&tag=topinalambricos-21&linkCode=osi","TotalResultCount":306}},"63":{"SearchResult":{"Items":[{"ASIN":"B0B756XB65","DetailPageURL":"https://www.amazon.es/dp/B0B756XB65?tag=topinalambricos-21&linkCode=osi&th=1&psc=1","Images":{"Primary":{"Small":{"Height":75,"URL":"https://m.media-amazon.com/images/I/41Xl4qi7tiL._SL75_.jpg","Width":59}}},"ItemInfo":{"ByLineInfo":{"Brand":{"DisplayValue":"LianMz","Label":"Brand","Locale":"es_ES"}},"Title":{"DisplayValue":"LianMz Pantalones De Cuero De PU para Mujer Street Hipster Cremallera Frontal Brillante Flaco Sexy Pantalones De Cuero Rojo 3XL","Label":"Title","Locale":"es_ES"}},"Offers":{"Summaries":[{"Condition":{"Value":"New"},"LowestPrice":{"Amount":18.86,"Currency":"EUR","DisplayAmount":"18,86 €"}}]}},{"ASIN":"B07NJB7RG6","DetailPageURL":"https://www.amazon.es/dp/B07NJB7RG6?tag=topinalambricos-21&linkCode=osi&th=1&psc=1","Images":{"Primary":{"Small":{"Height":75,"URL":"https://m.media-amazon.com/images/I/313i8TQTcyL._SL75_.jpg","Width":49}}},"ItemInfo":{"ByLineInfo":{"Brand":{"DisplayValue":"Glook","Label":"Brand","Locale":"es_ES"},"Manufacturer":{"DisplayValue":"Glook","Label":"Manufacturer","Locale":"es_ES"}},"Title":{"DisplayValue":"Glook Las Mujeres de Cuero PU Leg Leggings Treggins de Cintura Alta Flaco elástico lápiz Jeggings Leggings Pantalones (36, Roja)","Label":"Title","Locale":"es_ES"}},"Offers":{"Summaries":[{"Condition":{"Value":"New"},"LowestPrice":{"Amount":35.9,"Currency":"EUR","DisplayAmount":"35,90 €"}}]}},{"ASIN":"B074KJDDB3","DetailPageURL":"https://www.amazon.es/dp/B074KJDDB3?tag=topinalambricos-21&linkCode=osi&th=1&psc=1","Images":{"Primary":{"Small":{"Height":75,"URL":"https://m.media-amazon.com/images/I/41J0OchzrML._SL75_.jpg","Width":55}}},"ItemInfo":{"ByLineInfo":{"Brand":{"DisplayValue":"Schöneberger Trachten Couture","Label":"Brand","Locale":"es_ES"}},"Title":{"DisplayValue":"Pantalones de Cuero para Damas Hannah Corto con cinturón Tradicional - Hotpants Pantalones de Cuero Tradicional cinturón Rojo Oscuro (30, Rojo)","Label":"Title","Locale":"es_ES"}},"Offers":{"Summaries":[{"Condition":{"Value":"New"},"LowestPrice":{"Amount":599.0,"Currency":"EUR","DisplayAmount":"599,00 €"}}]}},{"ASIN":"B07P8L9TZ2","DetailPageURL":"https://www.amazon.es/dp/B07P8L9TZ2?tag=topinalambricos-21&linkCode=osi&th=1&psc=1","Images":{"Primary":{"Small":{"Height":75,"URL":"https://m.media-amazon.com/images/I/31f7np0jSrL._SL75_.jpg","Width":33}}},"ItemInfo":{"ByLineInfo":{"Brand":{"DisplayValue":"malito more than fashion","Label":"Brand","Locale":"es_ES"}},"Title":{"DisplayValue":"Malito Chino-Pantalones con Cinturón por imitación de Cuero Bombacho Pitillo Lady-Fit 5396 Mujer (S, Rojo)","Label":"Title","Locale":"es_ES"}},"Offers":{"Summaries":[{"Condition":{"Value":"New"},"LowestPrice":{"Amount":24.95,"Currency":"EUR","DisplayAmount":"24,95 €"}}]}},{"ASIN":"B0BRJ9YCRP","DetailPageURL":"https://www.amazon.es/dp/B0BRJ9YCRP?tag=topinalambricos-21&linkCode=osi&th=1&psc=1","Images":{"Primary":{"Small":{"Height":74,"URL":"https://m.media-amazon.com/images/I/31KcJnfDdgL._SL75_.jpg","Width":75}}},"ItemInfo":{"ByLineInfo":{"Brand":{"DisplayValue":"riou","Label":"Brand","Locale":"es_ES"},"Manufacturer":{"DisplayValue":"riou","Label":"Manufacturer","Locale":"es_ES"}},"Title":{"DisplayValue":"riou Pantalones de Yoga Sueltos Mujer algodón Suave y elástico Pantalones Deportivos de Danza Color sólido Harem Boho Hippy Pantalon Chic","Label":"Title","Locale":"es_ES"}},"Offers":{"Summaries":[{"Condition":{"Value":"New"},"LowestPrice":{"Amount":4.65,"Currency":"EUR","DisplayAmount":"4,65 €"}}]}},{"ASIN":"B0C3R5NZ6D","DetailPageURL":"https://www.amazon.es/dp/B0C3R5NZ6D?tag=topinalambricos-21&linkCode=osi&th=1&psc=1","Images":{"Primary":{"Small":{"Height":75,"URL":"https://m.media-amazon.com/images/I/318l4j+TRDS._SL75_.jpg","Width":75}}},"ItemInfo":{"ByLineInfo":{"Brand":{"DisplayValue":"Generic","Label":"Brand","Locale":"es_ES"},"Manufacturer":{"DisplayValue":"Vianan","Label":"Manufacturer","Locale":"es_ES"}},"Title":{"DisplayValue":"Pantalones para mujer Pantalones de alta elasticidad para mujer Pantalones delgados para mujer Pantalones de imitación de cuero para mujer Azul, rojo, XXL","Label":"Title","Locale":"es_ES"}},"Offers":{"Summaries":[{"Condition":{"Value":"New"},"LowestPrice":{"Amount":25.05,"Currency":"EUR","DisplayAmount":"25,05 €"}}]}},{"ASIN":"B0BFJLXTVP","DetailPageURL":"https://www.amazon.es/dp/B0BFJLXTVP?tag=topinalambricos-21&linkCode=osi&th=1&psc=1","Images":{"Primary":{"Small":{"Height":75,"URL":"https://m.media-amazon.com/images/I/41W--jiVriL._SL75_.jpg","Width":49}}},"ItemInfo":{"ByLineInfo":{"Brand":{"DisplayValue":"Ro Rox","Label":"Brand","Locale":"es_ES"},"Manufacturer":{"DisplayValue":"Ro Rox","Label":"Manufacturer","Locale":"es_ES"}},"Title":{"DisplayValue":"Ro Rox Pantalones De Tartán Pantalones Unisex De Cuadros EMO Punk Gótico Cónico, Rojo, 32w","Label":"Title","Locale":"es_ES"}},"Offers":{"Summaries":[{"Condition":{"Value":"New"},"LowestPrice":{"Amount":30.0,"Currency":"EUR","DisplayAmount":"30,00 €"}}]}},{"ASIN":"B0BCY6CHBD","DetailPageURL":"https://www.amazon.es/dp/B0BCY6CHBD?tag=topinalambricos-21&linkCode=osi&th=1&psc=1","Images":{"Primary":{"Small":{"Height":75,"URL":"https://m.media-amazon.com/images/I/31nq0UpruUL._SL75_.jpg","Width":75}}},"ItemInfo":{"ByLineInfo":{"Brand":{"DisplayValue":"Ghemdilmn","Label":"Brand","Locale":"es_ES"},"Manufacturer":{"DisplayValue":"Ghemdilmn","Label":"Manufacturer","Locale":"es_ES"}},"Title":{"DisplayValue":"Ghemdilmn Pantalón con ranura para mujer, de cuero, plexiglás, elásticos, para mujer, con cintura, para mujer, color negro, rojo, XXL","Label":"Title","Locale":"es_ES"}},"Offers":{"Summaries":[{"Condition":{"Value":"New"},"LowestPrice":{"Amount":7.01,"Currency":"EUR","DisplayAmount":"7,01 €"}}]}},{"ASIN":"B08M3M2SZQ","DetailPageURL":"https://www.amazon.es/dp/B08M3M2SZQ?tag=topinalambricos-21&linkCode=osi&th=1&psc=1","Images":{"Primary":{"Small":{"Height":75,"URL":"https://m.media-amazon.com/images/I/31QTnk7LwbL._SL75_.jpg","Width":75}}},"ItemInfo":{"ByLineInfo":{"Brand":{"DisplayValue":"Geagodelia","Label":"Brand","Locale":"es_ES"},"Manufacturer":{"DisplayValue":"Geagodelia","Label":"Manufacturer","Locale":"es_ES"}},"Title":{"DisplayValue":"Geagodelia Pantalones de vinilo para mujer de piel sintética de PU Casual Sexy de Talle Alta Elegante Cálido Otoño Invierno Polainas Cuero Fitness S-XL Rojo, Negro , M","Label":"Title","Locale":"es_ES"}},"Offers":{"Summaries":[{"Condition":{"Value":"New"},"LowestPrice":{"Amount":9.99,"Currency":"EUR","DisplayAmount":"9,99 €"}}]}},{"ASIN":"B0BNNSXH91","DetailPageURL":"https://www.amazon.es/dp/B0BNNSXH91?tag=topinalambricos-21&linkCode=osi&th=1&psc=1","Images":{"Primary":{"Small":{"Height":75,"URL":"https://m.media-amazon.com/images/I/31y66QI+EnL._SL75_.jpg","Width":75}}},"ItemInfo":{"ByLineInfo":{"Brand":{"DisplayValue":"DCIUSTFHE","Label":"Brand","Locale":"es_ES"},"Manufacturer":{"DisplayValue":"DCIUSTFHE","Label":"Manufacturer","Locale":"es_ES"}},"Title":{"DisplayValue":"DCIUSTFHE Mujeres Sexy Piel De PU Cintura Alta Estirar Pantalones De Cuero Ascensor Cadera Pierna Pequeña Pantalones Club Nocturno Bar DS Escenario Ropa,Rojo,5XL","Label":"Title","Locale":"es_ES"}},"Offers":{"Summaries":[{"Condition":{"Value":"New"},"LowestPrice":{"Amount":37.15,"Currency":"EUR","DisplayAmount":"37,15 €"}}]}}],"SearchURL":"https://www.amazon.es/s?k=cuero+rojo&rh=n%3A3074063031%2Cp_n_availability%3A-1&tag=topinalambricos-21&linkCode=osi","TotalResultCount":15}},"64":{"SearchResult":{"Items":[{"ASIN":"B089WH41DQ","DetailPageURL":"https://www.amazon.es/dp/B089WH41DQ?tag=topinalambricos-21&linkCode=osi&th=1&psc=1","Images":{"Primary":{"Small":{"Height":75,"URL":"https://m.media-amazon.com/images/I/31rPyUWFCyL._SL75_.jpg","Width":57}}},"ItemInfo":{"ByLineInfo":{"Brand":{"DisplayValue":"Only","Label":"Brand","Locale":"es_ES"},"Manufacturer":{"DisplayValue":"Only","Label":"Manufacturer","Locale":"es_ES"}},"Title":{"DisplayValue":"Only ONLROYAL HW Coated Button Pant PNT RP Pantalón, Black, M/32 para Mujer","Label":"Title","Locale":"es_ES"}},"Offers":{"Summaries":[{"Condition":{"Value":"New"},"LowestPrice":{"Amount":29.99,"Currency":"EUR","DisplayAmount":"29,99 €"}}]}},{"ASIN":"B0B1DY48JS","DetailPageURL":"https://www.amazon.es/dp/B0B1DY48JS?tag=topinalambricos-21&linkCode=osi&th=1&psc=1","Images":{"Primary":{"Small":{"Height":75,"URL":"https://m.media-amazon.com/images/I/31k9tdDNY+L._SL75_.jpg","Width":57}}},"ItemInfo":{"ByLineInfo":{"Brand":{"DisplayValue":"The Drop","Label":"Brand","Locale":"es_ES"},"Manufacturer":{"DisplayValue":"The Drop","Label":"Manufacturer","Locale":"es_ES"}},"Title":{"DisplayValue":"The Drop Pantalón para Mujer, Jack de Cuero Vegano con Pierna Recta, Negro, 40","Label":"Title","Locale":"es_ES"}},"Offers":{"Summaries":[{"Condition":{"Value":"New"},"LowestPrice":{"Amount":31.31,"Currency":"EUR","DisplayAmount":"31,31 €"}}]}},{"ASIN":"B08B63LGRB","DetailPageURL":"https://www.amazon.es/dp/B08B63LGRB?tag=topinalambricos-21&linkCode=osi&th=1&psc=1","Images":{"Primary":{"Small":{"Height":75,"URL":"https://m.media-amazon.com/images/I/31YqV8IxLpL._SL75_.jpg","Width":75}}},"ItemInfo":{"ByLineInfo":{"Brand":{"DisplayValue":"Only","Label":"Brand","Locale":"es_ES"},"Manufacturer":{"DisplayValue":"Only","Label":"Manufacturer","Locale":"es_ES"}},"Title":{"DisplayValue":"ONLY ONLPOPTRASH EASY COATED PANT PNT NOOS, Pantalón Mujer, Negro (Black), XS/32","Label":"Title","Locale":"es_ES"}},"Offers":{"Summaries":[{"Condition":{"Value":"New"},"LowestPrice":{"Amount":28.57,"Currency":"EUR","DisplayAmount":"28,57 €"}}]}},{"ASIN":"B0B8N196P2","DetailPageURL":"https://www.amazon.es/dp/B0B8N196P2?tag=topinalambricos-21&linkCode=osi&th=1&psc=1","Images":{"Primary":{"Small":{"Height":75,"URL":"https://m.media-amazon.com/images/I/31g2w6KbgHL._SL75_.jpg","Width":58}}},"ItemInfo":{"ByLineInfo":{"Brand":{"DisplayValue":"GRACE KARIN","Label":"Brand","Locale":"es_ES"}},"Title":{"DisplayValue":"GRACE KARIN Pantalones de Cuero de lápiz de Cintura Alta para Mujer con Cintura elástica Bodycon Ligero Suave Negro M","Label":"Title","Locale":"es_ES"}},"Offers":{"Summaries":[{"Condition":{"Value":"New"},"LowestPrice":{"Amount":26.99,"Currency":"EUR","DisplayAmount":"26,99 €"}}]}},{"ASIN":"B0B1DYXKP8","DetailPageURL":"https://www.amazon.es/dp/B0B1DYXKP8?tag=topinalambricos-21&linkCode=osi&th=1&psc=1","Images":{"Primary":{"Small":{"Height":75,"URL":"https://m.media-amazon.com/images/I/31LNNRv1WFL._SL75_.jpg","Width":57}}},"ItemInfo":{"ByLineInfo":{"Brand":{"DisplayValue":"The Drop","Label":"Brand","Locale":"es_ES"},"Manufacturer":{"DisplayValue":"The Drop","Label":"Manufacturer","Locale":"es_ES"}},"Title":{"DisplayValue":"The Drop Pantalón para Mujer, Theor de Cuero Vegano, Negro, XXL","Label":"Title","Locale":"es_ES"}},"Offers":{"Summaries":[{"Condition":{"Value":"New"},"LowestPrice":{"Amount":52.9,"Currency":"EUR","DisplayAmount":"52,90 €"}}]}},{"ASIN":"B08G2NM4ZV","DetailPageURL":"https://www.amazon.es/dp/B08G2NM4ZV?tag=topinalambricos-21&linkCode=osi&th=1&psc=1","Images":{"Primary":{"Small":{"Height":75,"URL":"https://m.media-amazon.com/images/I/31h1rBIQz0L._SL75_.jpg","Width":57}}},"ItemInfo":{"ByLineInfo":{"Brand":{"DisplayValue":"The Drop","Label":"Brand","Locale":"es_ES"},"Manufacturer":{"DisplayValue":"The Drop","Label":"Manufacturer","Locale":"es_ES"}},"Title":{"DisplayValue":"The Drop Pantalón Jogger Sin Cierre de Cuero Sintético, por @lisadnyc para Mujer, Negro, S","Label":"Title","Locale":"es_ES"}},"Offers":{"Summaries":[{"Condition":{"Value":"New"},"LowestPrice":{"Amount":52.9,"Currency":"EUR","DisplayAmount":"52,90 €"}}]}},{"ASIN":"B0B7P8SMYY","DetailPageURL":"https://www.amazon.es/dp/B0B7P8SMYY?tag=topinalambricos-21&linkCode=osi&th=1&psc=1","Images":{"Primary":{"Small":{"Height":75,"URL":"https://m.media-amazon.com/images/I/31hbS9f4cNL._SL75_.jpg","Width":54}}},"ItemInfo":{"ByLineInfo":{"Brand":{"DisplayValue":"Navneet","Label":"Brand","Locale":"es_ES"},"Manufacturer":{"DisplayValue":"Navneet","Label":"Manufacturer","Locale":"es_ES"}},"Title":{"DisplayValue":"Navneet Pantalones para Mujer Pantalón Cuero de Pierna Ancha Cintura Alta con Bosillos Invierno, A1 Negro, L","Label":"Title","Locale":"es_ES"}},"Offers":{"Summaries":[{"Condition":{"Value":"New"},"LowestPrice":{"Amount":18.99,"Currency":"EUR","DisplayAmount":"18,99 €"}}]}},{"ASIN":"B0B1DTG13G","DetailPageURL":"https://www.amazon.es/dp/B0B1DTG13G?tag=topinalambricos-21&linkCode=osi&th=1&psc=1","Images":{"Primary":{"Small":{"Height":75,"URL":"https://m.media-amazon.com/images/I/31k9tdDNY+L._SL75_.jpg","Width":57}}},"ItemInfo":{"ByLineInfo":{"Brand":{"DisplayValue":"The Drop","Label":"Brand","Locale":"es_ES"},"Manufacturer":{"DisplayValue":"The Drop","Label":"Manufacturer","Locale":"es_ES"}},"Title":{"DisplayValue":"The Drop Pantalón para Mujer, Jack de Cuero Vegano con Pierna Recta, Negro, 54","Label":"Title","Locale":"es_ES"}},"Offers":{"Summaries":[{"Condition":{"Value":"New"},"LowestPrice":{"Amount":40.19,"Currency":"EUR","DisplayAmount":"40,19 €"}}]}},{"ASIN":"B07P8STLZK","DetailPageURL":"https://www.amazon.es/dp/B07P8STLZK?tag=topinalambricos-21&linkCode=osi&th=1&psc=1","Images":{"Primary":{"Small":{"Height":75,"URL":"https://m.media-amazon.com/images/I/31m-zmHex+L._SL75_.jpg","Width":49}}},"ItemInfo":{"ByLineInfo":{"Brand":{"DisplayValue":"Glook","Label":"Brand","Locale":"es_ES"},"Manufacturer":{"DisplayValue":"Glook","Label":"Manufacturer","Locale":"es_ES"}},"Title":{"DisplayValue":"Glook Las Mujeres de Cuero PU Leg Leggings Treggins de Cintura Alta Flaco elástico lápiz Jeggings Leggings Pantalones (36, Negro)","Label":"Title","Locale":"es_ES"}},"Offers":{"Summaries":[{"Condition":{"Value":"New"},"LowestPrice":{"Amount":35.9,"Currency":"EUR","DisplayAmount":"35,90 €"}}]}},{"ASIN":"B0B1DSFD9N","DetailPageURL":"https://www.amazon.es/dp/B0B1DSFD9N?tag=topinalambricos-21&linkCode=osi&th=1&psc=1","Images":{"Primary":{"Small":{"Height":75,"URL":"https://m.media-amazon.com/images/I/31k9tdDNY+L._SL75_.jpg","Width":57}}},"ItemInfo":{"ByLineInfo":{"Brand":{"DisplayValue":"The Drop","Label":"Brand","Locale":"es_ES"},"Manufacturer":{"DisplayValue":"The Drop","Label":"Manufacturer","Locale":"es_ES"}},"Title":{"DisplayValue":"The Drop Pantalón para Mujer, Jack de Cuero Vegano con Pierna Recta, Negro, 66","Label":"Title","Locale":"es_ES"}},"Offers":{"Summaries":[{"Condition":{"Value":"New"},"LowestPrice":{"Amount":15.7,"Currency":"EUR","DisplayAmount":"15,70 €"}}]}}],"SearchURL":"https://www.amazon.es/s?k=cuero+negro&rh=n%3A3074063031%2Cp_n_availability%3A-1&tag=topinalambricos-21&linkCode=osi","TotalResultCount":69}},"65":{"SearchResult":{"Items":[{"ASIN":"B0B7MPF5KY","DetailPageURL":"https://www.amazon.es/dp/B0B7MPF5KY?tag=topinalambricos-21&linkCode=osi&th=1&psc=1","Images":{"Primary":{"Small":{"Height":75,"URL":"https://m.media-amazon.com/images/I/31y2Sd6TnuL._SL75_.jpg","Width":54}}},"ItemInfo":{"ByLineInfo":{"Brand":{"DisplayValue":"Navneet","Label":"Brand","Locale":"es_ES"},"Manufacturer":{"DisplayValue":"Navneet","Label":"Manufacturer","Locale":"es_ES"}},"Title":{"DisplayValue":"Navneet Leggins Cuero Leggings Mujer Push Up Cintura Alta Pantalones Elasticos Leggins Termicos Invierno Disfraz Halloween, B1 Negro Mate, M","Label":"Title","Locale":"es_ES"}},"Offers":{"Summaries":[{"Condition":{"Value":"New"},"LowestPrice":{"Amount":19.99,"Currency":"EUR","DisplayAmount":"19,99 €"}}]}},{"ASIN":"B085WHF152","DetailPageURL":"https://www.amazon.es/dp/B085WHF152?tag=topinalambricos-21&linkCode=osi&th=1&psc=1","Images":{"Primary":{"Small":{"Height":75,"URL":"https://m.media-amazon.com/images/I/31JXvlWly8L._SL75_.jpg","Width":57}}},"ItemInfo":{"ByLineInfo":{"Brand":{"DisplayValue":"Urban Classics","Label":"Brand","Locale":"es_ES"},"Manufacturer":{"DisplayValue":"Urban Classics","Label":"Manufacturer","Locale":"es_ES"}},"Title":{"DisplayValue":"URBAN CLASSICS Leggings para Mujer, Pantalones de Piel Sintética, Elástico y Cómodo - Pantalones Casual, Tela Resistente, Tallas XS- 5XL","Label":"Title","Locale":"es_ES"}},"Offers":{"Summaries":[{"Condition":{"Value":"New"},"LowestPrice":{"Amount":11.99,"Currency":"EUR","DisplayAmount":"11,99 €"}},{"Condition":{"Value":"Used"},"LowestPrice":{"Amount":11.63,"Currency":"EUR","DisplayAmount":"11,63 €"}}]}},{"ASIN":"B015IO2VYK","DetailPageURL":"https://www.amazon.es/dp/B015IO2VYK?tag=topinalambricos-21&linkCode=osi&th=1&psc=1","Images":{"Primary":{"Small":{"Height":75,"URL":"https://m.media-amazon.com/images/I/31mMMQSWvnL._SL75_.jpg","Width":44}}},"ItemInfo":{"ByLineInfo":{"Brand":{"DisplayValue":"Everbellus","Label":"Brand","Locale":"es_ES"},"Manufacturer":{"DisplayValue":"Everbellus","Label":"Manufacturer","Locale":"es_ES"}},"Title":{"DisplayValue":"Everbellus Mujeres PU Leggins Cuero Skinny Elásticos Pantalones Negro M","Label":"Title","Locale":"es_ES"}},"Offers":{"Summaries":[{"Condition":{"Value":"New"},"LowestPrice":{"Amount":24.9,"Currency":"EUR","DisplayAmount":"24,90 €"}}]}},{"ASIN":"B00JBET0YS","DetailPageURL":"https://www.amazon.es/dp/B00JBET0YS?tag=topinalambricos-21&linkCode=osi&th=1&psc=1","Images":{"Primary":{"Small":{"Height":75,"URL":"https://m.media-amazon.com/images/I/31ZZ6R+-8NL._SL75_.jpg","Width":46}}},"ItemInfo":{"ByLineInfo":{"Brand":{"DisplayValue":"Ostenx","Label":"Brand","Locale":"es_ES"},"Manufacturer":{"DisplayValue":"SunJas Import und Export GmbH","Label":"Manufacturer","Locale":"es_ES"}},"Title":{"DisplayValue":"elástico de piel sintética PU Leggings Leggins de piel sintética PU-óptica, cadera de pantalones de piel sintética Treggins enjutos","Label":"Title","Locale":"es_ES"}},"Offers":{"Summaries":[{"Condition":{"Value":"New"},"LowestPrice":{"Amount":12.99,"Currency":"EUR","DisplayAmount":"12,99 €"}}]}},{"ASIN":"B0BRCPNZSK","DetailPageURL":"https://www.amazon.es/dp/B0BRCPNZSK?tag=topinalambricos-21&linkCode=osi&th=1&psc=1","Images":{"Primary":{"Small":{"Height":75,"URL":"https://m.media-amazon.com/images/I/314yvAxtjzS._SL75_.jpg","Width":75}}},"ItemInfo":{"ByLineInfo":{"Brand":{"DisplayValue":"Sunnyuk","Label":"Brand","Locale":"es_ES"},"Manufacturer":{"DisplayValue":"Leggins Deportivos Mujer Push Up Cintura Alta Elásticos Pantalones","Label":"Manufacturer","Locale":"es_ES"}},"Title":{"DisplayValue":"Leggins Mujer Push Up Cuero Cintura Alta Suaves Leggings De Gimnasio Pantalones De Yoga Sexy Anticeluliticos Mallas Fitness Leggins Anticeluliticos Cintura Alta Para Fitness Y Running Y Pilates","Label":"Title","Locale":"es_ES"}},"Offers":{"Summaries":[{"Condition":{"Value":"New"},"LowestPrice":{"Amount":7.64,"Currency":"EUR","DisplayAmount":"7,64 €"}}]}},{"ASIN":"B08PVNKVQV","DetailPageURL":"https://www.amazon.es/dp/B08PVNKVQV?tag=topinalambricos-21&linkCode=osi&th=1&psc=1","Images":{"Primary":{"Small":{"Height":75,"URL":"https://m.media-amazon.com/images/I/31I-WstMQfL._SL75_.jpg","Width":57}}},"ItemInfo":{"ByLineInfo":{"Brand":{"DisplayValue":"CRZ YOGA","Label":"Brand","Locale":"es_ES"}},"Title":{"DisplayValue":"CRZ YOGA Mujer Cuero Sintética Leggings Deportivos Pantalón Elásticos Cintura Alta -71cm Cocodrilo Negro 38","Label":"Title","Locale":"es_ES"}},"Offers":{"Summaries":[{"Condition":{"Value":"New"},"LowestPrice":{"Amount":29.0,"Currency":"EUR","DisplayAmount":"29,00 €"}}]}},{"ASIN":"B09GNLGLKH","DetailPageURL":"https://www.amazon.es/dp/B09GNLGLKH?tag=topinalambricos-21&linkCode=osi&th=1&psc=1","Images":{"Primary":{"Small":{"Height":75,"URL":"https://m.media-amazon.com/images/I/31u4MNGcdTL._SL75_.jpg","Width":75}}},"ItemInfo":{"ByLineInfo":{"Brand":{"DisplayValue":"Geagodelia","Label":"Brand","Locale":"es_ES"}},"Title":{"DisplayValue":"Geagodelia Leggings de Cuero PU Mujer Pantalones Elásticos con Bolsillo Cintura Alta Leggins Ajustados Sexy Skinny Pantalón Push Up Informal (Negro, 3XL)","Label":"Title","Locale":"es_ES"}},"Offers":{"Summaries":[{"Condition":{"Value":"New"},"LowestPrice":{"Amount":17.6,"Currency":"EUR","DisplayAmount":"17,60 €"}}]}},{"ASIN":"B0BNQ8GTJL","DetailPageURL":"https://www.amazon.es/dp/B0BNQ8GTJL?tag=topinalambricos-21&linkCode=osi&th=1&psc=1","Images":{"Primary":{"Small":{"Height":75,"URL":"https://m.media-amazon.com/images/I/31h4bb3sbcL._SL75_.jpg","Width":75}}},"ItemInfo":{"ByLineInfo":{"Brand":{"DisplayValue":"Sunnyuk","Label":"Brand","Locale":"es_ES"},"Manufacturer":{"DisplayValue":"Leggins Deportivos Mujer Push Up Cintura Alta Elásticos Pantalones","Label":"Manufacturer","Locale":"es_ES"}},"Title":{"DisplayValue":"Leggins Mujer Push Up Cuero Cintura Alta Largos Leggings De Gimnasio Pantalones De Yoga Con Bolsillos Y Estampado Leggins Reductores Adelgazantes Mallas Fitness Para Fitness Y Training Y Pilates","Label":"Title","Locale":"es_ES"}},"Offers":{"Summaries":[{"Condition":{"Value":"New"},"LowestPrice":{"Amount":8.9,"Currency":"EUR","DisplayAmount":"8,90 €"}}]}},{"ASIN":"B09BZFDDV8","DetailPageURL":"https://www.amazon.es/dp/B09BZFDDV8?tag=topinalambricos-21&linkCode=osi&th=1&psc=1","Images":{"Primary":{"Small":{"Height":75,"URL":"https://m.media-amazon.com/images/I/312aaSzpRSL._SL75_.jpg","Width":75}}},"ItemInfo":{"ByLineInfo":{"Brand":{"DisplayValue":"SOGNO D'ORO","Label":"Brand","Locale":"es_ES"}},"Title":{"DisplayValue":"SOGNO D'ORO Leggings Cuero para Mujer Pantalones Medias de Cuero de imitación Pantalones de Cuero Sexy Pantalones de PU elásticos de Cintura Alta Ajustados Sexy","Label":"Title","Locale":"es_ES"}},"Offers":{"Summaries":[{"Condition":{"Value":"New"},"LowestPrice":{"Amount":24.99,"Currency":"EUR","DisplayAmount":"24,99 €"}}]}},{"ASIN":"B00YPWGOMM","DetailPageURL":"https://www.amazon.es/dp/B00YPWGOMM?tag=topinalambricos-21&linkCode=osi&th=1&psc=1","Images":{"Primary":{"Small":{"Height":75,"URL":"https://m.media-amazon.com/images/I/31zTFl4H6pL._SL75_.jpg","Width":54}}},"ItemInfo":{"ByLineInfo":{"Brand":{"DisplayValue":"YSABEL MORA","Label":"Brand","Locale":"es_ES"},"Manufacturer":{"DisplayValue":"Ysabel Mora","Label":"Manufacturer","Locale":"es_ES"}},"Title":{"DisplayValue":"YSABEL MORA - Leggings Push-up","Label":"Title","Locale":"es_ES"}},"Offers":{"Summaries":[{"Condition":{"Value":"New"},"LowestPrice":{"Amount":15.65,"Currency":"EUR","DisplayAmount":"15,65 €"}}]}}],"SearchURL":"https://www.amazon.es/s?k=leggins+cuero&rh=n%3A3074057031%2Cp_n_availability%3A-1&tag=topinalambricos-21&linkCode=osi","TotalResultCount":1000}},"66":{"SearchResult":{"Items":[{"ASIN":"B07GKYGKGT","DetailPageURL":"https://www.amazon.es/dp/B07GKYGKGT?tag=topinalambricos-21&linkCode=osi&th=1&psc=1","Images":{"Primary":{"Small":{"Height":75,"URL":"https://m.media-amazon.com/images/I/31qdJHKwUDL._SL75_.jpg","Width":51}}},"ItemInfo":{"ByLineInfo":{"Brand":{"DisplayValue":"FITTOO","Label":"Brand","Locale":"es_ES"},"Manufacturer":{"DisplayValue":"FITTOO","Label":"Manufacturer","Locale":"es_ES"}},"Title":{"DisplayValue":"FITTOO PU Leggings Cuero Imitación Pantalón Elásticos Cintura Alta Push Up para Mujer #2 Clásico Negro Mate M","Label":"Title","Locale":"es_ES"}},"Offers":{"Summaries":[{"Condition":{"Value":"New"},"LowestPrice":{"Amount":21.99,"Currency":"EUR","DisplayAmount":"21,99 €"}}]}},{"ASIN":"B0BNQ8GTJL","DetailPageURL":"https://www.amazon.es/dp/B0BNQ8GTJL?tag=topinalambricos-21&linkCode=osi&th=1&psc=1","Images":{"Primary":{"Small":{"Height":75,"URL":"https://m.media-amazon.com/images/I/31h4bb3sbcL._SL75_.jpg","Width":75}}},"ItemInfo":{"ByLineInfo":{"Brand":{"DisplayValue":"Sunnyuk","Label":"Brand","Locale":"es_ES"},"Manufacturer":{"DisplayValue":"Leggins Deportivos Mujer Push Up Cintura Alta Elásticos Pantalones","Label":"Manufacturer","Locale":"es_ES"}},"Title":{"DisplayValue":"Leggins Mujer Push Up Cuero Cintura Alta Largos Leggings De Gimnasio Pantalones De Yoga Con Bolsillos Y Estampado Leggins Reductores Adelgazantes Mallas Fitness Para Fitness Y Training Y Pilates","Label":"Title","Locale":"es_ES"}},"Offers":{"Summaries":[{"Condition":{"Value":"New"},"LowestPrice":{"Amount":8.9,"Currency":"EUR","DisplayAmount":"8,90 €"}}]}},{"ASIN":"B0BX1Z68CV","DetailPageURL":"https://www.amazon.es/dp/B0BX1Z68CV?tag=topinalambricos-21&linkCode=osi&th=1&psc=1","Images":{"Primary":{"Small":{"Height":75,"URL":"https://m.media-amazon.com/images/I/311UM0f34kL._SL75_.jpg","Width":75}}},"ItemInfo":{"ByLineInfo":{"Brand":{"DisplayValue":"Sunnyuk","Label":"Brand","Locale":"es_ES"},"Manufacturer":{"DisplayValue":"Leggins Mujer Push Up Sexy Cintura Alta Suaves Pantalones","Label":"Manufacturer","Locale":"es_ES"}},"Title":{"DisplayValue":"Leggins Mujer Push Up Cuero Cintura Alta Largos Pantalones De Adelgazantes Mallas De Deporte Talla Extra Slim Mallas Fitness Leggins Anticeluliticos Cintura Alta Para Estiramiento Yoga Y Pilates","Label":"Title","Locale":"es_ES"}},"Offers":{"Summaries":[{"Condition":{"Value":"New"},"LowestPrice":{"Amount":8.64,"Currency":"EUR","DisplayAmount":"8,64 €"}}]}},{"ASIN":"B015IO2U4Q","DetailPageURL":"https://www.amazon.es/dp/B015IO2U4Q?tag=topinalambricos-21&linkCode=osi&th=1&psc=1","Images":{"Primary":{"Small":{"Height":75,"URL":"https://m.media-amazon.com/images/I/31mMMQSWvnL._SL75_.jpg","Width":44}}},"ItemInfo":{"ByLineInfo":{"Brand":{"DisplayValue":"Everbellus","Label":"Brand","Locale":"es_ES"},"Manufacturer":{"DisplayValue":"Everbellus","Label":"Manufacturer","Locale":"es_ES"}},"Title":{"DisplayValue":"Everbellus Mujeres PU Leggins Cuero Skinny Elásticos Pantalones Negro S","Label":"Title","Locale":"es_ES"}},"Offers":{"Summaries":[{"Condition":{"Value":"New"},"LowestPrice":{"Amount":24.9,"Currency":"EUR","DisplayAmount":"24,90 €"}}]}},{"ASIN":"B08PVQ42DD","DetailPageURL":"https://www.amazon.es/dp/B08PVQ42DD?tag=topinalambricos-21&linkCode=osi&th=1&psc=1","Images":{"Primary":{"Small":{"Height":75,"URL":"https://m.media-amazon.com/images/I/31hYWkdhFKL._SL75_.jpg","Width":57}}},"ItemInfo":{"ByLineInfo":{"Brand":{"DisplayValue":"CRZ YOGA","Label":"Brand","Locale":"es_ES"}},"Title":{"DisplayValue":"CRZ YOGA Mujer Cuero Sintética Leggings Deportivos Pantalón Elásticos Cintura Alta -71cm Serpiente Negra 38","Label":"Title","Locale":"es_ES"}},"Offers":{"Summaries":[{"Condition":{"Value":"New"},"LowestPrice":{"Amount":29.0,"Currency":"EUR","DisplayAmount":"29,00 €"}}]}},{"ASIN":"B08D3SCQVF","DetailPageURL":"https://www.amazon.es/dp/B08D3SCQVF?tag=topinalambricos-21&linkCode=osi&th=1&psc=1","Images":{"Primary":{"Small":{"Height":75,"URL":"https://m.media-amazon.com/images/I/31thb6qznlL._SL75_.jpg","Width":57}}},"ItemInfo":{"ByLineInfo":{"Brand":{"DisplayValue":"Urban Classics","Label":"Brand","Locale":"es_ES"},"Manufacturer":{"DisplayValue":"Urban Classics","Label":"Manufacturer","Locale":"es_ES"}},"Title":{"DisplayValue":"Urban Classics Ladies Tech Mesh Faux Leather Leggings, Negro, S para Mujer","Label":"Title","Locale":"es_ES"}},"Offers":{"Summaries":[{"Condition":{"Value":"New"},"LowestPrice":{"Amount":14.99,"Currency":"EUR","DisplayAmount":"14,99 €"}}]}},{"ASIN":"B082P2YZF6","DetailPageURL":"https://www.amazon.es/dp/B082P2YZF6?tag=topinalambricos-21&linkCode=osi&th=1&psc=1","Images":{"Primary":{"Small":{"Height":75,"URL":"https://m.media-amazon.com/images/I/31zd-Loag1L._SL75_.jpg","Width":75}}},"ItemInfo":{"ByLineInfo":{"Brand":{"DisplayValue":"SHOBDW Mujer","Label":"Brand","Locale":"es_ES"}},"Title":{"DisplayValue":"Leggings Mujer Fitness 2020 SHOBDW Color Sólido Cintura Alta Leggins Mujer Push Up Faja Secado Rápido Workout Deportes Running Yoga Pantalones Chandal Mujer Baratos(ANegro,XL)","Label":"Title","Locale":"es_ES"}},"Offers":{"Summaries":[{"Condition":{"Value":"New"},"LowestPrice":{"Amount":3.49,"Currency":"EUR","DisplayAmount":"3,49 €"}}]}},{"ASIN":"B0BNQCKZTN","DetailPageURL":"https://www.amazon.es/dp/B0BNQCKZTN?tag=topinalambricos-21&linkCode=osi&th=1&psc=1","Images":{"Primary":{"Small":{"Height":75,"URL":"https://m.media-amazon.com/images/I/31IcCgiUSfL._SL75_.jpg","Width":75}}},"ItemInfo":{"ByLineInfo":{"Brand":{"DisplayValue":"Sunnyuk","Label":"Brand","Locale":"es_ES"},"Manufacturer":{"DisplayValue":"Leggins Deportivos Mujer Push Up Cintura Alta Elásticos Pantalones","Label":"Manufacturer","Locale":"es_ES"}},"Title":{"DisplayValue":"Leggins Invierno Mujer Push Up Largos Elásticos Pantalon Deporte Yoga Mallas De Deporte Slim Anticeluliticos Mallas Fitness Leggins Anticeluliticos Cintura Alta Para Yoga Y Estiramiento Y Pilates","Label":"Title","Locale":"es_ES"}},"Offers":{"Summaries":[{"Condition":{"Value":"New"},"LowestPrice":{"Amount":15.95,"Currency":"EUR","DisplayAmount":"15,95 €"}}]}},{"ASIN":"B0B7MPF5KY","DetailPageURL":"https://www.amazon.es/dp/B0B7MPF5KY?tag=topinalambricos-21&linkCode=osi&th=1&psc=1","Images":{"Primary":{"Small":{"Height":75,"URL":"https://m.media-amazon.com/images/I/31y2Sd6TnuL._SL75_.jpg","Width":54}}},"ItemInfo":{"ByLineInfo":{"Brand":{"DisplayValue":"Navneet","Label":"Brand","Locale":"es_ES"},"Manufacturer":{"DisplayValue":"Navneet","Label":"Manufacturer","Locale":"es_ES"}},"Title":{"DisplayValue":"Navneet Leggins Cuero Leggings Mujer Push Up Cintura Alta Pantalones Elasticos Leggins Termicos Invierno Disfraz Halloween, B1 Negro Mate, M","Label":"Title","Locale":"es_ES"}},"Offers":{"Summaries":[{"Condition":{"Value":"New"},"LowestPrice":{"Amount":19.99,"Currency":"EUR","DisplayAmount":"19,99 €"}}]}},{"ASIN":"B07RN7ZHTN","DetailPageURL":"https://www.amazon.es/dp/B07RN7ZHTN?tag=topinalambricos-21&linkCode=osi&th=1&psc=1","Images":{"Primary":{"Small":{"Height":75,"URL":"https://m.media-amazon.com/images/I/31nUmoqSG6L._SL75_.jpg","Width":75}}},"ItemInfo":{"ByLineInfo":{"Brand":{"DisplayValue":"TiaoBug","Label":"Brand","Locale":"es_ES"}},"Title":{"DisplayValue":"TiaoBug Mujeres Pantalones de Cuero PU Imitación Sexi Pantalones Lápiz con Red Cordones de Muslos Laterales Empalme con Hebillas Leggins Elástico Cintura Alta Skinny Negro Medium","Label":"Title","Locale":"es_ES"}},"Offers":{"Summaries":[{"Condition":{"Value":"New"},"LowestPrice":{"Amount":21.19,"Currency":"EUR","DisplayAmount":"21,19 €"}}]}}],"SearchURL":"https://www.amazon.es/s?k=cuero&rh=n%3A3074057031%2Cp_n_availability%3A-1&tag=topinalambricos-21&linkCode=osi","TotalResultCount":226}},"67":{"SearchResult":{"Items":[{"ASIN":"B0BG5RDYFY","DetailPageURL":"https://www.amazon.es/dp/B0BG5RDYFY?tag=topinalambricos-21&linkCode=osi&th=1&psc=1","Images":{"Primary":{"Small":{"Height":75,"URL":"https://m.media-amazon.com/images/I/41aEE7bYlLL._SL75_.jpg","Width":75}}},"ItemInfo":{"ByLineInfo":{"Brand":{"DisplayValue":"NUSGEAR","Label":"Brand","Locale":"es_ES"}},"Title":{"DisplayValue":"2022 Vestidos Corto de Cuero Mujer Moda Fiesta Vestido de Cóctel PU Manga Corta Vestido de Noche Vestir Slim Fit Color sólido Sexy Vestido Original Casual Playa vacación","Label":"Title","Locale":"es_ES"}},"Offers":{"Summaries":[{"Condition":{"Value":"New"},"LowestPrice":{"Amount":12.98,"Currency":"EUR","DisplayAmount":"12,98 €"}}]}},{"ASIN":"B08CGY49ZM","DetailPageURL":"https://www.amazon.es/dp/B08CGY49ZM?tag=topinalambricos-21&linkCode=osi&th=1&psc=1","Images":{"Primary":{"Small":{"Height":75,"URL":"https://m.media-amazon.com/images/I/41gSThGDCYL._SL75_.jpg","Width":75}}},"ItemInfo":{"ByLineInfo":{"Brand":{"DisplayValue":"IEFIEL","Label":"Brand","Locale":"es_ES"}},"Title":{"DisplayValue":"IEFIEL Mini Vestido Corto Sexy Mujer Vestido Bodycon Erótico Vestido de Cuero Wet Look Traje de Noche Cóctel Fiesta Negro M","Label":"Title","Locale":"es_ES"}},"Offers":{"Summaries":[{"Condition":{"Value":"New"},"LowestPrice":{"Amount":24.59,"Currency":"EUR","DisplayAmount":"24,59 €"}}]}},{"ASIN":"B09PRDB4SS","DetailPageURL":"https://www.amazon.es/dp/B09PRDB4SS?tag=topinalambricos-21&linkCode=osi&th=1&psc=1","Images":{"Primary":{"Small":{"Height":75,"URL":"https://m.media-amazon.com/images/I/41zt9rZV4TL._SL75_.jpg","Width":40}}},"ItemInfo":{"ByLineInfo":{"Brand":{"DisplayValue":"JFAN","Label":"Brand","Locale":"es_ES"},"Manufacturer":{"DisplayValue":"JFAN","Label":"Manufacturer","Locale":"es_ES"}},"Title":{"DisplayValue":"JFAN Lencería para Mujer Vestido de Cuero Sin Espalda Mini Vestido Fascinante PU Charol Ropa de Dormir Talla única Negro","Label":"Title","Locale":"es_ES"}},"Offers":{"Summaries":[{"Condition":{"Value":"New"},"LowestPrice":{"Amount":8.99,"Currency":"EUR","DisplayAmount":"8,99 €"}}]}},{"ASIN":"B0BMV5C7BR","DetailPageURL":"https://www.amazon.es/dp/B0BMV5C7BR?tag=topinalambricos-21&linkCode=osi&th=1&psc=1","Images":{"Primary":{"Small":{"Height":75,"URL":"https://m.media-amazon.com/images/I/415Imu7dczL._SL75_.jpg","Width":46}}},"ItemInfo":{"ByLineInfo":{"Brand":{"DisplayValue":"Koucla","Label":"Brand","Locale":"es_ES"}},"Title":{"DisplayValue":"Koucla Blusas de cuero sintético vestido blusa larga con cinturón, Braun, Talla única","Label":"Title","Locale":"es_ES"}},"Offers":{"Summaries":[{"Condition":{"Value":"New"},"LowestPrice":{"Amount":44.35,"Currency":"EUR","DisplayAmount":"44,35 €"}}]}},{"ASIN":"B09MM2RNFQ","DetailPageURL":"https://www.amazon.es/dp/B09MM2RNFQ?tag=topinalambricos-21&linkCode=osi&th=1&psc=1","Images":{"Primary":{"Small":{"Height":75,"URL":"https://m.media-amazon.com/images/I/41vgA1AD6RL._SL75_.jpg","Width":75}}},"ItemInfo":{"ByLineInfo":{"Brand":{"DisplayValue":"VEMOW","Label":"Brand","Locale":"es_ES"}},"Title":{"DisplayValue":"Vestido de Cuero sin Mangas con Costuras Finas y Sexy para Mujer de Moda Vestido Plisado Elegante Vestido Midi Vestido Ajustado Cocktail Club Básico de Cuello Redondo Color Sólido(A Negro,S)","Label":"Title","Locale":"es_ES"}},"Offers":{"Summaries":[{"Condition":{"Value":"New"},"LowestPrice":{"Amount":22.41,"Currency":"EUR","DisplayAmount":"22,41 €"}}]}},{"ASIN":"B08JLS92JN","DetailPageURL":"https://www.amazon.es/dp/B08JLS92JN?tag=topinalambricos-21&linkCode=osi&th=1&psc=1","Images":{"Primary":{"Small":{"Height":75,"URL":"https://m.media-amazon.com/images/I/41oZyzV90wL._SL75_.jpg","Width":56}}},"ItemInfo":{"ByLineInfo":{"Brand":{"DisplayValue":"Freebily","Label":"Brand","Locale":"es_ES"}},"Title":{"DisplayValue":"Freebily Vestido de Cuero Sexy Mujer Vestido Ajustado de Club Ropa Erotica Falda de Charol Latex Wetlook Body Picardias Bodycon Clubwear Rojo XL","Label":"Title","Locale":"es_ES"}},"Offers":{"Summaries":[{"Condition":{"Value":"New"},"LowestPrice":{"Amount":16.19,"Currency":"EUR","DisplayAmount":"16,19 €"}}]}},{"ASIN":"B08P5D4G9J","DetailPageURL":"https://www.amazon.es/dp/B08P5D4G9J?tag=topinalambricos-21&linkCode=osi&th=1&psc=1","Images":{"Primary":{"Small":{"Height":75,"URL":"https://m.media-amazon.com/images/I/41YtP4PQQaL._SL75_.jpg","Width":51}}},"ItemInfo":{"ByLineInfo":{"Brand":{"DisplayValue":"Sexoo","Label":"Brand","Locale":"es_ES"}},"Title":{"DisplayValue":"Sexoo Sexy Vestidos de Cuero para Mujer Charol Wetlook Ajustado Cremallera Frontal Bodycon Clubwear","Label":"Title","Locale":"es_ES"}},"Offers":{"Summaries":[{"Condition":{"Value":"New"},"LowestPrice":{"Amount":14.99,"Currency":"EUR","DisplayAmount":"14,99 €"}}]}},{"ASIN":"B0BFH9C9RN","DetailPageURL":"https://www.amazon.es/dp/B0BFH9C9RN?tag=topinalambricos-21&linkCode=osi&th=1&psc=1","Images":{"Primary":{"Small":{"Height":75,"URL":"https://m.media-amazon.com/images/I/41Gch0dcJbL._SL75_.jpg","Width":45}}},"ItemInfo":{"ByLineInfo":{"Brand":{"DisplayValue":"Koucla","Label":"Brand","Locale":"es_ES"}},"Title":{"DisplayValue":"Minivestido de fiesta de cuero sintético con efecto plisado, rojo, S","Label":"Title","Locale":"es_ES"}},"Offers":{"Summaries":[{"Condition":{"Value":"New"},"LowestPrice":{"Amount":36.31,"Currency":"EUR","DisplayAmount":"36,31 €"}}]}},{"ASIN":"B0B42KXRYL","DetailPageURL":"https://www.amazon.es/dp/B0B42KXRYL?tag=topinalambricos-21&linkCode=osi&th=1&psc=1","Images":{"Primary":{"Small":{"Height":75,"URL":"https://m.media-amazon.com/images/I/31o7jC18T4L._SL75_.jpg","Width":57}}},"ItemInfo":{"ByLineInfo":{"Brand":{"DisplayValue":"The Drop","Label":"Brand","Locale":"es_ES"},"Manufacturer":{"DisplayValue":"The Drop","Label":"Manufacturer","Locale":"es_ES"}},"Title":{"DisplayValue":"The Drop Minivestido para Mujer, Hank de Cuero Vegano con Cuello Cuadrado, Coffee Bean, M","Label":"Title","Locale":"es_ES"}},"Offers":{"Summaries":[{"Condition":{"Value":"New"},"LowestPrice":{"Amount":14.79,"Currency":"EUR","DisplayAmount":"14,79 €"}}]}},{"ASIN":"B09YDMJ1HN","DetailPageURL":"https://www.amazon.es/dp/B09YDMJ1HN?tag=topinalambricos-21&linkCode=osi&th=1&psc=1","Images":{"Primary":{"Small":{"Height":75,"URL":"https://m.media-amazon.com/images/I/41r1XcN2PEL._SL75_.jpg","Width":62}}},"ItemInfo":{"ByLineInfo":{"Brand":{"DisplayValue":"ENENEN","Label":"Brand","Locale":"es_ES"}},"Title":{"DisplayValue":"ENENEN Vestido sin Espalda Ajustado de la Cadera de la Honda del Cuero de la PU de Las Mujeres Vestido de la Honda del Club Nocturno del Temperamento de la Moda","Label":"Title","Locale":"es_ES"}},"Offers":{"Summaries":[{"Condition":{"Value":"New"},"LowestPrice":{"Amount":16.99,"Currency":"EUR","DisplayAmount":"16,99 €"}}]}}],"SearchURL":"https://www.amazon.es/s?k=cuero&rh=n%3A3074074031%2Cp_n_availability%3A-1&tag=topinalambricos-21&linkCode=osi","TotalResultCount":325}},"68":{"SearchResult":{"Items":[{"ASIN":"B0B42DK93J","DetailPageURL":"https://www.amazon.es/dp/B0B42DK93J?tag=topinalambricos-21&linkCode=osi&th=1&psc=1","Images":{"Primary":{"Small":{"Height":75,"URL":"https://m.media-amazon.com/images/I/31kpjeJVewL._SL75_.jpg","Width":57}}},"ItemInfo":{"ByLineInfo":{"Brand":{"DisplayValue":"The Drop","Label":"Brand","Locale":"es_ES"},"Manufacturer":{"DisplayValue":"The Drop","Label":"Manufacturer","Locale":"es_ES"}},"Title":{"DisplayValue":"The Drop Vestido para Mujer, Sam Camisero de Cuero Vegano, Negro, XXS","Label":"Title","Locale":"es_ES"}},"Offers":{"Summaries":[{"Condition":{"Value":"New"},"LowestPrice":{"Amount":27.67,"Currency":"EUR","DisplayAmount":"27,67 €"}}]}},{"ASIN":"B0B42JNMTX","DetailPageURL":"https://www.amazon.es/dp/B0B42JNMTX?tag=topinalambricos-21&linkCode=osi&th=1&psc=1","Images":{"Primary":{"Small":{"Height":75,"URL":"https://m.media-amazon.com/images/I/31ZopnQ7+pL._SL75_.jpg","Width":57}}},"ItemInfo":{"ByLineInfo":{"Brand":{"DisplayValue":"The Drop","Label":"Brand","Locale":"es_ES"},"Manufacturer":{"DisplayValue":"The Drop","Label":"Manufacturer","Locale":"es_ES"}},"Title":{"DisplayValue":"The Drop Minivestido para Mujer, Hank de Cuero Vegano con Cuello Cuadrado, Negro, 3XL Grande","Label":"Title","Locale":"es_ES"}},"Offers":{"Summaries":[{"Condition":{"Value":"New"},"LowestPrice":{"Amount":15.75,"Currency":"EUR","DisplayAmount":"15,75 €"}}]}},{"ASIN":"B0BQ3BVNRB","DetailPageURL":"https://www.amazon.es/dp/B0BQ3BVNRB?tag=topinalambricos-21&linkCode=osi&th=1&psc=1","Images":{"Primary":{"Small":{"Height":75,"URL":"https://m.media-amazon.com/images/I/31dA+1iZ+CL._SL75_.jpg","Width":75}}},"ItemInfo":{"ByLineInfo":{"Brand":{"DisplayValue":"UXUAN","Label":"Brand","Locale":"es_ES"},"Manufacturer":{"DisplayValue":"UXUAN","Label":"Manufacturer","Locale":"es_ES"}},"Title":{"DisplayValue":"UXUAN Vestido midi negro de cuero de imitación para mujer, Fasihon, delgado, ajustado, oficina, señora, elegante, fiesta, otoño, invierno, ropa-negro, S","Label":"Title","Locale":"es_ES"}},"Offers":{"Summaries":[{"Condition":{"Value":"New"},"LowestPrice":{"Amount":23.8,"Currency":"EUR","DisplayAmount":"23,80 €"}}]}},{"ASIN":"B01MRFUW54","DetailPageURL":"https://www.amazon.es/dp/B01MRFUW54?tag=topinalambricos-21&linkCode=osi&th=1&psc=1","Images":{"Primary":{"Small":{"Height":39,"URL":"https://m.media-amazon.com/images/I/31z51yzdDPL._SL75_.jpg","Width":75}}},"ItemInfo":{"ByLineInfo":{"Brand":{"DisplayValue":"GGT- Boutique","Label":"Brand","Locale":"es_ES"}},"Title":{"DisplayValue":"GGT- Boutique Top Totty Dominatrix Saucy Role Play Sexy Mujer Abierto Vestido Apretado De Cuero, Negro, S","Label":"Title","Locale":"es_ES"}},"Offers":{"Summaries":[{"Condition":{"Value":"New"},"LowestPrice":{"Amount":35.2,"Currency":"EUR","DisplayAmount":"35,20 €"}}]}},{"ASIN":"B07B263LJQ","DetailPageURL":"https://www.amazon.es/dp/B07B263LJQ?tag=topinalambricos-21&linkCode=osi&th=1&psc=1","Images":{"Primary":{"Small":{"Height":75,"URL":"https://m.media-amazon.com/images/I/411mp4R1j8L._SL75_.jpg","Width":36}}},"ItemInfo":{"ByLineInfo":{"Brand":{"DisplayValue":"Miss Noir","Label":"Brand","Locale":"es_ES"},"Manufacturer":{"DisplayValue":"Miss Noir","Label":"Manufacturer","Locale":"es_ES"}},"Title":{"DisplayValue":"Miss Noir Vestido Sexy para Mujer S-3XL Minivestido de Fiesta Cremallera de Dos Vías Aspecto de Cuero Mojado Clubwear, Negro (19630-BK), XL","Label":"Title","Locale":"es_ES"}},"Offers":{"Summaries":[{"Condition":{"Value":"New"},"LowestPrice":{"Amount":47.9,"Currency":"EUR","DisplayAmount":"47,90 €"}}]}},{"ASIN":"B07KZH8BQX","DetailPageURL":"https://www.amazon.es/dp/B07KZH8BQX?tag=topinalambricos-21&linkCode=osi&th=1&psc=1","Images":{"Primary":{"Small":{"Height":75,"URL":"https://m.media-amazon.com/images/I/31NOFs5W2ZL._SL75_.jpg","Width":56}}},"ItemInfo":{"ByLineInfo":{"Brand":{"DisplayValue":"Minetom","Label":"Brand","Locale":"es_ES"}},"Title":{"DisplayValue":"Vestido de Cuero para Mujer Moda Manga Larga Bodycon Vestidos Clubwear Fiesta Cóctel Noche Club Nocturno Dress Negro 01 ES 44","Label":"Title","Locale":"es_ES"}},"Offers":{"Summaries":[{"Condition":{"Value":"New"},"LowestPrice":{"Amount":6.98,"Currency":"EUR","DisplayAmount":"6,98 €"}}]}},{"ASIN":"B08CGY49ZM","DetailPageURL":"https://www.amazon.es/dp/B08CGY49ZM?tag=topinalambricos-21&linkCode=osi&th=1&psc=1","Images":{"Primary":{"Small":{"Height":75,"URL":"https://m.media-amazon.com/images/I/41gSThGDCYL._SL75_.jpg","Width":75}}},"ItemInfo":{"ByLineInfo":{"Brand":{"DisplayValue":"IEFIEL","Label":"Brand","Locale":"es_ES"}},"Title":{"DisplayValue":"IEFIEL Mini Vestido Corto Sexy Mujer Vestido Bodycon Erótico Vestido de Cuero Wet Look Traje de Noche Cóctel Fiesta Negro M","Label":"Title","Locale":"es_ES"}},"Offers":{"Summaries":[{"Condition":{"Value":"New"},"LowestPrice":{"Amount":24.59,"Currency":"EUR","DisplayAmount":"24,59 €"}}]}},{"ASIN":"B09VD9DCLW","DetailPageURL":"https://www.amazon.es/dp/B09VD9DCLW?tag=topinalambricos-21&linkCode=osi&th=1&psc=1","Images":{"Primary":{"Small":{"Height":75,"URL":"https://m.media-amazon.com/images/I/41d9zxl1BIL._SL75_.jpg","Width":75}}},"ItemInfo":{"ByLineInfo":{"Brand":{"DisplayValue":"VEMOW","Label":"Brand","Locale":"es_ES"}},"Title":{"DisplayValue":"Mini Vestido Mujer Sexy sin Manga Vestido Ajustado de Cuero de PU sin Tirantes con Cuello Cuadrado Bodycon de Lápiz Clubwear de Moda sin Respaldo para Noche Fiesta Cóctel(Negro,M)","Label":"Title","Locale":"es_ES"}},"Offers":{"Summaries":[{"Condition":{"Value":"New"},"LowestPrice":{"Amount":8.99,"Currency":"EUR","DisplayAmount":"8,99 €"}}]}},{"ASIN":"B0BFH7VC3L","DetailPageURL":"https://www.amazon.es/dp/B0BFH7VC3L?tag=topinalambricos-21&linkCode=osi&th=1&psc=1","Images":{"Primary":{"Small":{"Height":75,"URL":"https://m.media-amazon.com/images/I/41q7Kbg0+LL._SL75_.jpg","Width":45}}},"ItemInfo":{"ByLineInfo":{"Brand":{"DisplayValue":"Koucla","Label":"Brand","Locale":"es_ES"}},"Title":{"DisplayValue":"Minivestido de fiesta de cuero sintético con efecto plisado, Negro , L","Label":"Title","Locale":"es_ES"}},"Offers":{"Summaries":[{"Condition":{"Value":"New"},"LowestPrice":{"Amount":36.31,"Currency":"EUR","DisplayAmount":"36,31 €"}}]}},{"ASIN":"B0BS5QHQLQ","DetailPageURL":"https://www.amazon.es/dp/B0BS5QHQLQ?tag=topinalambricos-21&linkCode=osi&th=1&psc=1","Images":{"Primary":{"Small":{"Height":75,"URL":"https://m.media-amazon.com/images/I/31JuqzItKqL._SL75_.jpg","Width":75}}},"ItemInfo":{"ByLineInfo":{"Brand":{"DisplayValue":"VEMOW","Label":"Brand","Locale":"es_ES"}},"Title":{"DisplayValue":"Vestidos de Mujer Sin Mangas Un Hombro Irregular Lentejuelas Envuelto Vestido de Cadera Vestido de cóctel con cinturón Faldas Mujer Cuero(C-Negro,XXL)","Label":"Title","Locale":"es_ES"}},"Offers":{"Summaries":[{"Condition":{"Value":"New"},"LowestPrice":{"Amount":22.19,"Currency":"EUR","DisplayAmount":"22,19 €"}}]}}],"SearchURL":"https://www.amazon.es/s?k=cuero+negro&rh=n%3A3074074031%2Cp_n_availability%3A-1&tag=topinalambricos-21&linkCode=osi","TotalResultCount":113}},"69":{"SearchResult":{"Items":[{"ASIN":"B0BS3Y9F93","DetailPageURL":"https://www.amazon.es/dp/B0BS3Y9F93?tag=topinalambricos-21&linkCode=osi&th=1&psc=1","Images":{"Primary":{"Small":{"Height":75,"URL":"https://m.media-amazon.com/images/I/41ThWz2LYLL._SL75_.jpg","Width":75}}},"ItemInfo":{"ByLineInfo":{"Brand":{"DisplayValue":"VEMOW","Label":"Brand","Locale":"es_ES"}},"Title":{"DisplayValue":"Vestido de Verano para Mujeres Un Hombro de Media Manga de murciélago Impresión Casual vistes Suelto Metal Strap Beach Mini Sun Vestido Vestidos Mujer Navidad(b Beige,XL)","Label":"Title","Locale":"es_ES"}},"Offers":{"Summaries":[{"Condition":{"Value":"New"},"LowestPrice":{"Amount":14.89,"Currency":"EUR","DisplayAmount":"14,89 €"}}]}},{"ASIN":"B09QX3CTNB","DetailPageURL":"https://www.amazon.es/dp/B09QX3CTNB?tag=topinalambricos-21&linkCode=osi&th=1&psc=1","Images":{"Primary":{"Small":{"Height":75,"URL":"https://m.media-amazon.com/images/I/31fce4As-vL._SL75_.jpg","Width":75}}},"ItemInfo":{"ByLineInfo":{"Brand":{"DisplayValue":"FeMereina","Label":"Brand","Locale":"es_ES"},"Manufacturer":{"DisplayValue":"FeMereina","Label":"Manufacturer","Locale":"es_ES"}},"Title":{"DisplayValue":"Vestido de cuero sin mangas para mujer, sexy, metálico brillante, con cuello en U, con cremallera, para club, fiesta, minivestido de látex, rosa, M","Label":"Title","Locale":"es_ES"}},"Offers":{"Summaries":[{"Condition":{"Value":"New"},"LowestPrice":{"Amount":14.96,"Currency":"EUR","DisplayAmount":"14,96 €"}}]}},{"ASIN":"B0BWDRTR1Z","DetailPageURL":"https://www.amazon.es/dp/B0BWDRTR1Z?tag=topinalambricos-21&linkCode=osi&th=1&psc=1","Images":{"Primary":{"Small":{"Height":75,"URL":"https://m.media-amazon.com/images/I/41Ln+7weKDL._SL75_.jpg","Width":75}}},"ItemInfo":{"ByLineInfo":{"Brand":{"DisplayValue":"sujinxiu","Label":"Brand","Locale":"es_ES"},"Manufacturer":{"DisplayValue":"sujinxiu","Label":"Manufacturer","Locale":"es_ES"}},"Title":{"DisplayValue":"Mini Vestido Ajustado de Cuero para Mujer Vestido Sexy de un Hombro sin Mangas Vestido Ajustado Moda Cuello simulado Brillante Metálico Manga Larga Fiesta Club Vestido de Calle","Label":"Title","Locale":"es_ES"}},"Offers":{"Summaries":[{"Condition":{"Value":"New"},"LowestPrice":{"Amount":27.99,"Currency":"EUR","DisplayAmount":"27,99 €"}}]}},{"ASIN":"B0BS3YK977","DetailPageURL":"https://www.amazon.es/dp/B0BS3YK977?tag=topinalambricos-21&linkCode=osi&th=1&psc=1","Images":{"Primary":{"Small":{"Height":75,"URL":"https://m.media-amazon.com/images/I/41wfUvQGIHL._SL75_.jpg","Width":75}}},"ItemInfo":{"ByLineInfo":{"Brand":{"DisplayValue":"VEMOW","Label":"Brand","Locale":"es_ES"}},"Title":{"DisplayValue":"Vestido Elegante de Verano para Mujer Vestido Sexy con Hombros Descubiertos Vestido de Cuero de Color sólido sin Mangas con Mini Vestido Cruzado en la Cadera Vestidos Elegantes Mujer Boda(2 Verde,L)","Label":"Title","Locale":"es_ES"}},"Offers":{"Summaries":[{"Condition":{"Value":"New"},"LowestPrice":{"Amount":12.79,"Currency":"EUR","DisplayAmount":"12,79 €"}}]}},{"ASIN":"B0B4HJVXC9","DetailPageURL":"https://www.amazon.es/dp/B0B4HJVXC9?tag=topinalambricos-21&linkCode=osi&th=1&psc=1","Images":{"Primary":{"Small":{"Height":75,"URL":"https://m.media-amazon.com/images/I/31itCnE3hhL._SL75_.jpg","Width":74}}},"ItemInfo":{"ByLineInfo":{"Brand":{"DisplayValue":"TOSHIKII","Label":"Brand","Locale":"es_ES"}},"Title":{"DisplayValue":"Mini Vestido sin Mangas de Cuero metálico Brillante para Mujer, Vestido de Baile para Fiesta de Halloween con Spakle láser para Mujer","Label":"Title","Locale":"es_ES"}},"Offers":{"Summaries":[{"Condition":{"Value":"New"},"LowestPrice":{"Amount":10.55,"Currency":"EUR","DisplayAmount":"10,55 €"}}]}},{"ASIN":"B0C33WW73R","DetailPageURL":"https://www.amazon.es/dp/B0C33WW73R?tag=topinalambricos-21&linkCode=osi&th=1&psc=1","Images":{"Primary":{"Small":{"Height":75,"URL":"https://m.media-amazon.com/images/I/41CLY78AeOL._SL75_.jpg","Width":75}}},"ItemInfo":{"ByLineInfo":{"Brand":{"DisplayValue":"Dazzerake","Label":"Brand","Locale":"es_ES"},"Manufacturer":{"DisplayValue":"Dazzerake","Label":"Manufacturer","Locale":"es_ES"}},"Title":{"DisplayValue":"Dazzerake Sexy Mini Vestidos Mujeres Spaghetti Straps Sleeveless PU Cuero Metal Color Backless Dresses Shiny Ruched Bodycon Going out Party Clubwear (Plata, L)","Label":"Title","Locale":"es_ES"}},"Offers":{"Summaries":[{"Condition":{"Value":"New"},"LowestPrice":{"Amount":8.99,"Currency":"EUR","DisplayAmount":"8,99 €"}}]}},{"ASIN":"B09S34LGSG","DetailPageURL":"https://www.amazon.es/dp/B09S34LGSG?tag=topinalambricos-21&linkCode=osi&th=1&psc=1","Images":{"Primary":{"Small":{"Height":75,"URL":"https://m.media-amazon.com/images/I/31IG2H1VHeL._SL75_.jpg","Width":75}}},"ItemInfo":{"ByLineInfo":{"Brand":{"DisplayValue":"LVBJ","Label":"Brand","Locale":"es_ES"},"Manufacturer":{"DisplayValue":"LVBJ","Label":"Manufacturer","Locale":"es_ES"}},"Title":{"DisplayValue":"Mini vestido de cuero de la PU del látex de las mujeres del mini vestido del club del cuello redondo de la manga larga del metal brillante, dorado, L","Label":"Title","Locale":"es_ES"}},"Offers":{"Summaries":[{"Condition":{"Value":"New"},"LowestPrice":{"Amount":13.53,"Currency":"EUR","DisplayAmount":"13,53 €"}}]}},{"ASIN":"B0C47T9GB6","DetailPageURL":"https://www.amazon.es/dp/B0C47T9GB6?tag=topinalambricos-21&linkCode=osi&th=1&psc=1","Images":{"Primary":{"Small":{"Height":75,"URL":"https://m.media-amazon.com/images/I/41W-B511cfL._SL75_.jpg","Width":75}}},"ItemInfo":{"ByLineInfo":{"Brand":{"DisplayValue":"LYEAA","Label":"Brand","Locale":"es_ES"},"Manufacturer":{"DisplayValue":"LYEAA","Label":"Manufacturer","Locale":"es_ES"}},"Title":{"DisplayValue":"LYEAA Mini Vestido de Mujer Sexy, Vestido de Tirantes con Hombros Descubiertos Cuero de PU Delgado Vestido Sexy Moda Hebilla de Metal Fiesta Discoteca Moda Bandeau Vestidos Clubwear Vestido","Label":"Title","Locale":"es_ES"}},"Offers":{"Summaries":[{"Condition":{"Value":"New"},"LowestPrice":{"Amount":26.25,"Currency":"EUR","DisplayAmount":"26,25 €"}}]}},{"ASIN":"B09L65Y9G3","DetailPageURL":"https://www.amazon.es/dp/B09L65Y9G3?tag=topinalambricos-21&linkCode=osi&th=1&psc=1","Images":{"Primary":{"Small":{"Height":75,"URL":"https://m.media-amazon.com/images/I/41n3LynKKbL._SL75_.jpg","Width":75}}},"ItemInfo":{"ByLineInfo":{"Brand":{"DisplayValue":"Oaimmk","Label":"Brand","Locale":"es_ES"},"Manufacturer":{"DisplayValue":"Oaimmk","Label":"Manufacturer","Locale":"es_ES"}},"Title":{"DisplayValue":"Oaimmk Mini Vestido de moqueta Clubwear metálico de Cuero sintético para Mujer Vestido de Cóctel sin Mangas sin Espalda,Rojo,XL","Label":"Title","Locale":"es_ES"}},"Offers":{"Summaries":[{"Condition":{"Value":"New"},"LowestPrice":{"Amount":33.99,"Currency":"EUR","DisplayAmount":"33,99 €"}}]}},{"ASIN":"B0B21KMHSP","DetailPageURL":"https://www.amazon.es/dp/B0B21KMHSP?tag=topinalambricos-21&linkCode=osi&th=1&psc=1","Images":{"Primary":{"Small":{"Height":75,"URL":"https://m.media-amazon.com/images/I/410tPYGNuPL._SL75_.jpg","Width":75}}},"ItemInfo":{"ByLineInfo":{"Brand":{"DisplayValue":"Leodun","Label":"Brand","Locale":"es_ES"},"Manufacturer":{"DisplayValue":"Leodun","Label":"Manufacturer","Locale":"es_ES"}},"Title":{"DisplayValue":"Leodun Mini Vestido De Clubwear Metálico De Cuero Sintético para Mujer Vestido Sin Mangas Club,Rojo,XXL","Label":"Title","Locale":"es_ES"}},"Offers":{"Summaries":[{"Condition":{"Value":"New"},"LowestPrice":{"Amount":41.99,"Currency":"EUR","DisplayAmount":"41,99 €"}}]}}],"SearchURL":"https://www.amazon.es/s?k=cuero+mini+metalico&rh=n%3A3074074031%2Cp_n_availability%3A-1&tag=topinalambricos-21&linkCode=osi","TotalResultCount":330}},"71":{"SearchResult":{"Items":[{"ASIN":"B07YMSR6Y5","DetailPageURL":"https://www.amazon.es/dp/B07YMSR6Y5?tag=topinalambricos-21&linkCode=osi&th=1&psc=1","Images":{"Primary":{"Small":{"Height":75,"URL":"https://m.media-amazon.com/images/I/41I6445WUBL._SL75_.jpg","Width":75}}},"ItemInfo":{"ByLineInfo":{"Brand":{"DisplayValue":"COMPILO","Label":"Brand","Locale":"es_ES"},"Manufacturer":{"DisplayValue":"MOTOCAT.NET","Label":"Manufacturer","Locale":"es_ES"}},"Title":{"DisplayValue":"COMPILO Mono de cuero 2 Piezas CM-1071 (XL (54))","Label":"Title","Locale":"es_ES"}},"Offers":{"Summaries":[{"Condition":{"Value":"New"},"LowestPrice":{"Amount":234.9,"Currency":"EUR","DisplayAmount":"234,90 €"}}]}},{"ASIN":"B07YN6SNM6","DetailPageURL":"https://www.amazon.es/dp/B07YN6SNM6?tag=topinalambricos-21&linkCode=osi&th=1&psc=1","Images":{"Primary":{"Small":{"Height":75,"URL":"https://m.media-amazon.com/images/I/31vLb8PyHaL._SL75_.jpg","Width":75}}},"ItemInfo":{"ByLineInfo":{"Brand":{"DisplayValue":"COMPILO","Label":"Brand","Locale":"es_ES"},"Manufacturer":{"DisplayValue":"MOTOCAT.NET","Label":"Manufacturer","Locale":"es_ES"}},"Title":{"DisplayValue":"COMPILO Monode moto 2 piezas CM-1075 (XL (54))","Label":"Title","Locale":"es_ES"}},"Offers":{"Summaries":[{"Condition":{"Value":"New"},"LowestPrice":{"Amount":234.9,"Currency":"EUR","DisplayAmount":"234,90 €"}}]}},{"ASIN":"B075G2ZJ17","DetailPageURL":"https://www.amazon.es/dp/B075G2ZJ17?tag=topinalambricos-21&linkCode=osi&th=1&psc=1","Images":{"Primary":{"Small":{"Height":75,"URL":"https://m.media-amazon.com/images/I/41J4mqSiLJL._SL75_.jpg","Width":41}}},"ItemInfo":{"ByLineInfo":{"Brand":{"DisplayValue":"Belezza","Label":"Brand","Locale":"es_ES"},"Manufacturer":{"DisplayValue":"XLS","Label":"Manufacturer","Locale":"es_ES"}},"Title":{"DisplayValue":"Mono de cuero de racing de Belezza, una sola pieza, traje de moto en negro","Label":"Title","Locale":"es_ES"}},"Offers":{"Summaries":[{"Condition":{"Value":"New"},"LowestPrice":{"Amount":249.0,"Currency":"EUR","DisplayAmount":"249,00 €"}}]}},{"ASIN":"B08JH4MBTB","DetailPageURL":"https://www.amazon.es/dp/B08JH4MBTB?tag=topinalambricos-21&linkCode=osi&th=1&psc=1","Images":{"Primary":{"Small":{"Height":56,"URL":"https://m.media-amazon.com/images/I/41qYa3HGF0L._SL75_.jpg","Width":75}}},"ItemInfo":{"ByLineInfo":{"Brand":{"DisplayValue":"COMPILO","Label":"Brand","Locale":"es_ES"},"Manufacturer":{"DisplayValue":"Motocat.net","Label":"Manufacturer","Locale":"es_ES"}},"Title":{"DisplayValue":"Mono de moto cuero 2 piezas Stoner rojo (XL (54))","Label":"Title","Locale":"es_ES"}},"Offers":{"Summaries":[{"Condition":{"Value":"New"},"LowestPrice":{"Amount":245.9,"Currency":"EUR","DisplayAmount":"245,90 €"}}]}},{"ASIN":"B00AKN8DFG","DetailPageURL":"https://www.amazon.es/dp/B00AKN8DFG?tag=topinalambricos-21&linkCode=osi&th=1&psc=1","Images":{"Primary":{"Small":{"Height":75,"URL":"https://m.media-amazon.com/images/I/51HnZJ5cfiL._SL75_.jpg","Width":68}}},"ItemInfo":{"ByLineInfo":{"Brand":{"DisplayValue":"German Wear","Label":"Brand","Locale":"es_ES"},"Manufacturer":{"DisplayValue":"German Wear","Label":"Manufacturer","Locale":"es_ES"}},"Title":{"DisplayValue":"Mono de motoclismo, de cuero de vacuno auténtico, en combinación de azul","Label":"Title","Locale":"es_ES"}},"Offers":{"Summaries":[{"Condition":{"Value":"New"},"LowestPrice":{"Amount":379.0,"Currency":"EUR","DisplayAmount":"379,00 €"}}]}},{"ASIN":"B07Z3R8SKG","DetailPageURL":"https://www.amazon.es/dp/B07Z3R8SKG?tag=topinalambricos-21&linkCode=osi&th=1&psc=1","Images":{"Primary":{"Small":{"Height":75,"URL":"https://m.media-amazon.com/images/I/41AsAIAkO0L._SL75_.jpg","Width":75}}},"ItemInfo":{"ByLineInfo":{"Brand":{"DisplayValue":"Dainese","Label":"Brand","Locale":"es_ES"},"Manufacturer":{"DisplayValue":"Dainese","Label":"Manufacturer","Locale":"es_ES"}},"Title":{"DisplayValue":"Dainese Mistel - Mono de cuero para moto","Label":"Title","Locale":"es_ES"}},"Offers":{"Summaries":[{"Condition":{"Value":"New"},"LowestPrice":{"Amount":895.4,"Currency":"EUR","DisplayAmount":"895,40 €"}}]}},{"ASIN":"B07YYJYGYJ","DetailPageURL":"https://www.amazon.es/dp/B07YYJYGYJ?tag=topinalambricos-21&linkCode=osi&th=1&psc=1","Images":{"Primary":{"Small":{"Height":75,"URL":"https://m.media-amazon.com/images/I/41MczISWHNL._SL75_.jpg","Width":75}}},"ItemInfo":{"ByLineInfo":{"Brand":{"DisplayValue":"COMPILO","Label":"Brand","Locale":"es_ES"},"Manufacturer":{"DisplayValue":"MOTOCAT.NET","Label":"Manufacturer","Locale":"es_ES"}},"Title":{"DisplayValue":"COMPILO Mono de moto cuero 2 Piezas CM-1073 (S (48))","Label":"Title","Locale":"es_ES"}},"Offers":{"Summaries":[{"Condition":{"Value":"New"},"LowestPrice":{"Amount":234.9,"Currency":"EUR","DisplayAmount":"234,90 €"}}]}},{"ASIN":"B06Y6FYPZW","DetailPageURL":"https://www.amazon.es/dp/B06Y6FYPZW?tag=topinalambricos-21&linkCode=osi&th=1&psc=1","Images":{"Primary":{"Small":{"Height":75,"URL":"https://m.media-amazon.com/images/I/41UQfV428hL._SL75_.jpg","Width":75}}},"ItemInfo":{"ByLineInfo":{"Brand":{"DisplayValue":"Alpinestars","Label":"Brand","Locale":"es_ES"},"Manufacturer":{"DisplayValue":"Alpinestars","Label":"Manufacturer","Locale":"es_ES"}},"Title":{"DisplayValue":"Alpinestars Challenger V2 - Mono de cuero de 1 pieza (talla 50), color negro, blanco y amarillo","Label":"Title","Locale":"es_ES"}},"Offers":{"Summaries":[{"Condition":{"Value":"New"},"LowestPrice":{"Amount":740.95,"Currency":"EUR","DisplayAmount":"740,95 €"}}]}},{"ASIN":"B01N4X2N8T","DetailPageURL":"https://www.amazon.es/dp/B01N4X2N8T?tag=topinalambricos-21&linkCode=osi&th=1&psc=1","Images":{"Primary":{"Small":{"Height":75,"URL":"https://m.media-amazon.com/images/I/414RlpnT79L._SL75_.jpg","Width":75}}},"ItemInfo":{"ByLineInfo":{"Brand":{"DisplayValue":"Alpinestars","Label":"Brand","Locale":"es_ES"},"Manufacturer":{"DisplayValue":"Alpinestars","Label":"Manufacturer","Locale":"es_ES"}},"Title":{"DisplayValue":"Alpinestars Motegi V2 - Mono de cuero de 1 pieza 50 negro/blanco/rojo","Label":"Title","Locale":"es_ES"}},"Offers":{"Summaries":[{"Condition":{"Value":"New"},"LowestPrice":{"Amount":807.45,"Currency":"EUR","DisplayAmount":"807,45 €"}}]}},{"ASIN":"B01N19KM8H","DetailPageURL":"https://www.amazon.es/dp/B01N19KM8H?tag=topinalambricos-21&linkCode=osi&th=1&psc=1","Images":{"Primary":{"Small":{"Height":75,"URL":"https://m.media-amazon.com/images/I/41mDFbqYhlL._SL75_.jpg","Width":41}}},"ItemInfo":{"ByLineInfo":{"Brand":{"DisplayValue":"XLS","Label":"Brand","Locale":"es_ES"},"Manufacturer":{"DisplayValue":"XLS","Label":"Manufacturer","Locale":"es_ES"}},"Title":{"DisplayValue":"Mono de cuero para mujer de XLS, modelo Daytona, de una pieza en blanco y negro","Label":"Title","Locale":"es_ES"}},"Offers":{"Summaries":[{"Condition":{"Value":"New"},"LowestPrice":{"Amount":429.95,"Currency":"EUR","DisplayAmount":"429,95 €"}}]}}],"SearchURL":"https://www.amazon.es/s?k=mono+cuero&rh=n%3A2425316031%2Cp_n_availability%3A-1&tag=topinalambricos-21&linkCode=osi","TotalResultCount":62}},"72":{"SearchResult":{"Items":[{"ASIN":"B08XY7DKB8","DetailPageURL":"https://www.amazon.es/dp/B08XY7DKB8?tag=topinalambricos-21&linkCode=osi&th=1&psc=1","Images":{"Primary":{"Small":{"Height":75,"URL":"https://m.media-amazon.com/images/I/41DhqWq9W8L._SL75_.jpg","Width":46}}},"ItemInfo":{"ByLineInfo":{"Brand":{"DisplayValue":"Koucla","Label":"Brand","Locale":"es_ES"},"Manufacturer":{"DisplayValue":"Koucla","Label":"Manufacturer","Locale":"es_ES"}},"Title":{"DisplayValue":"Koucla Mono de piel sintética de aspecto de piel sintética con cinturón, rojo, S","Label":"Title","Locale":"es_ES"}},"Offers":{"Summaries":[{"Condition":{"Value":"New"},"LowestPrice":{"Amount":44.35,"Currency":"EUR","DisplayAmount":"44,35 €"}}]}},{"ASIN":"B0BP2TBGDB","DetailPageURL":"https://www.amazon.es/dp/B0BP2TBGDB?tag=topinalambricos-21&linkCode=osi&th=1&psc=1","Images":{"Primary":{"Small":{"Height":75,"URL":"https://m.media-amazon.com/images/I/31i0fgJcorL._SL75_.jpg","Width":29}}},"ItemInfo":{"ByLineInfo":{"Brand":{"DisplayValue":"Morgan","Label":"Brand","Locale":"es_ES"},"Manufacturer":{"DisplayValue":"MORGAN","Label":"Manufacturer","Locale":"es_ES"}},"Title":{"DisplayValue":"Morgan 231-pocio Combinación, Piel, Talla única para Mujer","Label":"Title","Locale":"es_ES"}},"Offers":{"Summaries":[{"Condition":{"Value":"New"},"LowestPrice":{"Amount":77.93,"Currency":"EUR","DisplayAmount":"77,93 €"}}]}},{"ASIN":"B07BBTFMLG","DetailPageURL":"https://www.amazon.es/dp/B07BBTFMLG?tag=topinalambricos-21&linkCode=osi&th=1&psc=1","Images":{"Primary":{"Small":{"Height":75,"URL":"https://m.media-amazon.com/images/I/31s0e5r1ILL._SL75_.jpg","Width":38}}},"ItemInfo":{"ByLineInfo":{"Brand":{"DisplayValue":"Boowhol","Label":"Brand","Locale":"es_ES"}},"Title":{"DisplayValue":"BROWOL Disfraz sexy de gato de piel de serpiente a rayas, Club DS lacado, traje ajustado, mono de piel de serpiente, Catwoman, traje estilo mono, disfraz completo de fiesta, Negro , L","Label":"Title","Locale":"es_ES"}},"Offers":{"Summaries":[{"Condition":{"Value":"New"},"LowestPrice":{"Amount":16.2,"Currency":"EUR","DisplayAmount":"16,20 €"}}]}},{"ASIN":"B07S94KP72","DetailPageURL":"https://www.amazon.es/dp/B07S94KP72?tag=topinalambricos-21&linkCode=osi&th=1&psc=1","Images":{"Primary":{"Small":{"Height":75,"URL":"https://m.media-amazon.com/images/I/31kYZOmp-jL._SL75_.jpg","Width":57}}},"ItemInfo":{"ByLineInfo":{"Brand":{"DisplayValue":"YOOJIA","Label":"Brand","Locale":"es_ES"}},"Title":{"DisplayValue":"YOOJIA Body Cuero Mujer Mono Metálico Brillante Catsuit Push Up Maillot de Charol Bodycon con Cremallera Traje Bailarina Discoteca Plateado Medium","Label":"Title","Locale":"es_ES"}},"Offers":{"Summaries":[{"Condition":{"Value":"New"},"LowestPrice":{"Amount":14.49,"Currency":"EUR","DisplayAmount":"14,49 €"}}]}},{"ASIN":"B07TJRGRJP","DetailPageURL":"https://www.amazon.es/dp/B07TJRGRJP?tag=topinalambricos-21&linkCode=osi&th=1&psc=1","Images":{"Primary":{"Small":{"Height":75,"URL":"https://m.media-amazon.com/images/I/41Nxn4F5qKL._SL75_.jpg","Width":75}}},"ItemInfo":{"ByLineInfo":{"Brand":{"DisplayValue":"WYGH","Label":"Brand","Locale":"es_ES"},"Manufacturer":{"DisplayValue":"WYGH","Label":"Manufacturer","Locale":"es_ES"}},"Title":{"DisplayValue":"WYGH Disfraz Catsuit para Mujer Jumpsuit Piel de Serpiente Modelo Brillante Mono Patentar Cuero Apariencia mojada Traje Catwomen Partido Cosplay Carnavales Ideal para Amante Regalo,Black-L","Label":"Title","Locale":"es_ES"}},"Offers":{"Summaries":[{"Condition":{"Value":"New"},"LowestPrice":{"Amount":27.99,"Currency":"EUR","DisplayAmount":"27,99 €"}}]}},{"ASIN":"B07XY7VD46","DetailPageURL":"https://www.amazon.es/dp/B07XY7VD46?tag=topinalambricos-21&linkCode=osi&th=1&psc=1","Images":{"Primary":{"Small":{"Height":75,"URL":"https://m.media-amazon.com/images/I/41E55oy-ZjL._SL75_.jpg","Width":75}}},"ItemInfo":{"ByLineInfo":{"Brand":{"DisplayValue":"GGTBOUTIQUE","Label":"Brand","Locale":"es_ES"}},"Title":{"DisplayValue":"GGTBOUTIQUE Top Totty Rojo Caliente PU Cuero De Cuello Alto Piel De Serpiente Vainada Sexy Monos Para Las Mujeres","Label":"Title","Locale":"es_ES"}},"Offers":{"Summaries":[{"Condition":{"Value":"New"},"LowestPrice":{"Amount":38.33,"Currency":"EUR","DisplayAmount":"38,33 €"}}]}},{"ASIN":"B0831FX9MN","DetailPageURL":"https://www.amazon.es/dp/B0831FX9MN?tag=topinalambricos-21&linkCode=osi&th=1&psc=1","Images":{"Primary":{"Small":{"Height":75,"URL":"https://m.media-amazon.com/images/I/41LIQC8lhDL._SL75_.jpg","Width":75}}},"ItemInfo":{"ByLineInfo":{"Brand":{"DisplayValue":"IBAKOM","Label":"Brand","Locale":"es_ES"}},"Title":{"DisplayValue":"Body de Manga Larga Cuero PU Brillante para Mujer, Mono con Cremallera de Cuerpo Completo Metálico Catsuit Delgado Bodycon Etapa Nocturno Sexy Ropa de Club Dorado M","Label":"Title","Locale":"es_ES"}},"Offers":{"Summaries":[{"Condition":{"Value":"New"},"LowestPrice":{"Amount":24.44,"Currency":"EUR","DisplayAmount":"24,44 €"}}]}},{"ASIN":"B01EAPZCXU","DetailPageURL":"https://www.amazon.es/dp/B01EAPZCXU?tag=topinalambricos-21&linkCode=osi&th=1&psc=1","Images":{"Primary":{"Small":{"Height":75,"URL":"https://m.media-amazon.com/images/I/31vG1HcIbfL._SL75_.jpg","Width":73}}},"ItemInfo":{"ByLineInfo":{"Brand":{"DisplayValue":"GGTBOUTIQUE","Label":"Brand","Locale":"es_ES"}},"Title":{"DisplayValue":"Top Totty - Atractivo mono de látex para mujer, 3 colores, traje completo, súper mujer, cosplay, disfraz de látex, aspecto mojado, piel de serpiente plata M","Label":"Title","Locale":"es_ES"}},"Offers":{"Summaries":[{"Condition":{"Value":"New"},"LowestPrice":{"Amount":52.3,"Currency":"EUR","DisplayAmount":"52,30 €"}}]}},{"ASIN":"B0876TN32C","DetailPageURL":"https://www.amazon.es/dp/B0876TN32C?tag=topinalambricos-21&linkCode=osi&th=1&psc=1","Images":{"Primary":{"Small":{"Height":75,"URL":"https://m.media-amazon.com/images/I/41oGNjcig+L._SL75_.jpg","Width":47}}},"ItemInfo":{"ByLineInfo":{"Brand":{"DisplayValue":"Koucla","Label":"Brand","Locale":"es_ES"}},"Title":{"DisplayValue":"Koucla Mono de manga larga caliente con encaje y cordones decorativos, Negro , S/M","Label":"Title","Locale":"es_ES"}},"Offers":{"Summaries":[{"Condition":{"Value":"New"},"LowestPrice":{"Amount":39.9,"Currency":"EUR","DisplayAmount":"39,90 €"}}]}},{"ASIN":"B08P333YBJ","DetailPageURL":"https://www.amazon.es/dp/B08P333YBJ?tag=topinalambricos-21&linkCode=osi&th=1&psc=1","Images":{"Primary":{"Small":{"Height":75,"URL":"https://m.media-amazon.com/images/I/31-vddo-HHL._SL75_.jpg","Width":43}}},"ItemInfo":{"ByLineInfo":{"Brand":{"DisplayValue":"AIEOE","Label":"Brand","Locale":"es_ES"}},"Title":{"DisplayValue":"AIEOE Traje de cosplay para mujer, traje de pelota, traje de baño entallado de una pieza, color negro","Label":"Title","Locale":"es_ES"}},"Offers":{"Summaries":[{"Condition":{"Value":"New"},"LowestPrice":{"Amount":36.55,"Currency":"EUR","DisplayAmount":"36,55 €"}}]}}],"SearchURL":"https://www.amazon.es/s?k=cuero+piel&rh=n%3A3074059031%2Cp_n_availability%3A-1&tag=topinalambricos-21&linkCode=osi","TotalResultCount":104}},"74":{"SearchResult":{"Items":[{"ASIN":"B09885BZNM","DetailPageURL":"https://www.amazon.es/dp/B09885BZNM?tag=topinalambricos-21&linkCode=osi&th=1&psc=1","Images":{"Primary":{"Small":{"Height":75,"URL":"https://m.media-amazon.com/images/I/31y2GeP7jMS._SL75_.jpg","Width":75}}},"ItemInfo":{"ByLineInfo":{"Brand":{"DisplayValue":"Leatherick","Label":"Brand","Locale":"es_ES"}},"Title":{"DisplayValue":"Leatherick Chaleco de cuero auténtico de piel de vacuno de grano superior para hombre Chaleco clásico negro con cordones laterales y bolsillos de transporte ocultos - Negro - 4XL","Label":"Title","Locale":"es_ES"}},"Offers":{"Summaries":[{"Condition":{"Value":"New"},"LowestPrice":{"Amount":45.99,"Currency":"EUR","DisplayAmount":"45,99 €"}}]}},{"ASIN":"B00BE6G6OI","DetailPageURL":"https://www.amazon.es/dp/B00BE6G6OI?tag=topinalambricos-21&linkCode=osi&th=1&psc=1","Images":{"Primary":{"Small":{"Height":75,"URL":"https://m.media-amazon.com/images/I/41hh-F0tBKL._SL75_.jpg","Width":49}}},"ItemInfo":{"ByLineInfo":{"Brand":{"DisplayValue":"Bikers Gear Australia","Label":"Brand","Locale":"es_ES"},"Manufacturer":{"DisplayValue":"Bikers Gear Australia","Label":"Manufacturer","Locale":"es_ES"}},"Title":{"DisplayValue":"Bikers Gear Australia - Chaleco de piel para moto, color negro revolver, estilo Sons of Anarchy","Label":"Title","Locale":"es_ES"}},"Offers":{"Summaries":[{"Condition":{"Value":"New"},"LowestPrice":{"Amount":66.75,"Currency":"EUR","DisplayAmount":"66,75 €"}}]}},{"ASIN":"B0BSS6KDMZ","DetailPageURL":"https://www.amazon.es/dp/B0BSS6KDMZ?tag=topinalambricos-21&linkCode=osi&th=1&psc=1","Images":{"Primary":{"Small":{"Height":75,"URL":"https://m.media-amazon.com/images/I/31wQCTLbyaL._SL75_.jpg","Width":75}}},"ItemInfo":{"ByLineInfo":{"Brand":{"DisplayValue":"Beokeuioe","Label":"Brand","Locale":"es_ES"},"Manufacturer":{"DisplayValue":"Beokeuioe","Label":"Manufacturer","Locale":"es_ES"}},"Title":{"DisplayValue":"Beokeuioe Chopper Chaleco de cuero para hombre, chaleco de motociclismo, piel sintética, chaleco de club, chaleco con cordones, chaleco para moto, equipo punk, chaleco de piel sintética, E negro., M","Label":"Title","Locale":"es_ES"}},"Offers":{"Summaries":[{"Condition":{"Value":"New"},"LowestPrice":{"Amount":20.49,"Currency":"EUR","DisplayAmount":"20,49 €"}}]}},{"ASIN":"B0BSS6XZKK","DetailPageURL":"https://www.amazon.es/dp/B0BSS6XZKK?tag=topinalambricos-21&linkCode=osi&th=1&psc=1","Images":{"Primary":{"Small":{"Height":75,"URL":"https://m.media-amazon.com/images/I/41LtNv0gk6L._SL75_.jpg","Width":75}}},"ItemInfo":{"ByLineInfo":{"Brand":{"DisplayValue":"Beokeuioe","Label":"Brand","Locale":"es_ES"},"Manufacturer":{"DisplayValue":"Beokeuioe","Label":"Manufacturer","Locale":"es_ES"}},"Title":{"DisplayValue":"Chaleco de piel para hombre, corte ajustado, suave, de poliuretano, cuello en V, informal, vintage, de cuero, para motorista, rocker, para moto, club, camiseta de tirantes clásica, marrón, Vino, XXXL","Label":"Title","Locale":"es_ES"}},"Offers":{"Summaries":[{"Condition":{"Value":"New"},"LowestPrice":{"Amount":15.05,"Currency":"EUR","DisplayAmount":"15,05 €"}}]}},{"ASIN":"B01M06HTDX","DetailPageURL":"https://www.amazon.es/dp/B01M06HTDX?tag=topinalambricos-21&linkCode=osi&th=1&psc=1","Images":{"Primary":{"Small":{"Height":75,"URL":"https://m.media-amazon.com/images/I/412OurC2NIL._SL75_.jpg","Width":54}}},"ItemInfo":{"ByLineInfo":{"Brand":{"DisplayValue":"MDM","Label":"Brand","Locale":"es_ES"}},"Title":{"DisplayValue":"MDM Chaleco de piel para hombre Negro S","Label":"Title","Locale":"es_ES"}},"Offers":{"Summaries":[{"Condition":{"Value":"New"},"LowestPrice":{"Amount":49.99,"Currency":"EUR","DisplayAmount":"49,99 €"}}]}},{"ASIN":"B0BTMGRN8N","DetailPageURL":"https://www.amazon.es/dp/B0BTMGRN8N?tag=topinalambricos-21&linkCode=osi&th=1&psc=1","Images":{"Primary":{"Small":{"Height":75,"URL":"https://m.media-amazon.com/images/I/31wQCTLbyaL._SL75_.jpg","Width":75}}},"ItemInfo":{"ByLineInfo":{"Brand":{"DisplayValue":"Beokeuioe","Label":"Brand","Locale":"es_ES"},"Manufacturer":{"DisplayValue":"Beokeuioe","Label":"Manufacturer","Locale":"es_ES"}},"Title":{"DisplayValue":"Beokeuioe Chaleco de moto para hombre, chaleco de piel sintética, chaleco de motorista para moto, chaleco de cuero, chaleco con cordones, chaleco de piel sintética, B5 negro., L","Label":"Title","Locale":"es_ES"}},"Offers":{"Summaries":[{"Condition":{"Value":"New"},"LowestPrice":{"Amount":18.75,"Currency":"EUR","DisplayAmount":"18,75 €"}}]}},{"ASIN":"B09MDBZVL9","DetailPageURL":"https://www.amazon.es/dp/B09MDBZVL9?tag=topinalambricos-21&linkCode=osi&th=1&psc=1","Images":{"Primary":{"Small":{"Height":75,"URL":"https://m.media-amazon.com/images/I/41MRJ1n+K8L._SL75_.jpg","Width":75}}},"ItemInfo":{"ByLineInfo":{"Brand":{"DisplayValue":"NUSGEAR","Label":"Brand","Locale":"es_ES"}},"Title":{"DisplayValue":"NUSGEAR 2022 Hombres Chaqueta de Cuero, Otoño Invierno Espesar Cuero de la Chaqueta de bombardero Cuello de pie Abrigo de Pieles de béisbol Impermeable a Prueba de Viento Ropa de moto PU Talla grande","Label":"Title","Locale":"es_ES"}},"Offers":{"Summaries":[{"Condition":{"Value":"New"},"LowestPrice":{"Amount":29.99,"Currency":"EUR","DisplayAmount":"29,99 €"}}]}},{"ASIN":"B08N19X3ZJ","DetailPageURL":"https://www.amazon.es/dp/B08N19X3ZJ?tag=topinalambricos-21&linkCode=osi&th=1&psc=1","Images":{"Primary":{"Small":{"Height":75,"URL":"https://m.media-amazon.com/images/I/41jiLjCmHFS._SL75_.jpg","Width":49}}},"ItemInfo":{"ByLineInfo":{"Brand":{"DisplayValue":"EURO STARS","Label":"Brand","Locale":"es_ES"},"Manufacturer":{"DisplayValue":"EURO STARS","Label":"Manufacturer","Locale":"es_ES"}},"Title":{"DisplayValue":"Chaleco de piel para hombre, con botón negro, chaleco de piel Choppers, chaleco rockero, chaleco club, chaleco de cuero, chaleco de cuero, chaleco de cuero (XL, negro), Negro , XL","Label":"Title","Locale":"es_ES"}},"Offers":{"Summaries":[{"Condition":{"Value":"New"},"LowestPrice":{"Amount":34.99,"Currency":"EUR","DisplayAmount":"34,99 €"}}]}},{"ASIN":"B07CQVVLSK","DetailPageURL":"https://www.amazon.es/dp/B07CQVVLSK?tag=topinalambricos-21&linkCode=osi&th=1&psc=1","Images":{"Primary":{"Small":{"Height":75,"URL":"https://m.media-amazon.com/images/I/31pvs2yb1BL._SL75_.jpg","Width":57}}},"ItemInfo":{"ByLineInfo":{"Brand":{"DisplayValue":"Leatherick","Label":"Brand","Locale":"es_ES"},"Manufacturer":{"DisplayValue":"Leatherick","Label":"Manufacturer","Locale":"es_ES"}},"Title":{"DisplayValue":"Leatherick Chaleco de cuero real para hombre, estilo motorista Moda casual","Label":"Title","Locale":"es_ES"}},"Offers":{"Summaries":[{"Condition":{"Value":"New"},"LowestPrice":{"Amount":44.99,"Currency":"EUR","DisplayAmount":"44,99 €"}}]}},{"ASIN":"B09LVLLQPJ","DetailPageURL":"https://www.amazon.es/dp/B09LVLLQPJ?tag=topinalambricos-21&linkCode=osi&th=1&psc=1","Images":{"Primary":{"Small":{"Height":75,"URL":"https://m.media-amazon.com/images/I/41gbxIMv3EL._SL75_.jpg","Width":75}}},"ItemInfo":{"ByLineInfo":{"Brand":{"DisplayValue":"NUSGEAR","Label":"Brand","Locale":"es_ES"}},"Title":{"DisplayValue":"Hombres Chaqueta de Cuero,Otoño Invierno Espesar Cuero de la Chaqueta de béisbol Largo Cuello alto Abrigo de Pieles Coincidencia de colores Chaqueta Impermeable a Prueba de Viento Ropa de moto PU","Label":"Title","Locale":"es_ES"}},"Offers":{"Summaries":[{"Condition":{"Value":"New"},"LowestPrice":{"Amount":79.98,"Currency":"EUR","DisplayAmount":"79,98 €"}}]}}],"SearchURL":"https://www.amazon.es/s?k=chaleco+piel+cuero&rh=n%3A3074027031%2Cp_n_availability%3A-1&tag=topinalambricos-21&linkCode=osi","TotalResultCount":578}},"75":{"SearchResult":{"Items":[{"ASIN":"B07ZXCPPPK","DetailPageURL":"https://www.amazon.es/dp/B07ZXCPPPK?tag=topinalambricos-21&linkCode=osi&th=1&psc=1","Images":{"Primary":{"Small":{"Height":72,"URL":"https://m.media-amazon.com/images/I/41MAF3eNKGL._SL75_.jpg","Width":75}}},"ItemInfo":{"ByLineInfo":{"Brand":{"DisplayValue":"Leatherick","Label":"Brand","Locale":"es_ES"},"Manufacturer":{"DisplayValue":"Leatherick Limited","Label":"Manufacturer","Locale":"es_ES"}},"Title":{"DisplayValue":"Chaleco de cuero para mujer Chaqueta sin mangas de cuero de búfalo de grano superior genuino negro/Chaleco. 2XL (16)","Label":"Title","Locale":"es_ES"}},"Offers":{"Summaries":[{"Condition":{"Value":"New"},"LowestPrice":{"Amount":49.99,"Currency":"EUR","DisplayAmount":"49,99 €"}}]}},{"ASIN":"B09RX2HFVZ","DetailPageURL":"https://www.amazon.es/dp/B09RX2HFVZ?tag=topinalambricos-21&linkCode=osi&th=1&psc=1","Images":{"Primary":{"Small":{"Height":75,"URL":"https://m.media-amazon.com/images/I/4182ZAu7+9L._SL75_.jpg","Width":56}}},"ItemInfo":{"ByLineInfo":{"Brand":{"DisplayValue":"Only","Label":"Brand","Locale":"es_ES"},"Manufacturer":{"DisplayValue":"Bestseller A/S","Label":"Manufacturer","Locale":"es_ES"}},"Title":{"DisplayValue":"Only Onlvera-Riñonera de Piel sintética Chaleco, Cherry Mahogany, M para Mujer","Label":"Title","Locale":"es_ES"}},"Offers":{"Summaries":[{"Condition":{"Value":"New"},"LowestPrice":{"Amount":40.17,"Currency":"EUR","DisplayAmount":"40,17 €"}}]}},{"ASIN":"B09BQVGF31","DetailPageURL":"https://www.amazon.es/dp/B09BQVGF31?tag=topinalambricos-21&linkCode=osi&th=1&psc=1","Images":{"Primary":{"Small":{"Height":75,"URL":"https://m.media-amazon.com/images/I/31ndIikv8SL._SL75_.jpg","Width":75}}},"ItemInfo":{"ByLineInfo":{"Brand":{"DisplayValue":"Freaky Nation","Label":"Brand","Locale":"es_ES"},"Manufacturer":{"DisplayValue":"Freaky Nation","Label":"Manufacturer","Locale":"es_ES"}},"Title":{"DisplayValue":"Freaky Nation Glow Zone-fn Chaleco de Cuero, Negro, M para Mujer","Label":"Title","Locale":"es_ES"}},"Offers":{"Summaries":[{"Condition":{"Value":"New"},"LowestPrice":{"Amount":98.08,"Currency":"EUR","DisplayAmount":"98,08 €"}}]}},{"ASIN":"B09KPP55YF","DetailPageURL":"https://www.amazon.es/dp/B09KPP55YF?tag=topinalambricos-21&linkCode=osi&th=1&psc=1","Images":{"Primary":{"Small":{"Height":75,"URL":"https://m.media-amazon.com/images/I/41ivSxvNMJL._SL75_.jpg","Width":75}}},"ItemInfo":{"ByLineInfo":{"Brand":{"DisplayValue":"KeYIlowys","Label":"Brand","Locale":"es_ES"}},"Title":{"DisplayValue":"KeYIlowys Nuevas Chaquetas De Cuero para Mujer De Primavera Y OtoñO, Chaquetas Cortas para Mujer, Chaquetas De Cuero Delgadas Y Delgadas, Trajes De Moto para Mujer","Label":"Title","Locale":"es_ES"}},"Offers":{"Summaries":[{"Condition":{"Value":"New"},"LowestPrice":{"Amount":27.75,"Currency":"EUR","DisplayAmount":"27,75 €"}}]}},{"ASIN":"B09MY48BMH","DetailPageURL":"https://www.amazon.es/dp/B09MY48BMH?tag=topinalambricos-21&linkCode=osi&th=1&psc=1","Images":{"Primary":{"Small":{"Height":75,"URL":"https://m.media-amazon.com/images/I/41nugC7m65L._SL75_.jpg","Width":60}}},"ItemInfo":{"ByLineInfo":{"Brand":{"DisplayValue":"DIASHINY","Label":"Brand","Locale":"es_ES"},"Manufacturer":{"DisplayValue":"DIASHINY","Label":"Manufacturer","Locale":"es_ES"}},"Title":{"DisplayValue":"Chaleco de cuero de piel de serpiente de imitación negro DISHINY para mujer, chaleco corto sin mangas con solapa para motocicleta, chaleco ajustado de PU 063 S","Label":"Title","Locale":"es_ES"}},"Offers":{"Summaries":[{"Condition":{"Value":"New"},"LowestPrice":{"Amount":48.99,"Currency":"EUR","DisplayAmount":"48,99 €"}}]}},{"ASIN":"B09HC321HQ","DetailPageURL":"https://www.amazon.es/dp/B09HC321HQ?tag=topinalambricos-21&linkCode=osi&th=1&psc=1","Images":{"Primary":{"Small":{"Height":75,"URL":"https://m.media-amazon.com/images/I/415LqzklCYL._SL75_.jpg","Width":75}}},"ItemInfo":{"ByLineInfo":{"Brand":{"DisplayValue":"CHRYP","Label":"Brand","Locale":"es_ES"},"Manufacturer":{"DisplayValue":"CHRYP","Label":"Manufacturer","Locale":"es_ES"}},"Title":{"DisplayValue":"Otoño Mujeres Faux Soft Cuero Chaquetas Abrigos Lady Remache Cremallera Imprimir Motocicleta Streetwear (Color : Black, Size : XX-Large)","Label":"Title","Locale":"es_ES"}},"Offers":{"Summaries":[{"Condition":{"Value":"New"},"LowestPrice":{"Amount":49.96,"Currency":"EUR","DisplayAmount":"49,96 €"}}]}},{"ASIN":"B078KCWCRN","DetailPageURL":"https://www.amazon.es/dp/B078KCWCRN?tag=topinalambricos-21&linkCode=osi&th=1&psc=1","Images":{"Primary":{"Small":{"Height":75,"URL":"https://m.media-amazon.com/images/I/51SBej41rFL._SL75_.jpg","Width":47}}},"ItemInfo":{"ByLineInfo":{"Brand":{"DisplayValue":"MDM","Label":"Brand","Locale":"es_ES"}},"Title":{"DisplayValue":"MDM Chaleco de piel para mujer Negro XXXL","Label":"Title","Locale":"es_ES"}},"Offers":{"Summaries":[{"Condition":{"Value":"New"},"LowestPrice":{"Amount":79.0,"Currency":"EUR","DisplayAmount":"79,00 €"}}]}},{"ASIN":"B07YX4WTVR","DetailPageURL":"https://www.amazon.es/dp/B07YX4WTVR?tag=topinalambricos-21&linkCode=osi&th=1&psc=1","Images":{"Primary":{"Small":{"Height":75,"URL":"https://m.media-amazon.com/images/I/419UixeUwqL._SL75_.jpg","Width":75}}},"ItemInfo":{"ByLineInfo":{"Brand":{"DisplayValue":"NUSGEAR","Label":"Brand","Locale":"es_ES"}},"Title":{"DisplayValue":"NUSGEAR Chaleco de Mujer Moda Chaqueta sin Mangas Ligero Plegable de Abrigo de Invierno Piel sintética Cazadoras Calentar vpass","Label":"Title","Locale":"es_ES"}},"Offers":{"Summaries":[{"Condition":{"Value":"New"},"LowestPrice":{"Amount":5.98,"Currency":"EUR","DisplayAmount":"5,98 €"}}]}},{"ASIN":"B07L129L48","DetailPageURL":"https://www.amazon.es/dp/B07L129L48?tag=topinalambricos-21&linkCode=osi&th=1&psc=1","Images":{"Primary":{"Small":{"Height":75,"URL":"https://m.media-amazon.com/images/I/419UixeUwqL._SL75_.jpg","Width":75}}},"ItemInfo":{"ByLineInfo":{"Brand":{"DisplayValue":"riou Mujer","Label":"Brand","Locale":"es_ES"}},"Title":{"DisplayValue":"Chaleco Peludo de Moda para Mujer Chaleco de Piel sintética Cuello de pie Abrigo de Piel sintética Chaleco Chaqueta Camisa de Ropa Deportiva riou","Label":"Title","Locale":"es_ES"}},"Offers":{"Summaries":[{"Condition":{"Value":"New"},"LowestPrice":{"Amount":11.99,"Currency":"EUR","DisplayAmount":"11,99 €"}}]}},{"ASIN":"B09B9XR3Y2","DetailPageURL":"https://www.amazon.es/dp/B09B9XR3Y2?tag=topinalambricos-21&linkCode=osi&th=1&psc=1","Images":{"Primary":{"Small":{"Height":75,"URL":"https://m.media-amazon.com/images/I/41+3SbnGIvL._SL75_.jpg","Width":57}}},"ItemInfo":{"ByLineInfo":{"Brand":{"DisplayValue":"JDY","Label":"Brand","Locale":"es_ES"},"Manufacturer":{"DisplayValue":"Bestseller A/S","Label":"Manufacturer","Locale":"es_ES"}},"Title":{"DisplayValue":"JDY Emily Otw Noos-Chaqueta de Piel sintética, Negro, 36 EU para Mujer","Label":"Title","Locale":"es_ES"}},"Offers":{"Summaries":[{"Condition":{"Value":"New"},"LowestPrice":{"Amount":27.49,"Currency":"EUR","DisplayAmount":"27,49 €"}}]}}],"SearchURL":"https://www.amazon.es/s?k=chaleco+piel+cuero&rh=n%3A3074028031%2Cp_n_availability%3A-1&tag=topinalambricos-21&linkCode=osi","TotalResultCount":250}},"76":{"SearchResult":{"Items":[{"ASIN":"B00URY0D4M","DetailPageURL":"https://www.amazon.es/dp/B00URY0D4M?tag=topinalambricos-21&linkCode=osi&th=1&psc=1","Images":{"Primary":{"Small":{"Height":75,"URL":"https://m.media-amazon.com/images/I/41c2PZJwaxL._SL75_.jpg","Width":75}}},"ItemInfo":{"ByLineInfo":{"Brand":{"DisplayValue":"Bikers Gear Australia","Label":"Brand","Locale":"es_ES"},"Manufacturer":{"DisplayValue":"Australian Bikers Gear","Label":"Manufacturer","Locale":"es_ES"}},"Title":{"DisplayValue":"Bikers Gear Sons Of Anarchy - Chaleco de cuero para hombre, Negro, M","Label":"Title","Locale":"es_ES"}},"Offers":{"Summaries":[{"Condition":{"Value":"New"},"LowestPrice":{"Amount":59.99,"Currency":"EUR","DisplayAmount":"59,99 €"}}]}},{"ASIN":"B08L3Q25Z1","DetailPageURL":"https://www.amazon.es/dp/B08L3Q25Z1?tag=topinalambricos-21&linkCode=osi&th=1&psc=1","Images":{"Primary":{"Small":{"Height":75,"URL":"https://m.media-amazon.com/images/I/41YuHB5eG7S._SL75_.jpg","Width":63}}},"ItemInfo":{"ByLineInfo":{"Brand":{"DisplayValue":"BI ESSE","Label":"Brand","Locale":"es_ES"},"Manufacturer":{"DisplayValue":"BI ESSE","Label":"Manufacturer","Locale":"es_ES"}},"Title":{"DisplayValue":"BI ESSE - Chaqueta de piel para moto, estilo vintage, con protección y chaqueta certificada (negro/blanco, M)","Label":"Title","Locale":"es_ES"}},"Offers":{"Summaries":[{"Condition":{"Value":"New"},"LowestPrice":{"Amount":129.99,"Currency":"EUR","DisplayAmount":"129,99 €"}}]}},{"ASIN":"B01ADQVMSE","DetailPageURL":"https://www.amazon.es/dp/B01ADQVMSE?tag=topinalambricos-21&linkCode=osi&th=1&psc=1","Images":{"Primary":{"Small":{"Height":75,"URL":"https://m.media-amazon.com/images/I/413Gk9r4tpL._SL75_.jpg","Width":51}}},"ItemInfo":{"ByLineInfo":{"Brand":{"DisplayValue":"MDM","Label":"Brand","Locale":"es_ES"},"Manufacturer":{"DisplayValue":"MDM","Label":"Manufacturer","Locale":"es_ES"}},"Title":{"DisplayValue":"MDM Chaleco Cuero Biker Negro Hombres (6XL), Negro , 6XL","Label":"Title","Locale":"es_ES"}},"Offers":{"Summaries":[{"Condition":{"Value":"New"},"LowestPrice":{"Amount":99.99,"Currency":"EUR","DisplayAmount":"99,99 €"}}]}},{"ASIN":"B019XT4KAY","DetailPageURL":"https://www.amazon.es/dp/B019XT4KAY?tag=topinalambricos-21&linkCode=osi&th=1&psc=1","Images":{"Primary":{"Small":{"Height":75,"URL":"https://m.media-amazon.com/images/I/414G51obbUL._SL75_.jpg","Width":44}}},"ItemInfo":{"ByLineInfo":{"Brand":{"DisplayValue":"MDM","Label":"Brand","Locale":"es_ES"}},"Title":{"DisplayValue":"Chaqueta de piel para hombre, chaleco para ocio, chaqueta, chaqueta de caza, de pesca, chaleco para moto chopper, chaqueta rockera, chaqueta de moto. negro Negro XXXXXL","Label":"Title","Locale":"es_ES"}},"Offers":{"Summaries":[{"Condition":{"Value":"New"},"LowestPrice":{"Amount":105.0,"Currency":"EUR","DisplayAmount":"105,00 €"}}]}},{"ASIN":"B08YKHTP3S","DetailPageURL":"https://www.amazon.es/dp/B08YKHTP3S?tag=topinalambricos-21&linkCode=osi&th=1&psc=1","Images":{"Primary":{"Small":{"Height":75,"URL":"https://m.media-amazon.com/images/I/41HWC7s4CvS._SL75_.jpg","Width":67}}},"ItemInfo":{"ByLineInfo":{"Brand":{"DisplayValue":"BI ESSE","Label":"Brand","Locale":"es_ES"}},"Title":{"DisplayValue":"BI ESSE - Chaqueta de piel para moto Racing/Touring, estilo vintage, desenfundable, chaleco térmico extraíble, con protecciones Negro XXXL","Label":"Title","Locale":"es_ES"}},"Offers":{"Summaries":[{"Condition":{"Value":"New"},"LowestPrice":{"Amount":119.99,"Currency":"EUR","DisplayAmount":"119,99 €"}}]}},{"ASIN":"B01MSQRQOW","DetailPageURL":"https://www.amazon.es/dp/B01MSQRQOW?tag=topinalambricos-21&linkCode=osi&th=1&psc=1","Images":{"Primary":{"Small":{"Height":56,"URL":"https://m.media-amazon.com/images/I/31qci1FBxDL._SL75_.jpg","Width":75}}},"ItemInfo":{"ByLineInfo":{"Brand":{"DisplayValue":"Bores","Label":"Brand","Locale":"es_ES"},"Manufacturer":{"DisplayValue":"Motopoint","Label":"Manufacturer","Locale":"es_ES"}},"Title":{"DisplayValue":"Bores Sunride 5 - Chaleco de cuero con ajuste lateral (talla L), color negro","Label":"Title","Locale":"es_ES"}},"Offers":{"Summaries":[{"Condition":{"Value":"New"},"LowestPrice":{"Amount":149.39,"Currency":"EUR","DisplayAmount":"149,39 €"}}]}},{"ASIN":"B00VEFH6UC","DetailPageURL":"https://www.amazon.es/dp/B00VEFH6UC?tag=topinalambricos-21&linkCode=osi&th=1&psc=1","Images":{"Primary":{"Small":{"Height":75,"URL":"https://m.media-amazon.com/images/I/413Gk9r4tpL._SL75_.jpg","Width":51}}},"ItemInfo":{"ByLineInfo":{"Brand":{"DisplayValue":"MDM","Label":"Brand","Locale":"es_ES"},"Manufacturer":{"DisplayValue":"MDM","Label":"Manufacturer","Locale":"es_ES"}},"Title":{"DisplayValue":"MDM Chaleco de cuero para hombre, chaleco de motero, chaqueta de cuero, cuero de vacuno, chaleco de club, Negro , 5X-Large","Label":"Title","Locale":"es_ES"}},"Offers":{"Summaries":[{"Condition":{"Value":"New"},"LowestPrice":{"Amount":94.9,"Currency":"EUR","DisplayAmount":"94,90 €"}}]}},{"ASIN":"B09HQW16R7","DetailPageURL":"https://www.amazon.es/dp/B09HQW16R7?tag=topinalambricos-21&linkCode=osi&th=1&psc=1","Images":{"Primary":{"Small":{"Height":75,"URL":"https://m.media-amazon.com/images/I/41g058veckL._SL75_.jpg","Width":75}}},"ItemInfo":{"ByLineInfo":{"Brand":{"DisplayValue":"OZONE MOTO","Label":"Brand","Locale":"es_ES"},"Manufacturer":{"DisplayValue":"POWERBIKE S.A.","Label":"Manufacturer","Locale":"es_ES"}},"Title":{"DisplayValue":"Ozone Sparrow II Chaqueta de moto de Piel para Hombres protector de hombro y codo ventilación 5 bolsillos chaleco térmico desmontable","Label":"Title","Locale":"es_ES"}},"Offers":{"Summaries":[{"Condition":{"Value":"New"},"LowestPrice":{"Amount":229.0,"Currency":"EUR","DisplayAmount":"229,00 €"}}]}},{"ASIN":"B08WJG8JBS","DetailPageURL":"https://www.amazon.es/dp/B08WJG8JBS?tag=topinalambricos-21&linkCode=osi&th=1&psc=1","Images":{"Primary":{"Small":{"Height":75,"URL":"https://m.media-amazon.com/images/I/41XBMN1y77L._SL75_.jpg","Width":75}}},"ItemInfo":{"ByLineInfo":{"Brand":{"DisplayValue":"REBELHORN","Label":"Brand","Locale":"es_ES"},"Manufacturer":{"DisplayValue":"POWERBIKE S.A.","Label":"Manufacturer","Locale":"es_ES"}},"Title":{"DisplayValue":"REBELHORN Fighter Chaqueta de Moto de cuero Protectores de codos y hombros Chaleco Softshell impermeable y resistente al viento Elementos reflectantes ventilación 4 bolsillos","Label":"Title","Locale":"es_ES"}},"Offers":{"Summaries":[{"Condition":{"Value":"New"},"LowestPrice":{"Amount":329.0,"Currency":"EUR","DisplayAmount":"329,00 €"}}]}},{"ASIN":"B01C33LP82","DetailPageURL":"https://www.amazon.es/dp/B01C33LP82?tag=topinalambricos-21&linkCode=osi&th=1&psc=1","Images":{"Primary":{"Small":{"Height":75,"URL":"https://m.media-amazon.com/images/I/417qlvCiYML._SL75_.jpg","Width":67}}},"ItemInfo":{"ByLineInfo":{"Brand":{"DisplayValue":"Bikers Gear Australia","Label":"Brand","Locale":"es_ES"},"Manufacturer":{"DisplayValue":"Australian Bikers Gear","Label":"Manufacturer","Locale":"es_ES"}},"Title":{"DisplayValue":"Marrón clásico Encerada y engrasado Cuero Vacuno Motociclismo emperrada blindado por Ciclistas Gear UK Marrón marrón Talla:L","Label":"Title","Locale":"es_ES"}},"Offers":{"Summaries":[{"Condition":{"Value":"New"},"LowestPrice":{"Amount":135.99,"Currency":"EUR","DisplayAmount":"135,99 €"}},{"Condition":{"Value":"Used"},"LowestPrice":{"Amount":104.0,"Currency":"EUR","DisplayAmount":"104,00 €"}}]}}],"SearchURL":"https://www.amazon.es/s?k=chaleco+cuero&rh=n%3A2425315031%2Cp_n_availability%3A-1&tag=topinalambricos-21&linkCode=osi","TotalResultCount":820}},"78":{"SearchResult":{"Items":[{"ASIN":"B0769MYKNH","DetailPageURL":"https://www.amazon.es/dp/B0769MYKNH?tag=topinalambricos-21&linkCode=osi&th=1&psc=1","Images":{"Primary":{"Small":{"Height":75,"URL":"https://m.media-amazon.com/images/I/31vQO+faWRL._SL75_.jpg","Width":56}}},"ItemInfo":{"ByLineInfo":{"Brand":{"DisplayValue":"Only","Label":"Brand","Locale":"es_ES"},"Manufacturer":{"DisplayValue":"ONLY","Label":"Manufacturer","Locale":"es_ES"}},"Title":{"DisplayValue":"Only ONLGEMMA Faux Leather Biker OTW Noos Chaqueta, Negro (Black Black), 38 para Mujer","Label":"Title","Locale":"es_ES"}},"Offers":{"Summaries":[{"Condition":{"Value":"New"},"LowestPrice":{"Amount":36.88,"Currency":"EUR","DisplayAmount":"36,88 €"}},{"Condition":{"Value":"Used"},"LowestPrice":{"Amount":27.83,"Currency":"EUR","DisplayAmount":"27,83 €"}}]}},{"ASIN":"B09DT1L185","DetailPageURL":"https://www.amazon.es/dp/B09DT1L185?tag=topinalambricos-21&linkCode=osi&th=1&psc=1","Images":{"Primary":{"Small":{"Height":75,"URL":"https://m.media-amazon.com/images/I/31svO7gjs6L._SL75_.jpg","Width":56}}},"ItemInfo":{"ByLineInfo":{"Brand":{"DisplayValue":"JJXX","Label":"Brand","Locale":"es_ES"},"Manufacturer":{"DisplayValue":"Bestseller A/S","Label":"Manufacturer","Locale":"es_ES"}},"Title":{"DisplayValue":"JJXX Jxgail Faux Leather Biker Jacket Noos Chaqueta de Cuero sinttico, Negro, M para Mujer","Label":"Title","Locale":"es_ES"}},"Offers":{"Summaries":[{"Condition":{"Value":"New"},"LowestPrice":{"Amount":47.9,"Currency":"EUR","DisplayAmount":"47,90 €"}}]}},{"ASIN":"B00DVI6UZW","DetailPageURL":"https://www.amazon.es/dp/B00DVI6UZW?tag=topinalambricos-21&linkCode=osi&th=1&psc=1","Images":{"Primary":{"Small":{"Height":75,"URL":"https://m.media-amazon.com/images/I/31PT+1TO+wL._SL75_.jpg","Width":75}}},"ItemInfo":{"ByLineInfo":{"Brand":{"DisplayValue":"Only","Label":"Brand","Locale":"es_ES"},"Contributors":[{"Locale":"es_ES","Name":"Only","Role":"Diseñador","RoleType":"designer"}],"Manufacturer":{"DisplayValue":"ONLY","Label":"Manufacturer","Locale":"es_ES"}},"Title":{"DisplayValue":"Only Bandit PU Biker Chaqueta, Negro (Black C N 010), 36 (S) para Mujer","Label":"Title","Locale":"es_ES"}},"Offers":{"Summaries":[{"Condition":{"Value":"New"},"LowestPrice":{"Amount":34.99,"Currency":"EUR","DisplayAmount":"34,99 €"}}]}},{"ASIN":"B07HM6J3X5","DetailPageURL":"https://www.amazon.es/dp/B07HM6J3X5?tag=topinalambricos-21&linkCode=osi&th=1&psc=1","Images":{"Primary":{"Small":{"Height":75,"URL":"https://m.media-amazon.com/images/I/41vtbeN-eaL._SL75_.jpg","Width":54}}},"ItemInfo":{"ByLineInfo":{"Brand":{"DisplayValue":"malito more than fashion","Label":"Brand","Locale":"es_ES"}},"Title":{"DisplayValue":"Malito Mujer Chaqueta Cuero Sintético Biker Chaqueta Saco Blazer 5179 (Rojo, L)","Label":"Title","Locale":"es_ES"}},"Offers":{"Summaries":[{"Condition":{"Value":"New"},"LowestPrice":{"Amount":49.95,"Currency":"EUR","DisplayAmount":"49,95 €"}}]}},{"ASIN":"B01MTITZAB","DetailPageURL":"https://www.amazon.es/dp/B01MTITZAB?tag=topinalambricos-21&linkCode=osi&th=1&psc=1","Images":{"Primary":{"Small":{"Height":75,"URL":"https://m.media-amazon.com/images/I/51KW5tUm6kL._SL75_.jpg","Width":56}}},"ItemInfo":{"ByLineInfo":{"Brand":{"DisplayValue":"Aviatrix","Label":"Brand","Locale":"es_ES"}},"Title":{"DisplayValue":"Aviatrix Chaqueta Biker Corta De Cuero Autentico para Mujer con Cremallera Asimetrica (K014)","Label":"Title","Locale":"es_ES"}},"Offers":{"Summaries":[{"Condition":{"Value":"New"},"LowestPrice":{"Amount":99.99,"Currency":"EUR","DisplayAmount":"99,99 €"}}]}},{"ASIN":"B07L8LBFVB","DetailPageURL":"https://www.amazon.es/dp/B07L8LBFVB?tag=topinalambricos-21&linkCode=osi&th=1&psc=1","Images":{"Primary":{"Small":{"Height":75,"URL":"https://m.media-amazon.com/images/I/41jo6ti3fQL._SL75_.jpg","Width":57}}},"ItemInfo":{"ByLineInfo":{"Brand":{"DisplayValue":"Vero Moda","Label":"Brand","Locale":"es_ES"},"Manufacturer":{"DisplayValue":"Vero Moda NOS","Label":"Manufacturer","Locale":"es_ES"}},"Title":{"DisplayValue":"Vero Moda Vmria FAV Short Faux Leather Jacket Noos Chaqueta, Negro (Black Black), 40 (Talla del Fabricante: Medium) para Mujer","Label":"Title","Locale":"es_ES"}},"Offers":{"Summaries":[{"Condition":{"Value":"New"},"LowestPrice":{"Amount":35.9,"Currency":"EUR","DisplayAmount":"35,90 €"}}]}},{"ASIN":"B07RDQ4KPF","DetailPageURL":"https://www.amazon.es/dp/B07RDQ4KPF?tag=topinalambricos-21&linkCode=osi&th=1&psc=1","Images":{"Primary":{"Small":{"Height":75,"URL":"https://m.media-amazon.com/images/I/41IWBGa5fIL._SL75_.jpg","Width":57}}},"ItemInfo":{"ByLineInfo":{"Brand":{"DisplayValue":"ONLY CARMAKOMA","Label":"Brand","Locale":"es_ES"},"Manufacturer":{"DisplayValue":"ONLY Carmakoma NOS","Label":"Manufacturer","Locale":"es_ES"}},"Title":{"DisplayValue":"ONLY CARMAKOMA Caremmy Faux Leather Biker Noos Chaqueta, Negro (Black), 42 para Mujer","Label":"Title","Locale":"es_ES"}},"Offers":{"Summaries":[{"Condition":{"Value":"New"},"LowestPrice":{"Amount":45.21,"Currency":"EUR","DisplayAmount":"45,21 €"}}]}},{"ASIN":"B07Y3MSGLS","DetailPageURL":"https://www.amazon.es/dp/B07Y3MSGLS?tag=topinalambricos-21&linkCode=osi&th=1&psc=1","Images":{"Primary":{"Small":{"Height":75,"URL":"https://m.media-amazon.com/images/I/41u+ci5hO9L._SL75_.jpg","Width":75}}},"ItemInfo":{"ByLineInfo":{"Brand":{"DisplayValue":"riou","Label":"Brand","Locale":"es_ES"}},"Title":{"DisplayValue":"riou Mujeres Chaqueta de Motor Abrigo Cremallera Biker Short Punk Tops Cortos Chaqueta Cuero Capa Jacket Parka Pullover Adolescentes Chicas Outwear Cortas","Label":"Title","Locale":"es_ES"}},"Offers":{"Summaries":[{"Condition":{"Value":"New"},"LowestPrice":{"Amount":17.14,"Currency":"EUR","DisplayAmount":"17,14 €"}}]}},{"ASIN":"B074597NYR","DetailPageURL":"https://www.amazon.es/dp/B074597NYR?tag=topinalambricos-21&linkCode=osi&th=1&psc=1","Images":{"Primary":{"Small":{"Height":75,"URL":"https://m.media-amazon.com/images/I/41qIr9iWZgL._SL75_.jpg","Width":57}}},"ItemInfo":{"ByLineInfo":{"Brand":{"DisplayValue":"BELLIVERA","Label":"Brand","Locale":"es_ES"},"Manufacturer":{"DisplayValue":"Bellivera","Label":"Manufacturer","Locale":"es_ES"}},"Title":{"DisplayValue":"BELLIVERA Chaqueta Corta Cuero Sintética para Mujer Otoño Moto Biker Abrigo Informal 53 Negro L","Label":"Title","Locale":"es_ES"}},"Offers":{"Summaries":[{"Condition":{"Value":"New"},"LowestPrice":{"Amount":54.99,"Currency":"EUR","DisplayAmount":"54,99 €"}}]}},{"ASIN":"B01MDNUHNF","DetailPageURL":"https://www.amazon.es/dp/B01MDNUHNF?tag=topinalambricos-21&linkCode=osi&th=1&psc=1","Images":{"Primary":{"Small":{"Height":75,"URL":"https://m.media-amazon.com/images/I/41-0DvSgd6L._SL75_.jpg","Width":57}}},"ItemInfo":{"ByLineInfo":{"Brand":{"DisplayValue":"Freaky Nation","Label":"Brand","Locale":"es_ES"},"Manufacturer":{"DisplayValue":"Freaky Nation","Label":"Manufacturer","Locale":"es_ES"}},"Title":{"DisplayValue":"Freaky Nation Biker Princess Chaqueta, Rojo (Apple 4068), M para Mujer","Label":"Title","Locale":"es_ES"}},"Offers":{"Summaries":[{"Condition":{"Value":"New"},"LowestPrice":{"Amount":143.2,"Currency":"EUR","DisplayAmount":"143,20 €"}}]}}],"SearchURL":"https://www.amazon.es/s?k=chaqueta+cuero+biker&rh=n%3A3074066031%2Cp_n_availability%3A-1&tag=topinalambricos-21&linkCode=osi","TotalResultCount":1000}},"79":{"SearchResult":{"Items":[{"ASIN":"B07RDYLBZM","DetailPageURL":"https://www.amazon.es/dp/B07RDYLBZM?tag=topinalambricos-21&linkCode=osi&th=1&psc=1","Images":{"Primary":{"Small":{"Height":75,"URL":"https://m.media-amazon.com/images/I/41WrEciEcFL._SL75_.jpg","Width":51}}},"ItemInfo":{"ByLineInfo":{"Brand":{"DisplayValue":"Redbridge","Label":"Brand","Locale":"es_ES"}},"Title":{"DisplayValue":"Red Bridge Chaqueta Guateada Manga Larga para Hombre Cuero sintético Negro, M","Label":"Title","Locale":"es_ES"}},"Offers":{"Summaries":[{"Condition":{"Value":"New"},"LowestPrice":{"Amount":69.9,"Currency":"EUR","DisplayAmount":"69,90 €"}}]}},{"ASIN":"B07JZXLYZB","DetailPageURL":"https://www.amazon.es/dp/B07JZXLYZB?tag=topinalambricos-21&linkCode=osi&th=1&psc=1","Images":{"Primary":{"Small":{"Height":75,"URL":"https://m.media-amazon.com/images/I/41nDglY76rL._SL75_.jpg","Width":57}}},"ItemInfo":{"ByLineInfo":{"Brand":{"DisplayValue":"Jack & Jones","Label":"Brand","Locale":"es_ES"},"Manufacturer":{"DisplayValue":"JACK & JONES","Label":"Manufacturer","Locale":"es_ES"}},"Title":{"DisplayValue":"Jack & Jones Jjerocky Jacket Noos Chaqueta, Negro, M para Hombre","Label":"Title","Locale":"es_ES"}},"Offers":{"Summaries":[{"Condition":{"Value":"New"},"LowestPrice":{"Amount":34.79,"Currency":"EUR","DisplayAmount":"34,79 €"}}]}},{"ASIN":"B08CXSZ8VQ","DetailPageURL":"https://www.amazon.es/dp/B08CXSZ8VQ?tag=topinalambricos-21&linkCode=osi&th=1&psc=1","Images":{"Primary":{"Small":{"Height":75,"URL":"https://m.media-amazon.com/images/I/41dBXb2AxUL._SL75_.jpg","Width":75}}},"ItemInfo":{"ByLineInfo":{"Brand":{"DisplayValue":"LYHY","Label":"Brand","Locale":"es_ES"},"Manufacturer":{"DisplayValue":"LYHY","Label":"Manufacturer","Locale":"es_ES"}},"Title":{"DisplayValue":"Chaqueta Cuero De Hombres,Chaqueta De Moto Retro Informal Con Cuello De Pie Delgado, Invierno Hombres Biker Pocket Design Pu Piloto Chaquetas Abrigo De Piel Sintética, Para Andar En Motocicleta, Fi","Label":"Title","Locale":"es_ES"}},"Offers":{"Summaries":[{"Condition":{"Value":"New"},"LowestPrice":{"Amount":28.0,"Currency":"EUR","DisplayAmount":"28,00 €"}}]}},{"ASIN":"B07G4RY53C","DetailPageURL":"https://www.amazon.es/dp/B07G4RY53C?tag=topinalambricos-21&linkCode=osi&th=1&psc=1","Images":{"Primary":{"Small":{"Height":75,"URL":"https://m.media-amazon.com/images/I/414cwoFkFJL._SL75_.jpg","Width":57}}},"ItemInfo":{"ByLineInfo":{"Brand":{"DisplayValue":"Only & Sons","Label":"Brand","Locale":"es_ES"},"Manufacturer":{"DisplayValue":"ONLY & SONS","Label":"Manufacturer","Locale":"es_ES"}},"Title":{"DisplayValue":"Only & Sons Onsal PU Noos Otw Chaqueta, Negro (Black), Medium para Hombre","Label":"Title","Locale":"es_ES"}},"Offers":{"Summaries":[{"Condition":{"Value":"New"},"LowestPrice":{"Amount":40.99,"Currency":"EUR","DisplayAmount":"40,99 €"}}]}},{"ASIN":"B09LVLZW4H","DetailPageURL":"https://www.amazon.es/dp/B09LVLZW4H?tag=topinalambricos-21&linkCode=osi&th=1&psc=1","Images":{"Primary":{"Small":{"Height":75,"URL":"https://m.media-amazon.com/images/I/41gbxIMv3EL._SL75_.jpg","Width":75}}},"ItemInfo":{"ByLineInfo":{"Brand":{"DisplayValue":"NUSGEAR","Label":"Brand","Locale":"es_ES"}},"Title":{"DisplayValue":"Hombres Chaqueta de Cuero,Otoño Invierno Espesar Cuero de la Chaqueta de béisbol Largo Cuello alto Abrigo de Pieles Coincidencia de colores Chaqueta Impermeable a Prueba de Viento Ropa de moto PU","Label":"Title","Locale":"es_ES"}},"Offers":{"Summaries":[{"Condition":{"Value":"New"},"LowestPrice":{"Amount":77.99,"Currency":"EUR","DisplayAmount":"77,99 €"}}]}},{"ASIN":"B0BLW3491R","DetailPageURL":"https://www.amazon.es/dp/B0BLW3491R?tag=topinalambricos-21&linkCode=osi&th=1&psc=1","Images":{"Primary":{"Small":{"Height":75,"URL":"https://m.media-amazon.com/images/I/41OJq3QUdKL._SL75_.jpg","Width":75}}},"ItemInfo":{"ByLineInfo":{"Brand":{"DisplayValue":"NUSGEAR","Label":"Brand","Locale":"es_ES"}},"Title":{"DisplayValue":"NUSGEAR 2022 Chaqueta de Cuero Hombres Otoño Invierno Chaqueta de Cuero béisbol Colores Mezclados PU Abrigo Moda Patchwork Chaqueta bombardero Impermeable a Prueba de Viento Ropa de moto","Label":"Title","Locale":"es_ES"}},"Offers":{"Summaries":[{"Condition":{"Value":"New"},"LowestPrice":{"Amount":35.98,"Currency":"EUR","DisplayAmount":"35,98 €"}}]}},{"ASIN":"B09M9MF284","DetailPageURL":"https://www.amazon.es/dp/B09M9MF284?tag=topinalambricos-21&linkCode=osi&th=1&psc=1","Images":{"Primary":{"Small":{"Height":75,"URL":"https://m.media-amazon.com/images/I/51fhiQCqwEL._SL75_.jpg","Width":75}}},"ItemInfo":{"ByLineInfo":{"Brand":{"DisplayValue":"NUSGEAR","Label":"Brand","Locale":"es_ES"}},"Title":{"DisplayValue":"NUSGEAR 2022 Hombres Chaqueta de Cuero,Invierno Espesar Cuero de la Piel Chaqueta de béisbol Forro de lana Abrigo de solapa Impermeable a Prueba de Viento Ropa de moto Talla grande PU cremallera","Label":"Title","Locale":"es_ES"}},"Offers":{"Summaries":[{"Condition":{"Value":"New"},"LowestPrice":{"Amount":30.99,"Currency":"EUR","DisplayAmount":"30,99 €"}}]}},{"ASIN":"B09LVK5MZP","DetailPageURL":"https://www.amazon.es/dp/B09LVK5MZP?tag=topinalambricos-21&linkCode=osi&th=1&psc=1","Images":{"Primary":{"Small":{"Height":75,"URL":"https://m.media-amazon.com/images/I/41BFZl86KZL._SL75_.jpg","Width":75}}},"ItemInfo":{"ByLineInfo":{"Brand":{"DisplayValue":"NUSGEAR","Label":"Brand","Locale":"es_ES"}},"Title":{"DisplayValue":"Hombres Chaqueta de Cuero,Otoño Invierno Espesar Cuero de la Chaqueta de béisbol Cuello alto Largo Abrigo de Pieles Coincidencia de colores Chaqueta Impermeable a Prueba de Viento Ropa de moto PU","Label":"Title","Locale":"es_ES"}},"Offers":{"Summaries":[{"Condition":{"Value":"New"},"LowestPrice":{"Amount":78.99,"Currency":"EUR","DisplayAmount":"78,99 €"}}]}},{"ASIN":"B07DXRV17H","DetailPageURL":"https://www.amazon.es/dp/B07DXRV17H?tag=topinalambricos-21&linkCode=osi&th=1&psc=1","Images":{"Primary":{"Small":{"Height":75,"URL":"https://m.media-amazon.com/images/I/41Sc0lG6S6L._SL75_.jpg","Width":56}}},"ItemInfo":{"ByLineInfo":{"Brand":{"DisplayValue":"Redbridge","Label":"Brand","Locale":"es_ES"}},"Title":{"DisplayValue":"Redbridge Chaqueta de Hombres Cuero Sintético Moda Casual Negro L","Label":"Title","Locale":"es_ES"}},"Offers":{"Summaries":[{"Condition":{"Value":"New"},"LowestPrice":{"Amount":69.9,"Currency":"EUR","DisplayAmount":"69,90 €"}}]}},{"ASIN":"B00Z7W6OG0","DetailPageURL":"https://www.amazon.es/dp/B00Z7W6OG0?tag=topinalambricos-21&linkCode=osi&th=1&psc=1","Images":{"Primary":{"Small":{"Height":75,"URL":"https://m.media-amazon.com/images/I/41oCURgTvFL._SL75_.jpg","Width":59}}},"ItemInfo":{"ByLineInfo":{"Brand":{"DisplayValue":"Redbridge","Label":"Brand","Locale":"es_ES"},"Manufacturer":{"DisplayValue":"Red Bridge","Label":"Manufacturer","Locale":"es_ES"}},"Title":{"DisplayValue":"Redbridge Chaqueta de cuero sintético para hombre Cazadora de transición acanalada Negro XL","Label":"Title","Locale":"es_ES"}},"Offers":{"Summaries":[{"Condition":{"Value":"New"},"LowestPrice":{"Amount":79.9,"Currency":"EUR","DisplayAmount":"79,90 €"}}]}}],"SearchURL":"https://www.amazon.es/s?k=abrigo+cuero&rh=n%3A3074043031%2Cp_n_availability%3A-1&tag=topinalambricos-21&linkCode=osi","TotalResultCount":1000}},"80":{"SearchResult":{"Items":[{"ASIN":"B00JVQ0IJ2","DetailPageURL":"https://www.amazon.es/dp/B00JVQ0IJ2?tag=topinalambricos-21&linkCode=osi&th=1&psc=1","Images":{"Primary":{"Small":{"Height":75,"URL":"https://m.media-amazon.com/images/I/31WIwh8i+5L._SL75_.jpg","Width":36}}},"ItemInfo":{"ByLineInfo":{"Brand":{"DisplayValue":"dunaro","Label":"Brand","Locale":"es_ES"}},"Title":{"DisplayValue":"Calcetines altos con aspecto Wetlook Negro negro","Label":"Title","Locale":"es_ES"}},"Offers":{"Summaries":[{"Condition":{"Value":"New"},"LowestPrice":{"Amount":20.29,"Currency":"EUR","DisplayAmount":"20,29 €"}}]}},{"ASIN":"B07L6M39SB","DetailPageURL":"https://www.amazon.es/dp/B07L6M39SB?tag=topinalambricos-21&linkCode=osi&th=1&psc=1","Images":{"Primary":{"Small":{"Height":75,"URL":"https://m.media-amazon.com/images/I/41S-yBATvZL._SL75_.jpg","Width":56}}},"ItemInfo":{"ByLineInfo":{"Brand":{"DisplayValue":"Tofox","Label":"Brand","Locale":"es_ES"}},"Title":{"DisplayValue":"Tofox Clubwear Sexy Underwear Bodysuit Lenceria Sexy Body Para Mujer Halter Backless Mini Bodycon Vestido Vestidos Sexys De Noche","Label":"Title","Locale":"es_ES"}},"Offers":{"Summaries":[{"Condition":{"Value":"New"},"LowestPrice":{"Amount":20.99,"Currency":"EUR","DisplayAmount":"20,99 €"}}]}},{"ASIN":"B0BRXLMNBN","DetailPageURL":"https://www.amazon.es/dp/B0BRXLMNBN?tag=topinalambricos-21&linkCode=osi&th=1&psc=1","Images":{"Primary":{"Small":{"Height":75,"URL":"https://m.media-amazon.com/images/I/41bpTpkykcL._SL75_.jpg","Width":75}}},"ItemInfo":{"ByLineInfo":{"Brand":{"DisplayValue":"RYTEJFES","Label":"Brand","Locale":"es_ES"},"Manufacturer":{"DisplayValue":"latex dessous frauen sexy","Label":"Manufacturer","Locale":"es_ES"}},"Title":{"DisplayValue":"RYTEJFES Lencería sexy para mujer blanco sexy body mujer 58 ropa sexy mujer para mujer XXL exterior con correa juguetona cuero blanco látex lencería sexy traje lencería lencería mujer, Negro , M","Label":"Title","Locale":"es_ES"}},"Offers":{"Summaries":[{"Condition":{"Value":"New"},"LowestPrice":{"Amount":1.67,"Currency":"EUR","DisplayAmount":"1,67 €"}}]}},{"ASIN":"B0BPJGVJ83","DetailPageURL":"https://www.amazon.es/dp/B0BPJGVJ83?tag=topinalambricos-21&linkCode=osi&th=1&psc=1","Images":{"Primary":{"Small":{"Height":75,"URL":"https://m.media-amazon.com/images/I/41JwuSnv9ZL._SL75_.jpg","Width":75}}},"ItemInfo":{"ByLineInfo":{"Brand":{"DisplayValue":"Sunnyuk","Label":"Brand","Locale":"es_ES"},"Manufacturer":{"DisplayValue":"Lenceria De Encaje Body Encaje Sexy Conjunto De Ropa Interior","Label":"Manufacturer","Locale":"es_ES"}},"Title":{"DisplayValue":"Lenceria De Encaje Body Sexy Babydoll Ropa Conjunto De Ropa Interior Lenceria Sexy Mujer Bordado Sin Mangas Lingerie Ropa Interior Transparente Halter Triangular Y Tanga Sexy Dessous Set","Label":"Title","Locale":"es_ES"}},"Offers":{"Summaries":[{"Condition":{"Value":"New"},"LowestPrice":{"Amount":5.94,"Currency":"EUR","DisplayAmount":"5,94 €"}}]}},{"ASIN":"B09D7JJ3GC","DetailPageURL":"https://www.amazon.es/dp/B09D7JJ3GC?tag=topinalambricos-21&linkCode=osi&th=1&psc=1","Images":{"Primary":{"Small":{"Height":75,"URL":"https://m.media-amazon.com/images/I/31QxV9kz59L._SL75_.jpg","Width":75}}},"ItemInfo":{"ByLineInfo":{"Brand":{"DisplayValue":"IEFIEL","Label":"Brand","Locale":"es_ES"}},"Title":{"DisplayValue":"IEFIEL Sexy Body Cuero de Lencería Mujer Body Weetllok Cuello V de Noche Picardias Atractivos Mujer Talla Grande Mono Charol de Tirantes Catsuit Latex Negro M","Label":"Title","Locale":"es_ES"}},"Offers":{"Summaries":[{"Condition":{"Value":"New"},"LowestPrice":{"Amount":16.89,"Currency":"EUR","DisplayAmount":"16,89 €"}}]}},{"ASIN":"B0BTZ515N1","DetailPageURL":"https://www.amazon.es/dp/B0BTZ515N1?tag=topinalambricos-21&linkCode=osi&th=1&psc=1","Images":{"Primary":{"Small":{"Height":75,"URL":"https://m.media-amazon.com/images/I/41N7L5S5etL._SL75_.jpg","Width":75}}},"ItemInfo":{"ByLineInfo":{"Brand":{"DisplayValue":"Zilosconcy","Label":"Brand","Locale":"es_ES"}},"Title":{"DisplayValue":"Zilosconcy Sujetador Deportivo para Mujer Seamless Sports Bra Sujetador Deportivo Mujer Lencería Sexy Ropa Interior con Almohadilla Soporte Fuerte Sujetador Activo Sujetador Deportivo Casual Cómodo","Label":"Title","Locale":"es_ES"}},"Offers":{"Summaries":[{"Condition":{"Value":"New"},"LowestPrice":{"Amount":13.95,"Currency":"EUR","DisplayAmount":"13,95 €"}}]}},{"ASIN":"B0BD7MBT1V","DetailPageURL":"https://www.amazon.es/dp/B0BD7MBT1V?tag=topinalambricos-21&linkCode=osi&th=1&psc=1","Images":{"Primary":{"Small":{"Height":75,"URL":"https://m.media-amazon.com/images/I/31tQdXLF3AL._SL75_.jpg","Width":56}}},"ItemInfo":{"ByLineInfo":{"Brand":{"DisplayValue":"MSemis","Label":"Brand","Locale":"es_ES"}},"Title":{"DisplayValue":"MSemis Body Cuero Mujer Sexy Picardías Tallas Grandes Monos Cuero Pecho Abierto Bodycon Elástico Manga Larga Babydoll Catsuit Latex Mujer Lencería Erótica Rojo A XL","Label":"Title","Locale":"es_ES"}},"Offers":{"Summaries":[{"Condition":{"Value":"New"},"LowestPrice":{"Amount":24.89,"Currency":"EUR","DisplayAmount":"24,89 €"}}]}},{"ASIN":"B0B7WDWZDF","DetailPageURL":"https://www.amazon.es/dp/B0B7WDWZDF?tag=topinalambricos-21&linkCode=osi&th=1&psc=1","Images":{"Primary":{"Small":{"Height":75,"URL":"https://m.media-amazon.com/images/I/419zGHEv-OL._SL75_.jpg","Width":75}}},"ItemInfo":{"ByLineInfo":{"Brand":{"DisplayValue":"ROSVAY","Label":"Brand","Locale":"es_ES"},"Manufacturer":{"DisplayValue":"ROSVAY","Label":"Manufacturer","Locale":"es_ES"}},"Title":{"DisplayValue":"ROSVAY Lencería Sexy Rejilla Mujer Mini Vestido de Malla Transparente Ropa Dormir Cuello en V sin Mangas Hueco Espalda,Lencería Club Negro Blanco Rojo Talla Unica (Negro)","Label":"Title","Locale":"es_ES"}},"Offers":{"Summaries":[{"Condition":{"Value":"New"},"LowestPrice":{"Amount":8.59,"Currency":"EUR","DisplayAmount":"8,59 €"}}]}},{"ASIN":"B09YMK9CH9","DetailPageURL":"https://www.amazon.es/dp/B09YMK9CH9?tag=topinalambricos-21&linkCode=osi&th=1&psc=1","Images":{"Primary":{"Small":{"Height":75,"URL":"https://m.media-amazon.com/images/I/41ySAw4N7fL._SL75_.jpg","Width":75}}},"ItemInfo":{"ByLineInfo":{"Brand":{"DisplayValue":"LIPIODOL","Label":"Brand","Locale":"es_ES"},"Manufacturer":{"DisplayValue":"LIPIODOL","Label":"Manufacturer","Locale":"es_ES"}},"Title":{"DisplayValue":"LIPIODOL Catsuit Vestido de Látex para Mujer Leather sin mangas con cremallera ajustada Charol Traje de Baño de Una Pieza","Label":"Title","Locale":"es_ES"}},"Offers":{"Summaries":[{"Condition":{"Value":"New"},"LowestPrice":{"Amount":21.99,"Currency":"EUR","DisplayAmount":"21,99 €"}}]}},{"ASIN":"B08TLMNNB9","DetailPageURL":"https://www.amazon.es/dp/B08TLMNNB9?tag=topinalambricos-21&linkCode=osi&th=1&psc=1","Images":{"Primary":{"Small":{"Height":75,"URL":"https://m.media-amazon.com/images/I/41laNRJuohL._SL75_.jpg","Width":75}}},"ItemInfo":{"ByLineInfo":{"Brand":{"DisplayValue":"TiaoBug","Label":"Brand","Locale":"es_ES"}},"Title":{"DisplayValue":"TiaoBug Calcetines Largas Altas Ajustados de Cuero Imitación Negro Sexy Medias de Liga Erótica Mujer Rojo Talla única","Label":"Title","Locale":"es_ES"}},"Offers":{"Summaries":[{"Condition":{"Value":"New"},"LowestPrice":{"Amount":11.99,"Currency":"EUR","DisplayAmount":"11,99 €"}}]}}],"SearchURL":"https://www.amazon.es/s?k=cuero+latex&rh=n%3A3074058031%2Cp_n_availability%3A-1&tag=topinalambricos-21&linkCode=osi","TotalResultCount":53}},"81":{"SearchResult":{"Items":[{"ASIN":"B09PH3G48N","DetailPageURL":"https://www.amazon.es/dp/B09PH3G48N?tag=topinalambricos-21&linkCode=osi&th=1&psc=1","Images":{"Primary":{"Small":{"Height":75,"URL":"https://m.media-amazon.com/images/I/41PFwaVK7jL._SL75_.jpg","Width":56}}},"ItemInfo":{"ByLineInfo":{"Brand":{"DisplayValue":"Allegra K","Label":"Brand","Locale":"es_ES"},"Manufacturer":{"DisplayValue":"Allegra K","Label":"Manufacturer","Locale":"es_ES"}},"Title":{"DisplayValue":"Allegra K Top Corto para Mujeres PU Bustier De Cuero Punk Gótico Corsé Peplum Marrón M","Label":"Title","Locale":"es_ES"}},"Offers":{"Summaries":[{"Condition":{"Value":"New"},"LowestPrice":{"Amount":29.99,"Currency":"EUR","DisplayAmount":"29,99 €"}}]}},{"ASIN":"B0BKSY9ZDW","DetailPageURL":"https://www.amazon.es/dp/B0BKSY9ZDW?tag=topinalambricos-21&linkCode=osi&th=1&psc=1","Images":{"Primary":{"Small":{"Height":75,"URL":"https://m.media-amazon.com/images/I/41pDm56YJYL._SL75_.jpg","Width":75}}},"ItemInfo":{"ByLineInfo":{"Brand":{"DisplayValue":"RUGUOA","Label":"Brand","Locale":"es_ES"}},"Title":{"DisplayValue":"Cinturon Corset Pirata Mujer 12 cm Ancho Cinturón EláStico Cinturones Corset Medieval Con Cordones Corsé Moda Atado Corset de Cuero Retro Femenina Cinturóns para Halloween,Fiesta, Vestido,Ropa Diaria","Label":"Title","Locale":"es_ES"}},"Offers":{"Summaries":[{"Condition":{"Value":"New"},"LowestPrice":{"Amount":13.99,"Currency":"EUR","DisplayAmount":"13,99 €"}}]}},{"ASIN":"B01NACTPBL","DetailPageURL":"https://www.amazon.es/dp/B01NACTPBL?tag=topinalambricos-21&linkCode=osi&th=1&psc=1","Images":{"Primary":{"Small":{"Height":75,"URL":"https://m.media-amazon.com/images/I/41q1cg7reZL._SL75_.jpg","Width":56}}},"ItemInfo":{"ByLineInfo":{"Brand":{"DisplayValue":"eBoot","Label":"Brand","Locale":"es_ES"}},"Title":{"DisplayValue":"Cinturón Ancho Elástico Corsé Atado Cintura Corset con Botones de Presión, Negro","Label":"Title","Locale":"es_ES"}},"Offers":{"Summaries":[{"Condition":{"Value":"New"},"LowestPrice":{"Amount":15.99,"Currency":"EUR","DisplayAmount":"15,99 €"}}]}},{"ASIN":"B089FNWF4G","DetailPageURL":"https://www.amazon.es/dp/B089FNWF4G?tag=topinalambricos-21&linkCode=osi&th=1&psc=1","Images":{"Primary":{"Small":{"Height":75,"URL":"https://m.media-amazon.com/images/I/41sowxHatmL._SL75_.jpg","Width":75}}},"ItemInfo":{"ByLineInfo":{"Brand":{"DisplayValue":"Grebrafan","Label":"Brand","Locale":"es_ES"},"Manufacturer":{"DisplayValue":"Grebrafan","Label":"Manufacturer","Locale":"es_ES"}},"Title":{"DisplayValue":"Grebrafan Gótico Steampunk Corsé de Piel Corset Cuero con Tirantes (EU(40-42) 2XL, Negro)","Label":"Title","Locale":"es_ES"}},"Offers":{"Summaries":[{"Condition":{"Value":"New"},"LowestPrice":{"Amount":19.99,"Currency":"EUR","DisplayAmount":"19,99 €"}}]}},{"ASIN":"B0BRZW9N2S","DetailPageURL":"https://www.amazon.es/dp/B0BRZW9N2S?tag=topinalambricos-21&linkCode=osi&th=1&psc=1","Images":{"Primary":{"Small":{"Height":75,"URL":"https://m.media-amazon.com/images/I/41r0iMMyRPL._SL75_.jpg","Width":75}}},"ItemInfo":{"ByLineInfo":{"Brand":{"DisplayValue":"Grebrafan","Label":"Brand","Locale":"es_ES"}},"Title":{"DisplayValue":"Grebrafan Corset Cuero Mujer Corsés y Bustiers Steampunk (EUR(46-48) 5XL, Negro)","Label":"Title","Locale":"es_ES"}},"Offers":{"Summaries":[{"Condition":{"Value":"New"},"LowestPrice":{"Amount":16.99,"Currency":"EUR","DisplayAmount":"16,99 €"}}]}},{"ASIN":"B089FNKB1G","DetailPageURL":"https://www.amazon.es/dp/B089FNKB1G?tag=topinalambricos-21&linkCode=osi&th=1&psc=1","Images":{"Primary":{"Small":{"Height":75,"URL":"https://m.media-amazon.com/images/I/41uzt9auSCL._SL75_.jpg","Width":75}}},"ItemInfo":{"ByLineInfo":{"Brand":{"DisplayValue":"Grebrafan","Label":"Brand","Locale":"es_ES"},"Manufacturer":{"DisplayValue":"Grebrafan","Label":"Manufacturer","Locale":"es_ES"}},"Title":{"DisplayValue":"Grebrafan Steampunk Corsé Cuero Talla Grande Corset de Piel Mujer (EU(32-34) S, Negro)","Label":"Title","Locale":"es_ES"}},"Offers":{"Summaries":[{"Condition":{"Value":"New"},"LowestPrice":{"Amount":18.99,"Currency":"EUR","DisplayAmount":"18,99 €"}}]}},{"ASIN":"B08R63LNPB","DetailPageURL":"https://www.amazon.es/dp/B08R63LNPB?tag=topinalambricos-21&linkCode=osi&th=1&psc=1","Images":{"Primary":{"Small":{"Height":75,"URL":"https://m.media-amazon.com/images/I/51PznoKQRgL._SL75_.jpg","Width":75}}},"ItemInfo":{"ByLineInfo":{"Brand":{"DisplayValue":"Grebrafan","Label":"Brand","Locale":"es_ES"},"Manufacturer":{"DisplayValue":"Grebrafan","Label":"Manufacturer","Locale":"es_ES"}},"Title":{"DisplayValue":"Grebrafan Corset Mujer Tiras De Cuero Steampunk Acero con Estructura Corsé (EU(36-38) L, Negro)","Label":"Title","Locale":"es_ES"}},"Offers":{"Summaries":[{"Condition":{"Value":"New"},"LowestPrice":{"Amount":19.99,"Currency":"EUR","DisplayAmount":"19,99 €"}}]}},{"ASIN":"B0BYCMBYLY","DetailPageURL":"https://www.amazon.es/dp/B0BYCMBYLY?tag=topinalambricos-21&linkCode=osi&th=1&psc=1","Images":{"Primary":{"Small":{"Height":75,"URL":"https://m.media-amazon.com/images/I/41JjEOxq3rL._SL75_.jpg","Width":75}}},"ItemInfo":{"ByLineInfo":{"Brand":{"DisplayValue":"Spldsun","Label":"Brand","Locale":"es_ES"},"Manufacturer":{"DisplayValue":"Splendid sunset","Label":"Manufacturer","Locale":"es_ES"}},"Title":{"DisplayValue":"Spldsun 2 Piezas Ancho Elástico Corsé, Ligero, Corset Pirata, Elástico Corsé Cintura, Corsé Cinturón Retro, Cuero, Ajustable, para Señoras, Niñas, Halloween, Juegos Rol (Negro, Marrón)","Label":"Title","Locale":"es_ES"}},"Offers":{"Summaries":[{"Condition":{"Value":"New"},"LowestPrice":{"Amount":12.99,"Currency":"EUR","DisplayAmount":"12,99 €"}}]}},{"ASIN":"B089FTGHLP","DetailPageURL":"https://www.amazon.es/dp/B089FTGHLP?tag=topinalambricos-21&linkCode=osi&th=1&psc=1","Images":{"Primary":{"Small":{"Height":75,"URL":"https://m.media-amazon.com/images/I/51aKYhMEiOL._SL75_.jpg","Width":75}}},"ItemInfo":{"ByLineInfo":{"Brand":{"DisplayValue":"Grebrafan","Label":"Brand","Locale":"es_ES"},"Manufacturer":{"DisplayValue":"Grebrafan","Label":"Manufacturer","Locale":"es_ES"}},"Title":{"DisplayValue":"Grebrafan Steampunk Corset Cuero Corsé de Piel para Vestido Fiesta Halloween Disfraces (EUR(46-48) 5XL, Negro)","Label":"Title","Locale":"es_ES"}},"Offers":{"Summaries":[{"Condition":{"Value":"New"},"LowestPrice":{"Amount":16.99,"Currency":"EUR","DisplayAmount":"16,99 €"}}]}},{"ASIN":"B083TB9YYB","DetailPageURL":"https://www.amazon.es/dp/B083TB9YYB?tag=topinalambricos-21&linkCode=osi&th=1&psc=1","Images":{"Primary":{"Small":{"Height":75,"URL":"https://m.media-amazon.com/images/I/41QC3Jkq2tL._SL75_.jpg","Width":68}}},"ItemInfo":{"ByLineInfo":{"Brand":{"DisplayValue":"SLIMBELLE","Label":"Brand","Locale":"es_ES"}},"Title":{"DisplayValue":"SLIMBELLE® Mujer PU Cuero Bustier Corsé Top de Piel Sintética Bra Gótico Steampunk Sexy Corset Overbust con Tirantes Sujetador para Club Party Madonna Estilo Corpiño Pechugón Disfraz de Fiesta","Label":"Title","Locale":"es_ES"}},"Offers":{"Summaries":[{"Condition":{"Value":"New"},"LowestPrice":{"Amount":32.99,"Currency":"EUR","DisplayAmount":"32,99 €"}}]}}],"SearchURL":"https://www.amazon.es/s?k=cuero&rh=n%3A3074266031%2Cp_n_availability%3A-1&tag=topinalambricos-21&linkCode=osi","TotalResultCount":313}},"82":{"SearchResult":{"Items":[{"ASIN":"B0BD7KYMRB","DetailPageURL":"https://www.amazon.es/dp/B0BD7KYMRB?tag=topinalambricos-21&linkCode=osi&th=1&psc=1","Images":{"Primary":{"Small":{"Height":75,"URL":"https://m.media-amazon.com/images/I/21u-cJ5QsQL._SL75_.jpg","Width":56}}},"ItemInfo":{"ByLineInfo":{"Brand":{"DisplayValue":"MSemis","Label":"Brand","Locale":"es_ES"}},"Title":{"DisplayValue":"MSemis Body Cuero Mujer Sexy Picardías Tallas Grandes Monos Cuero Pecho Abierto Bodycon Elástico Manga Larga Babydoll Catsuit Latex Mujer Lencería Erótica Negro A S","Label":"Title","Locale":"es_ES"}},"Offers":{"Summaries":[{"Condition":{"Value":"New"},"LowestPrice":{"Amount":22.99,"Currency":"EUR","DisplayAmount":"22,99 €"}}]}},{"ASIN":"B09MM2X1JN","DetailPageURL":"https://www.amazon.es/dp/B09MM2X1JN?tag=topinalambricos-21&linkCode=osi&th=1&psc=1","Images":{"Primary":{"Small":{"Height":75,"URL":"https://m.media-amazon.com/images/I/4174U7pg0NL._SL75_.jpg","Width":75}}},"ItemInfo":{"ByLineInfo":{"Brand":{"DisplayValue":"IEFIEL","Label":"Brand","Locale":"es_ES"}},"Title":{"DisplayValue":"IEFIEL Body Cuero Mujer Bodies Abierto de Fiesta Club Noche Manga Larga con Cremallera Lencería Erotica Una Pieza Mono Corte Alto Catsuit Sexy Clubwear Jumpsuit Rojo A M","Label":"Title","Locale":"es_ES"}},"Offers":{"Summaries":[{"Condition":{"Value":"New"},"LowestPrice":{"Amount":17.99,"Currency":"EUR","DisplayAmount":"17,99 €"}}]}},{"ASIN":"B0B2RBGN9S","DetailPageURL":"https://www.amazon.es/dp/B0B2RBGN9S?tag=topinalambricos-21&linkCode=osi&th=1&psc=1","Images":{"Primary":{"Small":{"Height":75,"URL":"https://m.media-amazon.com/images/I/41UTUEw51IL._SL75_.jpg","Width":75}}},"ItemInfo":{"ByLineInfo":{"Brand":{"DisplayValue":"ROSVAY","Label":"Brand","Locale":"es_ES"},"Manufacturer":{"DisplayValue":"ROSVAY","Label":"Manufacturer","Locale":"es_ES"}},"Title":{"DisplayValue":"Lencería Mujer Sexy Malla Babydoll, Transparente Una Pieza Body,Camisón Ropa de Noche,Minifalda Charol,sin Espalda,Cuello Halter Flecos para Navidad Halloween(Negro Rojo)","Label":"Title","Locale":"es_ES"}},"Offers":{"Summaries":[{"Condition":{"Value":"New"},"LowestPrice":{"Amount":10.99,"Currency":"EUR","DisplayAmount":"10,99 €"}}]}},{"ASIN":"B07RHMN8RW","DetailPageURL":"https://www.amazon.es/dp/B07RHMN8RW?tag=topinalambricos-21&linkCode=osi&th=1&psc=1","Images":{"Primary":{"Small":{"Height":75,"URL":"https://m.media-amazon.com/images/I/418rlsMdNCL._SL75_.jpg","Width":75}}},"ItemInfo":{"ByLineInfo":{"Brand":{"DisplayValue":"iiniim","Label":"Brand","Locale":"es_ES"}},"Title":{"DisplayValue":"iiniim Body Cuero Mujer Sexy Bodies Entrepierna Abierta Cremallera Mono Manga Larga Ropa de Fiesta Club Noche Lencería Erotica Una Pieza Corte Alto Catsuit Clubwear Jumpsuit Negro XL","Label":"Title","Locale":"es_ES"}},"Offers":{"Summaries":[{"Condition":{"Value":"New"},"LowestPrice":{"Amount":15.99,"Currency":"EUR","DisplayAmount":"15,99 €"}}]}},{"ASIN":"6419461154","DetailPageURL":"https://www.amazon.es/dp/6419461154?tag=topinalambricos-21&linkCode=osi&th=1&psc=1","Images":{"Primary":{"Small":{"Height":75,"URL":"https://m.media-amazon.com/images/I/41b1A18NhVL._SL75_.jpg","Width":75}}},"ItemInfo":{"ByLineInfo":{"Brand":{"DisplayValue":"Rouped","Label":"Brand","Locale":"es_ES"},"Manufacturer":{"DisplayValue":"Rouped","Label":"Manufacturer","Locale":"es_ES"}},"Title":{"DisplayValue":"Rouped Disfraz Sexy Mujer para Sexy,Body Cuero Mujer Sexy Negro Transparente con Lace,Ropa Sexy de Mujer para Sexy Duro,RS2115","Label":"Title","Locale":"es_ES"}},"Offers":{"Summaries":[{"Condition":{"Value":"New"},"LowestPrice":{"Amount":14.17,"Currency":"EUR","DisplayAmount":"14,17 €"}}]}},{"ASIN":"B09YMK9CH9","DetailPageURL":"https://www.amazon.es/dp/B09YMK9CH9?tag=topinalambricos-21&linkCode=osi&th=1&psc=1","Images":{"Primary":{"Small":{"Height":75,"URL":"https://m.media-amazon.com/images/I/41ySAw4N7fL._SL75_.jpg","Width":75}}},"ItemInfo":{"ByLineInfo":{"Brand":{"DisplayValue":"LIPIODOL","Label":"Brand","Locale":"es_ES"},"Manufacturer":{"DisplayValue":"LIPIODOL","Label":"Manufacturer","Locale":"es_ES"}},"Title":{"DisplayValue":"LIPIODOL Catsuit Vestido de Látex para Mujer Leather sin mangas con cremallera ajustada Charol Traje de Baño de Una Pieza","Label":"Title","Locale":"es_ES"}},"Offers":{"Summaries":[{"Condition":{"Value":"New"},"LowestPrice":{"Amount":21.99,"Currency":"EUR","DisplayAmount":"21,99 €"}}]}},{"ASIN":"B08CDL6SS8","DetailPageURL":"https://www.amazon.es/dp/B08CDL6SS8?tag=topinalambricos-21&linkCode=osi&th=1&psc=1","Images":{"Primary":{"Small":{"Height":75,"URL":"https://m.media-amazon.com/images/I/41Se1pO2JBL._SL75_.jpg","Width":57}}},"ItemInfo":{"ByLineInfo":{"Brand":{"DisplayValue":"ohyeahqueen","Label":"Brand","Locale":"es_ES"},"Manufacturer":{"DisplayValue":"ohyeahqueen","Label":"Manufacturer","Locale":"es_ES"}},"Title":{"DisplayValue":"ohyeahqueen Body Mujer Manga Corta Top de Cuero Encaje para Vestir Bodysuit Verano Sexy Fiesta Negro","Label":"Title","Locale":"es_ES"}},"Offers":{"Summaries":[{"Condition":{"Value":"New"},"LowestPrice":{"Amount":19.49,"Currency":"EUR","DisplayAmount":"19,49 €"}}]}},{"ASIN":"B0B11TKWYQ","DetailPageURL":"https://www.amazon.es/dp/B0B11TKWYQ?tag=topinalambricos-21&linkCode=osi&th=1&psc=1","Images":{"Primary":{"Small":{"Height":75,"URL":"https://m.media-amazon.com/images/I/41K1G3S3a0L._SL75_.jpg","Width":57}}},"ItemInfo":{"ByLineInfo":{"Brand":{"DisplayValue":"ohyeahlady","Label":"Brand","Locale":"es_ES"}},"Title":{"DisplayValue":"ohyeahlady Mujer Body de Cuero con Encaje Push Up con Relleno y Aros Bodysuit Top Cuero para Fiesta Talla Grande con Liguero Ropa Interior Teddy(Cremallera Negro,XL-XXL)","Label":"Title","Locale":"es_ES"}},"Offers":{"Summaries":[{"Condition":{"Value":"New"},"LowestPrice":{"Amount":26.99,"Currency":"EUR","DisplayAmount":"26,99 €"}}]}},{"ASIN":"B082FHSF68","DetailPageURL":"https://www.amazon.es/dp/B082FHSF68?tag=topinalambricos-21&linkCode=osi&th=1&psc=1","Images":{"Primary":{"Small":{"Height":75,"URL":"https://m.media-amazon.com/images/I/4150zkqZS1L._SL75_.jpg","Width":75}}},"ItemInfo":{"ByLineInfo":{"Brand":{"DisplayValue":"P Prettyia","Label":"Brand","Locale":"es_ES"},"Manufacturer":{"DisplayValue":"P Prettyia","Label":"Manufacturer","Locale":"es_ES"}},"Title":{"DisplayValue":"P Prettyia Mono de Cuero PU Mangas Largas Cierre de Cremallera Delantero Leotardo de Charol Lencería de Noche Atractiva para Mujer - negro, S","Label":"Title","Locale":"es_ES"}},"Offers":{"Summaries":[{"Condition":{"Value":"New"},"LowestPrice":{"Amount":12.99,"Currency":"EUR","DisplayAmount":"12,99 €"}}]}},{"ASIN":"B0BQLKTDMJ","DetailPageURL":"https://www.amazon.es/dp/B0BQLKTDMJ?tag=topinalambricos-21&linkCode=osi&th=1&psc=1","Images":{"Primary":{"Small":{"Height":75,"URL":"https://m.media-amazon.com/images/I/41SOWBt7ziL._SL75_.jpg","Width":75}}},"ItemInfo":{"ByLineInfo":{"Brand":{"DisplayValue":"VicSec","Label":"Brand","Locale":"es_ES"}},"Title":{"DisplayValue":"Mujer Body de Club Wetlook Bodysuit de Cuero Teddy Lencería Traje Una Pieza Halter Elástica Ropa de Noche Fiesta (XXL)","Label":"Title","Locale":"es_ES"}},"Offers":{"Summaries":[{"Condition":{"Value":"New"},"LowestPrice":{"Amount":10.79,"Currency":"EUR","DisplayAmount":"10,79 €"}}]}}],"SearchURL":"https://www.amazon.es/s?k=cuero&rh=n%3A3074260031%2Cp_n_availability%3A-1&tag=topinalambricos-21&linkCode=osi","TotalResultCount":209}},"83":{"Errors":[{"__type":"com.amazon.paapi5#ErrorData","Code":"NoResults","Message":"No results found for your request."}]},"84":{"SearchResult":{"Items":[{"ASIN":"B08XZP1B9T","DetailPageURL":"https://www.amazon.es/dp/B08XZP1B9T?tag=topinalambricos-21&linkCode=osi&th=1&psc=1","Images":{"Primary":{"Small":{"Height":75,"URL":"https://m.media-amazon.com/images/I/41o7oE2wXZL._SL75_.jpg","Width":75}}},"ItemInfo":{"ByLineInfo":{"Brand":{"DisplayValue":"alisikee","Label":"Brand","Locale":"es_ES"}},"Title":{"DisplayValue":"alisikee 2 ligueros de cuero con cadenas, ligas elásticas ajustables para el muslo para damas, color negro","Label":"Title","Locale":"es_ES"}},"Offers":{"Summaries":[{"Condition":{"Value":"New"},"LowestPrice":{"Amount":18.99,"Currency":"EUR","DisplayAmount":"18,99 €"}}]}},{"ASIN":"B09X1LTFF5","DetailPageURL":"https://www.amazon.es/dp/B09X1LTFF5?tag=topinalambricos-21&linkCode=osi&th=1&psc=1","Images":{"Primary":{"Small":{"Height":75,"URL":"https://m.media-amazon.com/images/I/31-tWxXWBeL._SL75_.jpg","Width":75}}},"ItemInfo":{"ByLineInfo":{"Brand":{"DisplayValue":"BBOHSS","Label":"Brand","Locale":"es_ES"}},"Title":{"DisplayValue":"Arnés de cuerpo para mujer, correa de liga de cuero, cadena de metal, cinturón de moda, punk, gótico, carnaval, Halloween, club, baile, liga, Negro, talla única","Label":"Title","Locale":"es_ES"}},"Offers":{"Summaries":[{"Condition":{"Value":"New"},"LowestPrice":{"Amount":30.18,"Currency":"EUR","DisplayAmount":"30,18 €"}}]}},{"ASIN":"B08NCPCLNZ","DetailPageURL":"https://www.amazon.es/dp/B08NCPCLNZ?tag=topinalambricos-21&linkCode=osi&th=1&psc=1","Images":{"Primary":{"Small":{"Height":75,"URL":"https://m.media-amazon.com/images/I/41oWwoTjkwL._SL75_.jpg","Width":75}}},"ItemInfo":{"ByLineInfo":{"Brand":{"DisplayValue":"alisikee","Label":"Brand","Locale":"es_ES"},"Manufacturer":{"DisplayValue":"alisikee","Label":"Manufacturer","Locale":"es_ES"}},"Title":{"DisplayValue":"alisikee Liga de pierna de cuero ajustable con cadenas, liga elástica punk rock muslo para mujeres y niñas, Negro, Talla única","Label":"Title","Locale":"es_ES"}},"Offers":{"Summaries":[{"Condition":{"Value":"New"},"LowestPrice":{"Amount":22.05,"Currency":"EUR","DisplayAmount":"22,05 €"}}]}},{"ASIN":"B0861YT4PR","DetailPageURL":"https://www.amazon.es/dp/B0861YT4PR?tag=topinalambricos-21&linkCode=osi&th=1&psc=1","Images":{"Primary":{"Small":{"Height":75,"URL":"https://m.media-amazon.com/images/I/41ymheRQigL._SL75_.jpg","Width":75}}},"ItemInfo":{"ByLineInfo":{"Brand":{"DisplayValue":"eYLun","Label":"Brand","Locale":"es_ES"}},"Title":{"DisplayValue":"Liga elástica para mujer y niña, de piel punk, 2 unidades - Marrón - Talla Única","Label":"Title","Locale":"es_ES"}},"Offers":{"Summaries":[{"Condition":{"Value":"New"},"LowestPrice":{"Amount":18.41,"Currency":"EUR","DisplayAmount":"18,41 €"}}]}},{"ASIN":"B08X44TXXC","DetailPageURL":"https://www.amazon.es/dp/B08X44TXXC?tag=topinalambricos-21&linkCode=osi&th=1&psc=1","Images":{"Primary":{"Small":{"Height":75,"URL":"https://m.media-amazon.com/images/I/41RyXREvaAL._SL75_.jpg","Width":75}}},"ItemInfo":{"ByLineInfo":{"Brand":{"DisplayValue":"alisikee","Label":"Brand","Locale":"es_ES"}},"Title":{"DisplayValue":"alisikee 2 ligas ajustables de encaje en forma de corazón con cierres antideslizantes, liga elástica para mujer, negro/rosa, Negro, Talla única","Label":"Title","Locale":"es_ES"}},"Offers":{"Summaries":[{"Condition":{"Value":"New"},"LowestPrice":{"Amount":17.99,"Currency":"EUR","DisplayAmount":"17,99 €"}}]}},{"ASIN":"B089K4SDCF","DetailPageURL":"https://www.amazon.es/dp/B089K4SDCF?tag=topinalambricos-21&linkCode=osi&th=1&psc=1","Images":{"Primary":{"Small":{"Height":75,"URL":"https://m.media-amazon.com/images/I/414I7n2yOxL._SL75_.jpg","Width":75}}},"ItemInfo":{"ByLineInfo":{"Brand":{"DisplayValue":"Hxiu","Label":"Brand","Locale":"es_ES"},"Manufacturer":{"DisplayValue":"Hugexiu","Label":"Manufacturer","Locale":"es_ES"}},"Title":{"DisplayValue":"Hxiu Tirantes de cuero Liga de pierna ajustable cintura pierna cinturón liga para mujeres, Cuero","Label":"Title","Locale":"es_ES"}},"Offers":{"Summaries":[{"Condition":{"Value":"New"},"LowestPrice":{"Amount":19.99,"Currency":"EUR","DisplayAmount":"19,99 €"}}]}},{"ASIN":"B081CG28N3","DetailPageURL":"https://www.amazon.es/dp/B081CG28N3?tag=topinalambricos-21&linkCode=osi&th=1&psc=1","Images":{"Primary":{"Small":{"Height":75,"URL":"https://m.media-amazon.com/images/I/412MqSetEQL._SL75_.jpg","Width":75}}},"ItemInfo":{"ByLineInfo":{"Brand":{"DisplayValue":"eYLun","Label":"Brand","Locale":"es_ES"},"Manufacturer":{"DisplayValue":"eYLun","Label":"Manufacturer","Locale":"es_ES"}},"Title":{"DisplayValue":"Ligas de piel para mujer y niña, con remache de punk, rock, liga elástica, 2 unidades, Amarillo B, Talla única","Label":"Title","Locale":"es_ES"}},"Offers":{"Summaries":[{"Condition":{"Value":"New"},"LowestPrice":{"Amount":15.99,"Currency":"EUR","DisplayAmount":"15,99 €"}}]}},{"ASIN":"B085PR889K","DetailPageURL":"https://www.amazon.es/dp/B085PR889K?tag=topinalambricos-21&linkCode=osi&th=1&psc=1","Images":{"Primary":{"Small":{"Height":75,"URL":"https://m.media-amazon.com/images/I/41NHwRGbDtL._SL75_.jpg","Width":75}}},"ItemInfo":{"ByLineInfo":{"Brand":{"DisplayValue":"eYLun","Label":"Brand","Locale":"es_ES"},"Manufacturer":{"DisplayValue":"eYLun","Label":"Manufacturer","Locale":"es_ES"}},"Title":{"DisplayValue":"Ligas sexys punk rock remache pentagrama de piel para mujer - - Talla Única","Label":"Title","Locale":"es_ES"}},"Offers":{"Summaries":[{"Condition":{"Value":"New"},"LowestPrice":{"Amount":23.67,"Currency":"EUR","DisplayAmount":"23,67 €"}}]}},{"ASIN":"B0B21CV8JB","DetailPageURL":"https://www.amazon.es/dp/B0B21CV8JB?tag=topinalambricos-21&linkCode=osi&th=1&psc=1","Images":{"Primary":{"Small":{"Height":75,"URL":"https://m.media-amazon.com/images/I/41gQlnN42EL._SL75_.jpg","Width":75}}},"ItemInfo":{"ByLineInfo":{"Brand":{"DisplayValue":"alisikee","Label":"Brand","Locale":"es_ES"}},"Title":{"DisplayValue":"alisikee Liga ajustable para piernas con corazón, ligas elásticas para muslos para mujeres, negro, 1 par, Negro, Talla única","Label":"Title","Locale":"es_ES"}},"Offers":{"Summaries":[{"Condition":{"Value":"New"},"LowestPrice":{"Amount":16.65,"Currency":"EUR","DisplayAmount":"16,65 €"}}]}},{"ASIN":"B0BZDJFQW1","DetailPageURL":"https://www.amazon.es/dp/B0BZDJFQW1?tag=topinalambricos-21&linkCode=osi&th=1&psc=1","Images":{"Primary":{"Small":{"Height":75,"URL":"https://m.media-amazon.com/images/I/410zWodaKHL._SL75_.jpg","Width":75}}},"ItemInfo":{"ByLineInfo":{"Brand":{"DisplayValue":"Wambere","Label":"Brand","Locale":"es_ES"},"Manufacturer":{"DisplayValue":"Wambere","Label":"Manufacturer","Locale":"es_ES"}},"Title":{"DisplayValue":"Wambere 2 ligas góticas de piel sintética punk de doble fila, liga de cuero, anillo de muslo, liga, liga, ajustable, adecuada para cosplay, Halloween, fiestas, azul","Label":"Title","Locale":"es_ES"}},"Offers":{"Summaries":[{"Condition":{"Value":"New"},"LowestPrice":{"Amount":14.69,"Currency":"EUR","DisplayAmount":"14,69 €"}}]}}],"SearchURL":"https://www.amazon.es/s?k=liga+piel+cuero&rh=n%3A14072926031%2Cp_n_availability%3A-1&tag=topinalambricos-21&linkCode=osi","TotalResultCount":212}},"85":{"SearchResult":{"Items":[{"ASIN":"B09KGSH862","DetailPageURL":"https://www.amazon.es/dp/B09KGSH862?tag=topinalambricos-21&linkCode=osi&th=1&psc=1","Images":{"Primary":{"Small":{"Height":75,"URL":"https://m.media-amazon.com/images/I/4186-Sb1fsL._SL75_.jpg","Width":75}}},"ItemInfo":{"ByLineInfo":{"Brand":{"DisplayValue":"MSemis","Label":"Brand","Locale":"es_ES"}},"Title":{"DisplayValue":"MSemis Sexy Crop Top de Cuero para Mujer Camiseta Corta de Charol Chaleco Brillante Wetlook Bikini Hot Top Picante Clubwear Traje Pole Dance Fiesta S Plateado A XL","Label":"Title","Locale":"es_ES"}},"Offers":{"Summaries":[{"Condition":{"Value":"New"},"LowestPrice":{"Amount":7.79,"Currency":"EUR","DisplayAmount":"7,79 €"}}]}},{"ASIN":"B09MTNVWL9","DetailPageURL":"https://www.amazon.es/dp/B09MTNVWL9?tag=topinalambricos-21&linkCode=osi&th=1&psc=1","Images":{"Primary":{"Small":{"Height":75,"URL":"https://m.media-amazon.com/images/I/41RFIvfR3nL._SL75_.jpg","Width":75}}},"ItemInfo":{"ByLineInfo":{"Brand":{"DisplayValue":"YiZYiF","Label":"Brand","Locale":"es_ES"}},"Title":{"DisplayValue":"YiZYiF Mujeres Chaleco Casual sin Mangas con Tirantes Finos Camisola de Charol Brillante Crop Top de Cuero Negro Sexy con Cremallera Clubwear Negro S","Label":"Title","Locale":"es_ES"}},"Offers":{"Summaries":[{"Condition":{"Value":"New"},"LowestPrice":{"Amount":9.99,"Currency":"EUR","DisplayAmount":"9,99 €"}}]}},{"ASIN":"B0C1NFDQ5B","DetailPageURL":"https://www.amazon.es/dp/B0C1NFDQ5B?tag=topinalambricos-21&linkCode=osi&th=1&psc=1","Images":{"Primary":{"Small":{"Height":75,"URL":"https://m.media-amazon.com/images/I/31ftN8wX6jL._SL75_.jpg","Width":75}}},"ItemInfo":{"ByLineInfo":{"Brand":{"DisplayValue":"WEITING","Label":"Brand","Locale":"es_ES"},"Manufacturer":{"DisplayValue":"WEITING","Label":"Manufacturer","Locale":"es_ES"}},"Title":{"DisplayValue":"WEITING Camiseta sin mangas sexy de cuero brillante para mujer, camisola de cuero charol suave para mujer, top halter de látex brillante caliente, rojo, L","Label":"Title","Locale":"es_ES"}},"Offers":{"Summaries":[{"Condition":{"Value":"New"},"LowestPrice":{"Amount":19.2,"Currency":"EUR","DisplayAmount":"19,20 €"}}]}},{"ASIN":"B09TF4S6R1","DetailPageURL":"https://www.amazon.es/dp/B09TF4S6R1?tag=topinalambricos-21&linkCode=osi&th=1&psc=1","Images":{"Primary":{"Small":{"Height":75,"URL":"https://m.media-amazon.com/images/I/41r3KOJkkqL._SL75_.jpg","Width":75}}},"ItemInfo":{"ByLineInfo":{"Brand":{"DisplayValue":"Freebily","Label":"Brand","Locale":"es_ES"}},"Title":{"DisplayValue":"Freebily Top Camiseta Corto de Charol para Mujer Chaleco sin Manga Plateado Metálico Brillante para Fiesta Baila Sexy Mujer Gris A XL","Label":"Title","Locale":"es_ES"}},"Offers":{"Summaries":[{"Condition":{"Value":"New"},"LowestPrice":{"Amount":6.49,"Currency":"EUR","DisplayAmount":"6,49 €"}}]}},{"ASIN":"B081QDCZ3Y","DetailPageURL":"https://www.amazon.es/dp/B081QDCZ3Y?tag=topinalambricos-21&linkCode=osi&th=1&psc=1","Images":{"Primary":{"Small":{"Height":75,"URL":"https://m.media-amazon.com/images/I/31IqISjNjqL._SL75_.jpg","Width":57}}},"ItemInfo":{"ByLineInfo":{"Brand":{"DisplayValue":"YiZYiF","Label":"Brand","Locale":"es_ES"}},"Title":{"DisplayValue":"YiZYiF Punk Top de Cuero Chaleco Sexy Mujer Wetlook Crop Top Manga Larga Camiseta Brillante Blusa de Charol Sudadera Corta Traje Pole Dance Nightwear Negro Talla única","Label":"Title","Locale":"es_ES"}},"Offers":{"Summaries":[{"Condition":{"Value":"New"},"LowestPrice":{"Amount":11.99,"Currency":"EUR","DisplayAmount":"11,99 €"}}]}},{"ASIN":"B0B4WL699Z","DetailPageURL":"https://www.amazon.es/dp/B0B4WL699Z?tag=topinalambricos-21&linkCode=osi&th=1&psc=1","Images":{"Primary":{"Small":{"Height":75,"URL":"https://m.media-amazon.com/images/I/31EZamByQNL._SL75_.jpg","Width":56}}},"ItemInfo":{"ByLineInfo":{"Brand":{"DisplayValue":"Freebily","Label":"Brand","Locale":"es_ES"}},"Title":{"DisplayValue":"Freebily Mujer Top Brillante de Cuero Cuello Moda Camiseta Sin Mangas de Danza Moderno Gimnasia Camisola Metálico Brillante Fiesta Clubwear S Rosa M","Label":"Title","Locale":"es_ES"}},"Offers":{"Summaries":[{"Condition":{"Value":"New"},"LowestPrice":{"Amount":7.59,"Currency":"EUR","DisplayAmount":"7,59 €"}}]}},{"ASIN":"B07W7PXB37","DetailPageURL":"https://www.amazon.es/dp/B07W7PXB37?tag=topinalambricos-21&linkCode=osi&th=1&psc=1","Images":{"Primary":{"Small":{"Height":75,"URL":"https://m.media-amazon.com/images/I/41j2+AgR9ML._SL75_.jpg","Width":75}}},"ItemInfo":{"ByLineInfo":{"Brand":{"DisplayValue":"MSemis","Label":"Brand","Locale":"es_ES"}},"Title":{"DisplayValue":"MSemis Crop Top Sexy para Mujer Punk Tops Fiesta Camiseta Brillante de Charol Chaleco Corto sin Mangas Traje Rocker Clubwear Pole Dance Noche Plateado Large","Label":"Title","Locale":"es_ES"}},"Offers":{"Summaries":[{"Condition":{"Value":"New"},"LowestPrice":{"Amount":5.89,"Currency":"EUR","DisplayAmount":"5,89 €"}}]}},{"ASIN":"B0B2RHYLS1","DetailPageURL":"https://www.amazon.es/dp/B0B2RHYLS1?tag=topinalambricos-21&linkCode=osi&th=1&psc=1","Images":{"Primary":{"Small":{"Height":75,"URL":"https://m.media-amazon.com/images/I/41eu5w5oYAL._SL75_.jpg","Width":56}}},"ItemInfo":{"ByLineInfo":{"Brand":{"DisplayValue":"ranrann","Label":"Brand","Locale":"es_ES"}},"Title":{"DisplayValue":"ranrann Mujer Crop Tank Top de Cuero Brillante Chaleco Wet Look Chaleco Top sin Manga Cuello en U Atractiva Camiseta Interior Negro D 3XL","Label":"Title","Locale":"es_ES"}},"Offers":{"Summaries":[{"Condition":{"Value":"New"},"LowestPrice":{"Amount":11.09,"Currency":"EUR","DisplayAmount":"11,09 €"}}]}},{"ASIN":"B09Z2RSL8N","DetailPageURL":"https://www.amazon.es/dp/B09Z2RSL8N?tag=topinalambricos-21&linkCode=osi&th=1&psc=1","Images":{"Primary":{"Small":{"Height":75,"URL":"https://m.media-amazon.com/images/I/41qwyxr7cnL._SL75_.jpg","Width":75}}},"ItemInfo":{"ByLineInfo":{"Brand":{"DisplayValue":"VEMOW","Label":"Brand","Locale":"es_ES"}},"Title":{"DisplayValue":"Top Camiseta Corto de Charol para Mujer Chaleco sin Manga para Fiesta Baila Sexy Mujer Chaleco de Charol Top Corto Sexy Delgada Chaleco Cami Tops V Cuello de Diario Fiesta Playa(A02,M)","Label":"Title","Locale":"es_ES"}},"Offers":{"Summaries":[{"Condition":{"Value":"New"},"LowestPrice":{"Amount":7.12,"Currency":"EUR","DisplayAmount":"7,12 €"}}]}},{"ASIN":"B09LSX5HHH","DetailPageURL":"https://www.amazon.es/dp/B09LSX5HHH?tag=topinalambricos-21&linkCode=osi&th=1&psc=1","Images":{"Primary":{"Small":{"Height":75,"URL":"https://m.media-amazon.com/images/I/41mZp-Bvz5L._SL75_.jpg","Width":56}}},"ItemInfo":{"ByLineInfo":{"Brand":{"DisplayValue":"Nimiya","Label":"Brand","Locale":"es_ES"}},"Title":{"DisplayValue":"Nimiya Crop Top Sexy para Mujer Camiseta sin Mangas Brillante de Charol Tank Top Fiesta Chaleco Corto Club Noche Danza Baile Clubwear Verde Talla Única","Label":"Title","Locale":"es_ES"}},"Offers":{"Summaries":[{"Condition":{"Value":"New"},"LowestPrice":{"Amount":0.99,"Currency":"EUR","DisplayAmount":"0,99 €"}}]}}],"SearchURL":"https://www.amazon.es/s?k=top+cuero+brillante+charol&rh=n%3A3074055031%2Cp_n_availability%3A-1&tag=topinalambricos-21&linkCode=osi","TotalResultCount":70}},"87":{"SearchResult":{"Items":[{"ASIN":"B09JKDVRHF","DetailPageURL":"https://www.amazon.es/dp/B09JKDVRHF?tag=topinalambricos-21&linkCode=osi&th=1&psc=1","Images":{"Primary":{"Small":{"Height":75,"URL":"https://m.media-amazon.com/images/I/41b0JayaaAL._SL75_.jpg","Width":75}}},"ItemInfo":{"ByLineInfo":{"Brand":{"DisplayValue":"sujinxiu","Label":"Brand","Locale":"es_ES"},"Manufacturer":{"DisplayValue":"sujinxiu","Label":"Manufacturer","Locale":"es_ES"}},"Title":{"DisplayValue":"sujinxiu Gabardina de cuero para hombre, gabardina negra de oficial militar clásico alemán, uniforme para invierno","Label":"Title","Locale":"es_ES"}},"Offers":{"Summaries":[{"Condition":{"Value":"New"},"LowestPrice":{"Amount":66.99,"Currency":"EUR","DisplayAmount":"66,99 €"}}]}},{"ASIN":"B0B3JTVKJ6","DetailPageURL":"https://www.amazon.es/dp/B0B3JTVKJ6?tag=topinalambricos-21&linkCode=osi&th=1&psc=1","Images":{"Primary":{"Small":{"Height":75,"URL":"https://m.media-amazon.com/images/I/41gKB4hfdDL._SL75_.jpg","Width":38}}},"ItemInfo":{"ByLineInfo":{"Brand":{"DisplayValue":"Garderobe","Label":"Brand","Locale":"es_ES"},"Manufacturer":{"DisplayValue":"Garderobe","Label":"Manufacturer","Locale":"es_ES"}},"Title":{"DisplayValue":"Garderobe Gabardina de cuero de asesino para hombre | Gabardina larga con capucha | Gabardina para hombre Assassins Creed, Abrigo de piel sintética, XXXL","Label":"Title","Locale":"es_ES"}},"Offers":{"Summaries":[{"Condition":{"Value":"New"},"LowestPrice":{"Amount":130.92,"Currency":"EUR","DisplayAmount":"130,92 €"}}]}},{"ASIN":"B0B8CHSWSM","DetailPageURL":"https://www.amazon.es/dp/B0B8CHSWSM?tag=topinalambricos-21&linkCode=osi&th=1&psc=1","Images":{"Primary":{"Small":{"Height":75,"URL":"https://m.media-amazon.com/images/I/31QQhn-6HhL._SL75_.jpg","Width":75}}},"ItemInfo":{"ByLineInfo":{"Brand":{"DisplayValue":"YAJIerui","Label":"Brand","Locale":"es_ES"},"Manufacturer":{"DisplayValue":"YAJIerui","Label":"Manufacturer","Locale":"es_ES"}},"Title":{"DisplayValue":"YAJIerui Gabardina de cuero de los hombres abrigo de color sólido de un solo pecho manga completa cuello vuelto Punk chaqueta larga guapo cortavientos, Negro, XXL","Label":"Title","Locale":"es_ES"}},"Offers":{"Summaries":[{"Condition":{"Value":"New"},"LowestPrice":{"Amount":34.38,"Currency":"EUR","DisplayAmount":"34,38 €"}}]}},{"ASIN":"B0981593HM","DetailPageURL":"https://www.amazon.es/dp/B0981593HM?tag=topinalambricos-21&linkCode=osi&th=1&psc=1","Images":{"Primary":{"Small":{"Height":75,"URL":"https://m.media-amazon.com/images/I/31HmlRGuUMS._SL75_.jpg","Width":31}}},"ItemInfo":{"ByLineInfo":{"Brand":{"DisplayValue":"Fashion_First","Label":"Brand","Locale":"es_ES"},"Manufacturer":{"DisplayValue":"Fashion_First","Label":"Manufacturer","Locale":"es_ES"}},"Title":{"DisplayValue":"Gabardina de piel sintética para hombre de The Punisher Frank Castle Thomas Jane - Gabardina de cuero real negro para hombre, Frank Castle Gabardina, S","Label":"Title","Locale":"es_ES"}},"Offers":{"Summaries":[{"Condition":{"Value":"New"},"LowestPrice":{"Amount":126.0,"Currency":"EUR","DisplayAmount":"126,00 €"}}]}},{"ASIN":"B0B46HDC53","DetailPageURL":"https://www.amazon.es/dp/B0B46HDC53?tag=topinalambricos-21&linkCode=osi&th=1&psc=1","Images":{"Primary":{"Small":{"Height":75,"URL":"https://m.media-amazon.com/images/I/41eObu3j5UL._SL75_.jpg","Width":50}}},"ItemInfo":{"ByLineInfo":{"Brand":{"DisplayValue":"Suiting Style","Label":"Brand","Locale":"es_ES"}},"Title":{"DisplayValue":"Gabardina marrón para hombre, cuero envejecido, abrigo largo vintage debajo de la rodilla, abrigo de cuero original de piel de cordero, Piel., XXXL","Label":"Title","Locale":"es_ES"}},"Offers":{"Summaries":[{"Condition":{"Value":"New"},"LowestPrice":{"Amount":178.0,"Currency":"EUR","DisplayAmount":"178,00 €"}}]}},{"ASIN":"B0BTV4V4J1","DetailPageURL":"https://www.amazon.es/dp/B0BTV4V4J1?tag=topinalambricos-21&linkCode=osi&th=1&psc=1","Images":{"Primary":{"Small":{"Height":75,"URL":"https://m.media-amazon.com/images/I/41s4pJ64cyL._SL75_.jpg","Width":43}}},"ItemInfo":{"ByLineInfo":{"Brand":{"DisplayValue":"Divergent Retail","Label":"Brand","Locale":"es_ES"},"Manufacturer":{"DisplayValue":"Divergent Retail","Label":"Manufacturer","Locale":"es_ES"}},"Title":{"DisplayValue":"DR102 Gabardina de cuero para hombre, abrigo largo 3/4, color negro, Negro, L extra alto","Label":"Title","Locale":"es_ES"}},"Offers":{"Summaries":[{"Condition":{"Value":"New"},"LowestPrice":{"Amount":226.16,"Currency":"EUR","DisplayAmount":"226,16 €"}}]}},{"ASIN":"B0BKZ6SXGP","DetailPageURL":"https://www.amazon.es/dp/B0BKZ6SXGP?tag=topinalambricos-21&linkCode=osi&th=1&psc=1","Images":{"Primary":{"Small":{"Height":75,"URL":"https://m.media-amazon.com/images/I/31tXb4ZaUVL._SL75_.jpg","Width":56}}},"ItemInfo":{"ByLineInfo":{"Brand":{"DisplayValue":"Ownwfeat","Label":"Brand","Locale":"es_ES"},"Manufacturer":{"DisplayValue":"Ownwfeat","Label":"Manufacturer","Locale":"es_ES"}},"Title":{"DisplayValue":"Gabardina de cuero negro de la PU de los hombres de doble botonadura más el tamaño de la ropa de, Negro, L","Label":"Title","Locale":"es_ES"}},"Offers":{"Summaries":[{"Condition":{"Value":"New"},"LowestPrice":{"Amount":133.69,"Currency":"EUR","DisplayAmount":"133,69 €"}}]}},{"ASIN":"B08Z43BVGL","DetailPageURL":"https://www.amazon.es/dp/B08Z43BVGL?tag=topinalambricos-21&linkCode=osi&th=1&psc=1","Images":{"Primary":{"Small":{"Height":75,"URL":"https://m.media-amazon.com/images/I/41raOGYq6FS._SL75_.jpg","Width":48}}},"ItemInfo":{"ByLineInfo":{"Brand":{"DisplayValue":"HiFacon","Label":"Brand","Locale":"es_ES"}},"Title":{"DisplayValue":"HiFacon Clásico traje largo gabardina para hombre abrigo de cuero largo largo largo abrigo de cuero negro, Gabardina de cuero negro, XL","Label":"Title","Locale":"es_ES"}},"Offers":{"Summaries":[{"Condition":{"Value":"New"},"LowestPrice":{"Amount":171.68,"Currency":"EUR","DisplayAmount":"171,68 €"}}]}},{"ASIN":"B09H5CKC1J","DetailPageURL":"https://www.amazon.es/dp/B09H5CKC1J?tag=topinalambricos-21&linkCode=osi&th=1&psc=1","Images":{"Primary":{"Small":{"Height":75,"URL":"https://m.media-amazon.com/images/I/31DoSzWFUaL._SL75_.jpg","Width":46}}},"ItemInfo":{"ByLineInfo":{"Brand":{"DisplayValue":"Infinity Leather","Label":"Brand","Locale":"es_ES"}},"Title":{"DisplayValue":"Infinity Leather Abrigo Largo para Hombre de Cuero Negro Estilo U-Boat Gabardina Militar Alemana de la II Guerra Mundial XL","Label":"Title","Locale":"es_ES"}},"Offers":{"Summaries":[{"Condition":{"Value":"New"},"LowestPrice":{"Amount":179.99,"Currency":"EUR","DisplayAmount":"179,99 €"}}]}},{"ASIN":"B09VLGXFZN","DetailPageURL":"https://www.amazon.es/dp/B09VLGXFZN?tag=topinalambricos-21&linkCode=osi&th=1&psc=1","Images":{"Primary":{"Small":{"Height":75,"URL":"https://m.media-amazon.com/images/I/41+cIBNnkOL._SL75_.jpg","Width":56}}},"ItemInfo":{"ByLineInfo":{"Brand":{"DisplayValue":"Tarix Apparel","Label":"Brand","Locale":"es_ES"}},"Title":{"DisplayValue":"Tarix Apparel Blade Runner 2049 Ryan Gosling Officer K Fur Collar Marrón Gabardina de cuero, marrón, XL","Label":"Title","Locale":"es_ES"}},"Offers":{"Summaries":[{"Condition":{"Value":"New"},"LowestPrice":{"Amount":167.74,"Currency":"EUR","DisplayAmount":"167,74 €"}}]}}],"SearchURL":"https://www.amazon.es/s?k=gabardinas+cuero&rh=n%3A3074194031%2Cp_n_availability%3A-1&tag=topinalambricos-21&linkCode=osi","TotalResultCount":596}},"88":{"SearchResult":{"Items":[{"ASIN":"B083MWQC11","DetailPageURL":"https://www.amazon.es/dp/B083MWQC11?tag=topinalambricos-21&linkCode=osi&th=1&psc=1","Images":{"Primary":{"Small":{"Height":75,"URL":"https://m.media-amazon.com/images/I/31lpPSVRCgL._SL75_.jpg","Width":49}}},"ItemInfo":{"ByLineInfo":{"Brand":{"DisplayValue":"Orolay","Label":"Brand","Locale":"es_ES"},"Manufacturer":{"DisplayValue":"Orolay","Label":"Manufacturer","Locale":"es_ES"}},"Title":{"DisplayValue":"Orolay Gabardina Larga para Mujer con Cinturón Gabardina Ligera de Doble Botonadura con Cinturón Caqui XS","Label":"Title","Locale":"es_ES"}},"Offers":{"Summaries":[{"Condition":{"Value":"New"},"LowestPrice":{"Amount":99.99,"Currency":"EUR","DisplayAmount":"99,99 €"}}]}},{"ASIN":"B0BP2RW7MM","DetailPageURL":"https://www.amazon.es/dp/B0BP2RW7MM?tag=topinalambricos-21&linkCode=osi&th=1&psc=1","Images":{"Primary":{"Small":{"Height":75,"URL":"https://m.media-amazon.com/images/I/31LWfNrtRkL._SL75_.jpg","Width":43}}},"ItemInfo":{"ByLineInfo":{"Brand":{"DisplayValue":"Morgan","Label":"Brand","Locale":"es_ES"},"Manufacturer":{"DisplayValue":"MORGAN","Label":"Manufacturer","Locale":"es_ES"}},"Title":{"DisplayValue":"Morgan 231-gqueen Trench, Azul Marino, 36 para Mujer","Label":"Title","Locale":"es_ES"}},"Offers":{"Summaries":[{"Condition":{"Value":"New"},"LowestPrice":{"Amount":81.99,"Currency":"EUR","DisplayAmount":"81,99 €"}}]}},{"ASIN":"B07H2B9QS7","DetailPageURL":"https://www.amazon.es/dp/B07H2B9QS7?tag=topinalambricos-21&linkCode=osi&th=1&psc=1","Images":{"Primary":{"Small":{"Height":75,"URL":"https://m.media-amazon.com/images/I/41Zwt4LNG-L._SL75_.jpg","Width":57}}},"ItemInfo":{"ByLineInfo":{"Brand":{"DisplayValue":"Allegra K","Label":"Brand","Locale":"es_ES"},"Manufacturer":{"DisplayValue":"Allegra K","Label":"Manufacturer","Locale":"es_ES"}},"Title":{"DisplayValue":"Allegra K Día de San Patricio Chaqueta De Gabardina De Gamuza Sintética Con Muesca Para Mujer Blazer De Solapa Pico Con Solapa De Tormenta Marrón L","Label":"Title","Locale":"es_ES"}},"Offers":{"Summaries":[{"Condition":{"Value":"New"},"LowestPrice":{"Amount":98.32,"Currency":"EUR","DisplayAmount":"98,32 €"}}]}},{"ASIN":"B0BJF3QBSM","DetailPageURL":"https://www.amazon.es/dp/B0BJF3QBSM?tag=topinalambricos-21&linkCode=osi&th=1&psc=1","Images":{"Primary":{"Small":{"Height":75,"URL":"https://m.media-amazon.com/images/I/31aEoE5oyIL._SL75_.jpg","Width":57}}},"ItemInfo":{"ByLineInfo":{"Brand":{"DisplayValue":"Amazon Aware","Label":"Brand","Locale":"es_ES"},"Manufacturer":{"DisplayValue":"AMAZON AWARE","Label":"Manufacturer","Locale":"es_ES"}},"Title":{"DisplayValue":"Amazon Aware Gabardina Holgada Repelente al Agua (Disponible en Tallas Grandes) Mujer, Verde Salvia, XXL","Label":"Title","Locale":"es_ES"}},"Offers":{"Summaries":[{"Condition":{"Value":"New"},"LowestPrice":{"Amount":106.1,"Currency":"EUR","DisplayAmount":"106,10 €"}}]}},{"ASIN":"B08VJ85JQG","DetailPageURL":"https://www.amazon.es/dp/B08VJ85JQG?tag=topinalambricos-21&linkCode=osi&th=1&psc=1","Images":{"Primary":{"Small":{"Height":75,"URL":"https://m.media-amazon.com/images/I/31GaaVjgqcL._SL75_.jpg","Width":49}}},"ItemInfo":{"ByLineInfo":{"Brand":{"DisplayValue":"Orolay","Label":"Brand","Locale":"es_ES"},"Manufacturer":{"DisplayValue":"Orolay","Label":"Manufacturer","Locale":"es_ES"}},"Title":{"DisplayValue":"Orolay Gabardina Medio Largo con Botonadura Simple para Mujer Abrigo de Trinchera Clásico a Prueba de Viento Rompevientos con Solapa Negro M","Label":"Title","Locale":"es_ES"}},"Offers":{"Summaries":[{"Condition":{"Value":"New"},"LowestPrice":{"Amount":89.99,"Currency":"EUR","DisplayAmount":"89,99 €"}}]}},{"ASIN":"B0BBG31K21","DetailPageURL":"https://www.amazon.es/dp/B0BBG31K21?tag=topinalambricos-21&linkCode=osi&th=1&psc=1","Images":{"Primary":{"Small":{"Height":75,"URL":"https://m.media-amazon.com/images/I/41peEFuOwxL._SL75_.jpg","Width":75}}},"ItemInfo":{"ByLineInfo":{"Brand":{"DisplayValue":"MJZYP","Label":"Brand","Locale":"es_ES"},"Manufacturer":{"DisplayValue":"MJZYP","Label":"Manufacturer","Locale":"es_ES"}},"Title":{"DisplayValue":"Abrigos Ceremonia Mujer,Blazer Efecto Piel Marron,Gabardina Tallas Grandes,Blazer Vaquera,Americana Dorada Mujer,Blazer Cuero Negra,Plumifero Mujer Marron,Blazer Original Mujer,","Label":"Title","Locale":"es_ES"}},"Offers":{"Summaries":[{"Condition":{"Value":"New"},"LowestPrice":{"Amount":9.99,"Currency":"EUR","DisplayAmount":"9,99 €"}}]}},{"ASIN":"B07W7RYWB7","DetailPageURL":"https://www.amazon.es/dp/B07W7RYWB7?tag=topinalambricos-21&linkCode=osi&th=1&psc=1","Images":{"Primary":{"Small":{"Height":75,"URL":"https://m.media-amazon.com/images/I/41nt5hIMinL._SL75_.jpg","Width":57}}},"ItemInfo":{"ByLineInfo":{"Brand":{"DisplayValue":"BELLIVERA","Label":"Brand","Locale":"es_ES"},"Manufacturer":{"DisplayValue":"Bellivera","Label":"Manufacturer","Locale":"es_ES"}},"Title":{"DisplayValue":"BELLIVERA Gabardina de Mujer con Cuello de Piel Desmontable Chaqueta Larga de Piel Sintética 912 NegroAmarillo L","Label":"Title","Locale":"es_ES"}},"Offers":{"Summaries":[{"Condition":{"Value":"New"},"LowestPrice":{"Amount":79.99,"Currency":"EUR","DisplayAmount":"79,99 €"}}]}},{"ASIN":"B0B8Z2DL4G","DetailPageURL":"https://www.amazon.es/dp/B0B8Z2DL4G?tag=topinalambricos-21&linkCode=osi&th=1&psc=1","Images":{"Primary":{"Small":{"Height":75,"URL":"https://m.media-amazon.com/images/I/31V7UmoDE0L._SL75_.jpg","Width":56}}},"ItemInfo":{"ByLineInfo":{"Brand":{"DisplayValue":"N\\A","Label":"Brand","Locale":"es_ES"},"Manufacturer":{"DisplayValue":"SDFW","Label":"Manufacturer","Locale":"es_ES"}},"Title":{"DisplayValue":"NA SDFW otoño Extra Largo Verde PU Cuero Gabardina para Mujer cinturón Bolsillos diseñador de un Solo Pecho","Label":"Title","Locale":"es_ES"}},"Offers":{"Summaries":[{"Condition":{"Value":"New"},"LowestPrice":{"Amount":94.75,"Currency":"EUR","DisplayAmount":"94,75 €"}}]}},{"ASIN":"B09KPPDVQX","DetailPageURL":"https://www.amazon.es/dp/B09KPPDVQX?tag=topinalambricos-21&linkCode=osi&th=1&psc=1","Images":{"Primary":{"Small":{"Height":75,"URL":"https://m.media-amazon.com/images/I/41ivSxvNMJL._SL75_.jpg","Width":75}}},"ItemInfo":{"ByLineInfo":{"Brand":{"DisplayValue":"KeYIlowys","Label":"Brand","Locale":"es_ES"}},"Title":{"DisplayValue":"KeYIlowys Nuevas Chaquetas De Cuero para Mujer De Primavera Y OtoñO, Chaquetas Cortas para Mujer, Chaquetas De Cuero Delgadas Y Delgadas, Trajes De Moto para Mujer","Label":"Title","Locale":"es_ES"}},"Offers":{"Summaries":[{"Condition":{"Value":"New"},"LowestPrice":{"Amount":26.95,"Currency":"EUR","DisplayAmount":"26,95 €"}}]}},{"ASIN":"B00DJ9QV9I","DetailPageURL":"https://www.amazon.es/dp/B00DJ9QV9I?tag=topinalambricos-21&linkCode=osi&th=1&psc=1","Images":{"Primary":{"Small":{"Height":75,"URL":"https://m.media-amazon.com/images/I/31jbyCSATGL._SL75_.jpg","Width":30}}},"ItemInfo":{"ByLineInfo":{"Brand":{"DisplayValue":"Unicorn London","Label":"Brand","Locale":"es_ES"}},"Title":{"DisplayValue":"UNICORN Mujeres Genuino real cuero chaqueta Estilo clásico Gabardina Abrigo largo longitud Negro #AX Tamaño 38","Label":"Title","Locale":"es_ES"}},"Offers":{"Summaries":[{"Condition":{"Value":"New"},"LowestPrice":{"Amount":183.99,"Currency":"EUR","DisplayAmount":"183,99 €"}}]}}],"SearchURL":"https://www.amazon.es/s?k=gabardina+cuero&rh=n%3A3074296031%2Cp_n_availability%3A-1&tag=topinalambricos-21&linkCode=osi","TotalResultCount":1000}},"89":{"SearchResult":{"Items":[{"ASIN":"B0BP2M322P","DetailPageURL":"https://www.amazon.es/dp/B0BP2M322P?tag=topinalambricos-21&linkCode=osi&th=1&psc=1","Images":{"Primary":{"Small":{"Height":75,"URL":"https://m.media-amazon.com/images/I/41ol4W1WIxL._SL75_.jpg","Width":75}}},"ItemInfo":{"ByLineInfo":{"Brand":{"DisplayValue":"NUSGEAR","Label":"Brand","Locale":"es_ES"}},"Title":{"DisplayValue":"Camisa Manga Larga Mujer Moda Color sólido Blusa Camisa Cuello en V Camiseta Retro Terciopelo Suelto Tops Fiesta Casual T-Shirt Original otoño Primavera tee Basic Oficina Negocio","Label":"Title","Locale":"es_ES"}},"Offers":{"Summaries":[{"Condition":{"Value":"New"},"LowestPrice":{"Amount":13.98,"Currency":"EUR","DisplayAmount":"13,98 €"}}]}},{"ASIN":"B09QYXCVCY","DetailPageURL":"https://www.amazon.es/dp/B09QYXCVCY?tag=topinalambricos-21&linkCode=osi&th=1&psc=1","Images":{"Primary":{"Small":{"Height":75,"URL":"https://m.media-amazon.com/images/I/41Lx1fOPafL._SL75_.jpg","Width":37}}},"ItemInfo":{"ByLineInfo":{"Brand":{"DisplayValue":"Koucla","Label":"Brand","Locale":"es_ES"}},"Title":{"DisplayValue":"Koucla Blusa con aspecto de piel sintética para atar, rojo, Tallaúnica","Label":"Title","Locale":"es_ES"}},"Offers":{"Summaries":[{"Condition":{"Value":"New"},"LowestPrice":{"Amount":34.93,"Currency":"EUR","DisplayAmount":"34,93 €"}}]}},{"ASIN":"B0C4SYZMS5","DetailPageURL":"https://www.amazon.es/dp/B0C4SYZMS5?tag=topinalambricos-21&linkCode=osi&th=1&psc=1","Images":{"Primary":{"Small":{"Height":75,"URL":"https://m.media-amazon.com/images/I/51U7PtV767L._SL75_.jpg","Width":75}}},"ItemInfo":{"ByLineInfo":{"Brand":{"DisplayValue":"VEMOW","Label":"Brand","Locale":"es_ES"},"Manufacturer":{"DisplayValue":"VEMOW","Label":"Manufacturer","Locale":"es_ES"}},"Title":{"DisplayValue":"Camiseta Holgada con Bolsillo de Manga Corta de Color sólido a la Moda con Cuello en V para Mujer Camisa Escote Mujer (A1-Grey, XXXL)","Label":"Title","Locale":"es_ES"}},"Offers":{"Summaries":[{"Condition":{"Value":"New"},"LowestPrice":{"Amount":12.99,"Currency":"EUR","DisplayAmount":"12,99 €"}}]}},{"ASIN":"B08YY7MDRZ","DetailPageURL":"https://www.amazon.es/dp/B08YY7MDRZ?tag=topinalambricos-21&linkCode=osi&th=1&psc=1","Images":{"Primary":{"Small":{"Height":75,"URL":"https://m.media-amazon.com/images/I/41A3aJ4AKfL._SL75_.jpg","Width":55}}},"ItemInfo":{"ByLineInfo":{"Brand":{"DisplayValue":"Modasua","Label":"Brand","Locale":"es_ES"}},"Title":{"DisplayValue":"Modasua Mujer Blusa Camisa Manga Larga para Sudadera Gasa Color sólido Blusa Encaje Vintage Tops Camisa Tops Sueltos Camiseta con Cuello en v Túnica Elegante con Mangas de Globo","Label":"Title","Locale":"es_ES"}},"Offers":{"Summaries":[{"Condition":{"Value":"New"},"LowestPrice":{"Amount":32.99,"Currency":"EUR","DisplayAmount":"32,99 €"}}]}},{"ASIN":"B0BZSF8XH4","DetailPageURL":"https://www.amazon.es/dp/B0BZSF8XH4?tag=topinalambricos-21&linkCode=osi&th=1&psc=1","Images":{"Primary":{"Small":{"Height":75,"URL":"https://m.media-amazon.com/images/I/41yCh3RITBS._SL75_.jpg","Width":75}}},"ItemInfo":{"ByLineInfo":{"Brand":{"DisplayValue":"Sunnyuk","Label":"Brand","Locale":"es_ES"},"Manufacturer":{"DisplayValue":"Sunnyuk","Label":"Manufacturer","Locale":"es_ES"}},"Title":{"DisplayValue":"Camisas Mujer Manga Corta Blusas Mujer Verano con Cuello en V Blusa de Original Elegante Blusa Señoras Verano Sexy Chicas Adolescentes Tops Informal Camisetas para Mujeres","Label":"Title","Locale":"es_ES"}},"Offers":{"Summaries":[{"Condition":{"Value":"New"},"LowestPrice":{"Amount":4.17,"Currency":"EUR","DisplayAmount":"4,17 €"}}]}},{"ASIN":"B0C13XHCD6","DetailPageURL":"https://www.amazon.es/dp/B0C13XHCD6?tag=topinalambricos-21&linkCode=osi&th=1&psc=1","Images":{"Primary":{"Small":{"Height":75,"URL":"https://m.media-amazon.com/images/I/51rjPDu4bvL._SL75_.jpg","Width":75}}},"ItemInfo":{"ByLineInfo":{"Brand":{"DisplayValue":"Sunnyuk","Label":"Brand","Locale":"es_ES"},"Manufacturer":{"DisplayValue":"Sunnyuk","Label":"Manufacturer","Locale":"es_ES"}},"Title":{"DisplayValue":"Camisas Mujer Manga Corta Blusa Señoras Verano Sexy Blusa de Original Elegante Chicas Adolescentes Blusas Mujer Verano con Cuello en V Camisetas para Mujeres Tops Informal","Label":"Title","Locale":"es_ES"}},"Offers":{"Summaries":[{"Condition":{"Value":"New"},"LowestPrice":{"Amount":5.54,"Currency":"EUR","DisplayAmount":"5,54 €"}}]}},{"ASIN":"B0C1HKTY2V","DetailPageURL":"https://www.amazon.es/dp/B0C1HKTY2V?tag=topinalambricos-21&linkCode=osi&th=1&psc=1","Images":{"Primary":{"Small":{"Height":75,"URL":"https://m.media-amazon.com/images/I/415eMoh0ADL._SL75_.jpg","Width":75}}},"ItemInfo":{"ByLineInfo":{"Brand":{"DisplayValue":"Sunnyuk","Label":"Brand","Locale":"es_ES"},"Manufacturer":{"DisplayValue":"🚀 Sunnyuk: 7 ~ 15 días!🚀 Material cómodo; Los mejores regalos para mujeres.","Label":"Manufacturer","Locale":"es_ES"}},"Title":{"DisplayValue":"Sunnyuk Camiseta de Mujer Manga Corta Tops Casual Fiesta Blusa Camisa Cuello Elegante Sexy T-Shirt Original tee Basica Camiseta Suelto Verano con Cuello en V Impresión Primavera Otoño","Label":"Title","Locale":"es_ES"}},"Offers":{"Summaries":[{"Condition":{"Value":"New"},"LowestPrice":{"Amount":9.11,"Currency":"EUR","DisplayAmount":"9,11 €"}}]}},{"ASIN":"B0C13L93TR","DetailPageURL":"https://www.amazon.es/dp/B0C13L93TR?tag=topinalambricos-21&linkCode=osi&th=1&psc=1","Images":{"Primary":{"Small":{"Height":75,"URL":"https://m.media-amazon.com/images/I/31GNYnoXl-L._SL75_.jpg","Width":75}}},"ItemInfo":{"ByLineInfo":{"Brand":{"DisplayValue":"Sunnyuk","Label":"Brand","Locale":"es_ES"},"Manufacturer":{"DisplayValue":"Sunnyuk","Label":"Manufacturer","Locale":"es_ES"}},"Title":{"DisplayValue":"Camisas Mujer Manga Corta Blusa de Original Elegante Blusa Señoras Verano Sexy Chicas Adolescentes Tops Informal Camisetas para Mujeres Blusas Mujer Verano con Cuello en V","Label":"Title","Locale":"es_ES"}},"Offers":{"Summaries":[{"Condition":{"Value":"New"},"LowestPrice":{"Amount":7.22,"Currency":"EUR","DisplayAmount":"7,22 €"}}]}},{"ASIN":"B0BS67ZCRX","DetailPageURL":"https://www.amazon.es/dp/B0BS67ZCRX?tag=topinalambricos-21&linkCode=osi&th=1&psc=1","Images":{"Primary":{"Small":{"Height":75,"URL":"https://m.media-amazon.com/images/I/419gFEFkNwL._SL75_.jpg","Width":75}}},"ItemInfo":{"ByLineInfo":{"Brand":{"DisplayValue":"Hanaturu","Label":"Brand","Locale":"es_ES"}},"Title":{"DisplayValue":"Camisolas Abiertas,Camisolas para Leggins,Sudadera Rock,Tops Lunares,Camisa con Lazo,Blusa Lino Mujer,Top de Seda Mujer,Blusa Gris Mujer,Camisetas de Chica,Camisas fluidas Mujer,termica Mujer,","Label":"Title","Locale":"es_ES"}},"Offers":{"Summaries":[{"Condition":{"Value":"New"},"LowestPrice":{"Amount":21.8,"Currency":"EUR","DisplayAmount":"21,80 €"}}]}},{"ASIN":"B0C1ZPXCBC","DetailPageURL":"https://www.amazon.es/dp/B0C1ZPXCBC?tag=topinalambricos-21&linkCode=osi&th=1&psc=1","Images":{"Primary":{"Small":{"Height":75,"URL":"https://m.media-amazon.com/images/I/41bMvBX8emL._SL75_.jpg","Width":75}}},"ItemInfo":{"ByLineInfo":{"Brand":{"DisplayValue":"Sunnyuk","Label":"Brand","Locale":"es_ES"},"Manufacturer":{"DisplayValue":"🚀 Sunnyuk: 7 ~ 15 días!🚀 Material cómodo; Los mejores regalos para mujeres.","Label":"Manufacturer","Locale":"es_ES"}},"Title":{"DisplayValue":"2023 Camisa de Manga Corta Mujer, Lino basic Suelto Tee vacación cárdigan Moda Casual Cuello Redondo Primavera otoño Tops Elegante Impresión Fiesta T-Shirt original Blusa camiseta","Label":"Title","Locale":"es_ES"}},"Offers":{"Summaries":[{"Condition":{"Value":"New"},"LowestPrice":{"Amount":10.62,"Currency":"EUR","DisplayAmount":"10,62 €"}}]}}],"SearchURL":"https://www.amazon.es/s?k=camisa+cuero+piel&rh=n%3A3074053031%2Cp_n_availability%3A-1&tag=topinalambricos-21&linkCode=osi","TotalResultCount":1000}},"93":{"SearchResult":{"Items":[{"ASIN":"B0BK61PYM2","DetailPageURL":"https://www.amazon.es/dp/B0BK61PYM2?tag=topinalambricos-21&linkCode=osi&th=1&psc=1","Images":{"Primary":{"Small":{"Height":46,"URL":"https://m.media-amazon.com/images/I/31fE9EnDYtL._SL75_.jpg","Width":75}}},"ItemInfo":{"ByLineInfo":{"Brand":{"DisplayValue":"Desconocido","Label":"Brand","Locale":"es_ES"},"Manufacturer":{"DisplayValue":"generic","Label":"Manufacturer","Locale":"es_ES"}},"Title":{"DisplayValue":"Pulsera de los hombres, con cierre de acero inoxidable, pulsera de cuero trenzado joyería de moda negro Hermoso diseño","Label":"Title","Locale":"es_ES"}},"Offers":{"Summaries":[{"Condition":{"Value":"New"},"LowestPrice":{"Amount":1.68,"Currency":"EUR","DisplayAmount":"1,68 €"}}]}},{"ASIN":"B0BHJGV6YD","DetailPageURL":"https://www.amazon.es/dp/B0BHJGV6YD?tag=topinalambricos-21&linkCode=osi&th=1&psc=1","Images":{"Primary":{"Small":{"Height":43,"URL":"https://m.media-amazon.com/images/I/41AzLaGLWLL._SL75_.jpg","Width":75}}},"ItemInfo":{"ByLineInfo":{"Brand":{"DisplayValue":"Tommy Hilfiger","Label":"Brand","Locale":"es_ES"},"Manufacturer":{"DisplayValue":"Movado Group Sàrl","Label":"Manufacturer","Locale":"es_ES"}},"Title":{"DisplayValue":"Tommy Hilfiger Jewelry Pulsera de piel para Hombre Marrón - 2790425","Label":"Title","Locale":"es_ES"}},"Offers":{"Summaries":[{"Condition":{"Value":"New"},"LowestPrice":{"Amount":69.0,"Currency":"EUR","DisplayAmount":"69,00 €"}}]}},{"ASIN":"B082ND9HTN","DetailPageURL":"https://www.amazon.es/dp/B082ND9HTN?tag=topinalambricos-21&linkCode=osi&th=1&psc=1","Images":{"Primary":{"Small":{"Height":75,"URL":"https://m.media-amazon.com/images/I/41NNs+ZNyfL._SL75_.jpg","Width":68}}},"ItemInfo":{"ByLineInfo":{"Brand":{"DisplayValue":"LOLIAS","Label":"Brand","Locale":"es_ES"},"Manufacturer":{"DisplayValue":"LOLIAS","Label":"Manufacturer","Locale":"es_ES"}},"Title":{"DisplayValue":"LOLIAS 2PCS Pulsera Cuero Genuino para Hombres Mujeres Cinturón Pulsera Ancha Hebilla Sujeción Brazo Armadura Brazalete Unisex Pareja Brazalete, Negro/Marrón","Label":"Title","Locale":"es_ES"}},"Offers":{"Summaries":[{"Condition":{"Value":"New"},"LowestPrice":{"Amount":13.99,"Currency":"EUR","DisplayAmount":"13,99 €"}}]}},{"ASIN":"B09W9Q78RD","DetailPageURL":"https://www.amazon.es/dp/B09W9Q78RD?tag=topinalambricos-21&linkCode=osi&th=1&psc=1","Images":{"Primary":{"Small":{"Height":75,"URL":"https://m.media-amazon.com/images/I/51BOwBxHnTL._SL75_.jpg","Width":75}}},"ItemInfo":{"ByLineInfo":{"Brand":{"DisplayValue":"MILACOLATO","Label":"Brand","Locale":"es_ES"},"Manufacturer":{"DisplayValue":"MILACOLATO","Label":"Manufacturer","Locale":"es_ES"}},"Title":{"DisplayValue":"MILACOLATO 17 Uds Pulsera Hombre, Pulsera Cuero Mujer/Hombre Pulsera De Cuero Trenzado para Hombres y Mujeres Pulsera De Cuero Brazalete Punk Pulseras Accesorios Joyería para Hombre","Label":"Title","Locale":"es_ES"}},"Offers":{"Summaries":[{"Condition":{"Value":"New"},"LowestPrice":{"Amount":16.99,"Currency":"EUR","DisplayAmount":"16,99 €"}}]}},{"ASIN":"B09H7JG984","DetailPageURL":"https://www.amazon.es/dp/B09H7JG984?tag=topinalambricos-21&linkCode=osi&th=1&psc=1","Images":{"Primary":{"Small":{"Height":75,"URL":"https://m.media-amazon.com/images/I/61C3tIQ+XQL._SL75_.jpg","Width":55}}},"ItemInfo":{"ByLineInfo":{"Brand":{"DisplayValue":"LOLIAS","Label":"Brand","Locale":"es_ES"},"Manufacturer":{"DisplayValue":"LOLIAS","Label":"Manufacturer","Locale":"es_ES"}},"Title":{"DisplayValue":"LOLIAS 27/31 Piezas Cuero Pulseras para Hombre Mujer Retro Tejida Pulsera de Traje de Cuero Multicapa Trenzado Pulsera Cuentas de Madera Cuerda Brazalet Vintage Pulsera Ajustable","Label":"Title","Locale":"es_ES"}},"Offers":{"Summaries":[{"Condition":{"Value":"New"},"LowestPrice":{"Amount":16.99,"Currency":"EUR","DisplayAmount":"16,99 €"}}]}},{"ASIN":"B07C4SMVRQ","DetailPageURL":"https://www.amazon.es/dp/B07C4SMVRQ?tag=topinalambricos-21&linkCode=osi&th=1&psc=1","Images":{"Primary":{"Small":{"Height":75,"URL":"https://m.media-amazon.com/images/I/51aXIQptC9L._SL75_.jpg","Width":75}}},"ItemInfo":{"ByLineInfo":{"Brand":{"DisplayValue":"COOLSTEELANDBEYOND","Label":"Brand","Locale":"es_ES"},"Manufacturer":{"DisplayValue":"COOLSTEELANDBEYOND","Label":"Manufacturer","Locale":"es_ES"}},"Title":{"DisplayValue":"COOLSTEELANDBEYOND Tres Filas Amor Infinito Número 8 Entretejido Marrón Negro Trenzado Cuero Pulsera Brazalete de Hombre de Mujer","Label":"Title","Locale":"es_ES"}},"Offers":{"Summaries":[{"Condition":{"Value":"New"},"LowestPrice":{"Amount":21.99,"Currency":"EUR","DisplayAmount":"21,99 €"}}]}},{"ASIN":"B01BV8YCKS","DetailPageURL":"https://www.amazon.es/dp/B01BV8YCKS?tag=topinalambricos-21&linkCode=osi&th=1&psc=1","Images":{"Primary":{"Small":{"Height":75,"URL":"https://m.media-amazon.com/images/I/41k9N5E593L._SL75_.jpg","Width":75}}},"ItemInfo":{"ByLineInfo":{"Brand":{"DisplayValue":"Viceroy","Label":"Brand","Locale":"es_ES"},"Manufacturer":{"DisplayValue":"Viceroy","Label":"Manufacturer","Locale":"es_ES"}},"Title":{"DisplayValue":"Viceroy Pulsera Fashion de acero bicolor e ip negro para hombre. Correa negra","Label":"Title","Locale":"es_ES"}},"Offers":{"Summaries":[{"Condition":{"Value":"New"},"LowestPrice":{"Amount":24.8,"Currency":"EUR","DisplayAmount":"24,80 €"}}]}},{"ASIN":"B07YSGKQW9","DetailPageURL":"https://www.amazon.es/dp/B07YSGKQW9?tag=topinalambricos-21&linkCode=osi&th=1&psc=1","Images":{"Primary":{"Small":{"Height":75,"URL":"https://m.media-amazon.com/images/I/51sfWJUhghL._SL75_.jpg","Width":75}}},"ItemInfo":{"ByLineInfo":{"Brand":{"DisplayValue":"flintronic","Label":"Brand","Locale":"es_ES"},"Manufacturer":{"DisplayValue":"flintronic®-eu","Label":"Manufacturer","Locale":"es_ES"}},"Title":{"DisplayValue":"flintronic® Pulsera Hombre, 6 Piezas Personalidad Retro Tejida Pulsera de Traje de Cuero Multicapa, Pulseras Retro, Moda Pulsera de Cuero Brazalete Trenzado Roccia Punk, Ajustable (#3 Serie)","Label":"Title","Locale":"es_ES"}},"Offers":{"Summaries":[{"Condition":{"Value":"New"},"LowestPrice":{"Amount":6.99,"Currency":"EUR","DisplayAmount":"6,99 €"}}]}},{"ASIN":"B00YUQ84OY","DetailPageURL":"https://www.amazon.es/dp/B00YUQ84OY?tag=topinalambricos-21&linkCode=osi&th=1&psc=1","Images":{"Primary":{"Small":{"Height":64,"URL":"https://m.media-amazon.com/images/I/41qoYwXS5kL._SL75_.jpg","Width":75}}},"ItemInfo":{"ByLineInfo":{"Brand":{"DisplayValue":"Viceroy","Label":"Brand","Locale":"es_ES"},"Manufacturer":{"DisplayValue":"Viceroy","Label":"Manufacturer","Locale":"es_ES"}},"Title":{"DisplayValue":"Viceroy Pulsera para hombre de moda de acero inoxidable, piel, 21,5 cm, 6304P09013, 21.5 centimeters, Cuero","Label":"Title","Locale":"es_ES"}},"Offers":{"Summaries":[{"Condition":{"Value":"New"},"LowestPrice":{"Amount":30.0,"Currency":"EUR","DisplayAmount":"30,00 €"}}]}},{"ASIN":"B00OAABXW0","DetailPageURL":"https://www.amazon.es/dp/B00OAABXW0?tag=topinalambricos-21&linkCode=osi&th=1&psc=1","Images":{"Primary":{"Small":{"Height":62,"URL":"https://m.media-amazon.com/images/I/41m6BIqIgaL._SL75_.jpg","Width":75}}},"ItemInfo":{"ByLineInfo":{"Brand":{"DisplayValue":"Viceroy","Label":"Brand","Locale":"es_ES"},"Manufacturer":{"DisplayValue":"Viceroy","Label":"Manufacturer","Locale":"es_ES"}},"Title":{"DisplayValue":"Viceroy Brazalete Yard de Acero Inoxidable para Hombre, 21,5 cm, 6097P09010, 21.5 Centimeters, Cuero, Sin Piedra","Label":"Title","Locale":"es_ES"}},"Offers":{"Summaries":[{"Condition":{"Value":"New"},"LowestPrice":{"Amount":25.0,"Currency":"EUR","DisplayAmount":"25,00 €"}}]}}],"SearchURL":"https://www.amazon.es/s?k=de+cuero&rh=n%3A10440403031%2Cp_n_availability%3A-1&tag=topinalambricos-21&linkCode=osi","TotalResultCount":1000}},"94":{"SearchResult":{"Items":[{"ASIN":"B08KS76HDQ","DetailPageURL":"https://www.amazon.es/dp/B08KS76HDQ?tag=topinalambricos-21&linkCode=osi&th=1&psc=1","Images":{"Primary":{"Small":{"Height":75,"URL":"https://m.media-amazon.com/images/I/31XtA7Vz-0L._SL75_.jpg","Width":60}}},"ItemInfo":{"ByLineInfo":{"Brand":{"DisplayValue":"Viceroy","Label":"Brand","Locale":"es_ES"},"Manufacturer":{"DisplayValue":"Viceroy","Label":"Manufacturer","Locale":"es_ES"}},"Title":{"DisplayValue":"VICEROY FASHION Pulsera 1304P01010 Acero y Cuero","Label":"Title","Locale":"es_ES"}},"Offers":{"Summaries":[{"Condition":{"Value":"New"},"LowestPrice":{"Amount":25.0,"Currency":"EUR","DisplayAmount":"25,00 €"}}]}},{"ASIN":"B00YUQ84OY","DetailPageURL":"https://www.amazon.es/dp/B00YUQ84OY?tag=topinalambricos-21&linkCode=osi&th=1&psc=1","Images":{"Primary":{"Small":{"Height":64,"URL":"https://m.media-amazon.com/images/I/41qoYwXS5kL._SL75_.jpg","Width":75}}},"ItemInfo":{"ByLineInfo":{"Brand":{"DisplayValue":"Viceroy","Label":"Brand","Locale":"es_ES"},"Manufacturer":{"DisplayValue":"Viceroy","Label":"Manufacturer","Locale":"es_ES"}},"Title":{"DisplayValue":"Viceroy Pulsera para hombre de moda de acero inoxidable, piel, 21,5 cm, 6304P09013, 21.5 centimeters, Cuero","Label":"Title","Locale":"es_ES"}},"Offers":{"Summaries":[{"Condition":{"Value":"New"},"LowestPrice":{"Amount":30.0,"Currency":"EUR","DisplayAmount":"30,00 €"}}]}},{"ASIN":"B00OAABXW0","DetailPageURL":"https://www.amazon.es/dp/B00OAABXW0?tag=topinalambricos-21&linkCode=osi&th=1&psc=1","Images":{"Primary":{"Small":{"Height":62,"URL":"https://m.media-amazon.com/images/I/41m6BIqIgaL._SL75_.jpg","Width":75}}},"ItemInfo":{"ByLineInfo":{"Brand":{"DisplayValue":"Viceroy","Label":"Brand","Locale":"es_ES"},"Manufacturer":{"DisplayValue":"Viceroy","Label":"Manufacturer","Locale":"es_ES"}},"Title":{"DisplayValue":"Viceroy Brazalete Yard de Acero Inoxidable para Hombre, 21,5 cm, 6097P09010, 21.5 Centimeters, Cuero, Sin Piedra","Label":"Title","Locale":"es_ES"}},"Offers":{"Summaries":[{"Condition":{"Value":"New"},"LowestPrice":{"Amount":25.0,"Currency":"EUR","DisplayAmount":"25,00 €"}}]}},{"ASIN":"B07HN4CWS3","DetailPageURL":"https://www.amazon.es/dp/B07HN4CWS3?tag=topinalambricos-21&linkCode=osi&th=1&psc=1","Images":{"Primary":{"Small":{"Height":75,"URL":"https://m.media-amazon.com/images/I/31IPPomazAL._SL75_.jpg","Width":60}}},"ItemInfo":{"ByLineInfo":{"Brand":{"DisplayValue":"Viceroy","Label":"Brand","Locale":"es_ES"}},"Title":{"DisplayValue":"Pulsera Viceroy 75057P09011 Fashion Acero y Piel","Label":"Title","Locale":"es_ES"}},"Offers":{"Summaries":[{"Condition":{"Value":"New"},"LowestPrice":{"Amount":28.99,"Currency":"EUR","DisplayAmount":"28,99 €"}}]}},{"ASIN":"B017P9ZRF6","DetailPageURL":"https://www.amazon.es/dp/B017P9ZRF6?tag=topinalambricos-21&linkCode=osi&th=1&psc=1","Images":{"Primary":{"Small":{"Height":75,"URL":"https://m.media-amazon.com/images/I/31p+qLVGTmL._SL75_.jpg","Width":60}}},"ItemInfo":{"ByLineInfo":{"Brand":{"DisplayValue":"Viceroy","Label":"Brand","Locale":"es_ES"},"Manufacturer":{"DisplayValue":"Viceroy","Label":"Manufacturer","Locale":"es_ES"}},"Title":{"DisplayValue":"Viceroy, Brazalete Moderno para Hombre, de Acero Inoxidable y Piel 21.5 cm - 6300P01010","Label":"Title","Locale":"es_ES"}},"Offers":{"Summaries":[{"Condition":{"Value":"New"},"LowestPrice":{"Amount":31.49,"Currency":"EUR","DisplayAmount":"31,49 €"}}]}},{"ASIN":"B016YLPI3M","DetailPageURL":"https://www.amazon.es/dp/B016YLPI3M?tag=topinalambricos-21&linkCode=osi&th=1&psc=1","Images":{"Primary":{"Small":{"Height":75,"URL":"https://m.media-amazon.com/images/I/41fmOzlcEbL._SL75_.jpg","Width":75}}},"ItemInfo":{"ByLineInfo":{"Brand":{"DisplayValue":"Viceroy","Label":"Brand","Locale":"es_ES"},"Manufacturer":{"DisplayValue":"Viceroy","Label":"Manufacturer","Locale":"es_ES"}},"Title":{"DisplayValue":"Viceroy Pulsera para hombre, acero inoxidable parcialmente chapado en oro, caucho de 21,5 cm - 6336P09011, 21.5 centimeters, Caucho","Label":"Title","Locale":"es_ES"}},"Offers":{"Summaries":[{"Condition":{"Value":"Used"},"LowestPrice":{"Amount":37.0,"Currency":"EUR","DisplayAmount":"37,00 €"}},{"Condition":{"Value":"New"},"LowestPrice":{"Amount":35.0,"Currency":"EUR","DisplayAmount":"35,00 €"}}]}},{"ASIN":"B094D3M5GN","DetailPageURL":"https://www.amazon.es/dp/B094D3M5GN?tag=topinalambricos-21&linkCode=osi&th=1&psc=1","Images":{"Primary":{"Small":{"Height":75,"URL":"https://m.media-amazon.com/images/I/31AW5hckA8S._SL75_.jpg","Width":60}}},"ItemInfo":{"ByLineInfo":{"Brand":{"DisplayValue":"Viceroy","Label":"Brand","Locale":"es_ES"},"Manufacturer":{"DisplayValue":"Viceroy Jewels","Label":"Manufacturer","Locale":"es_ES"}},"Title":{"DisplayValue":"Pulsera Viceroy Fashion 15108P01011","Label":"Title","Locale":"es_ES"}},"Offers":{"Summaries":[{"Condition":{"Value":"New"},"LowestPrice":{"Amount":31.5,"Currency":"EUR","DisplayAmount":"31,50 €"}}]}},{"ASIN":"B09LFK4GRX","DetailPageURL":"https://www.amazon.es/dp/B09LFK4GRX?tag=topinalambricos-21&linkCode=osi&th=1&psc=1","Images":{"Primary":{"Small":{"Height":75,"URL":"https://m.media-amazon.com/images/I/31qsC6AHL3L._SL75_.jpg","Width":60}}},"ItemInfo":{"ByLineInfo":{"Brand":{"DisplayValue":"Viceroy","Label":"Brand","Locale":"es_ES"},"Manufacturer":{"DisplayValue":"Viceroy","Label":"Manufacturer","Locale":"es_ES"}},"Title":{"DisplayValue":"Pulsera Viceroy Magnum 75282P01011","Label":"Title","Locale":"es_ES"}},"Offers":{"Summaries":[{"Condition":{"Value":"New"},"LowestPrice":{"Amount":26.1,"Currency":"EUR","DisplayAmount":"26,10 €"}}]}},{"ASIN":"B07HN4F7L6","DetailPageURL":"https://www.amazon.es/dp/B07HN4F7L6?tag=topinalambricos-21&linkCode=osi&th=1&psc=1","Images":{"Primary":{"Small":{"Height":75,"URL":"https://m.media-amazon.com/images/I/31LxxckLw+L._SL75_.jpg","Width":60}}},"ItemInfo":{"ByLineInfo":{"Brand":{"DisplayValue":"VICEROY FASHION","Label":"Brand","Locale":"es_ES"}},"Title":{"DisplayValue":"Pulsera Viceroy 75060P01010 Fashion Acero y Piel","Label":"Title","Locale":"es_ES"}},"Offers":{"Summaries":[{"Condition":{"Value":"New"},"LowestPrice":{"Amount":40.5,"Currency":"EUR","DisplayAmount":"40,50 €"}}]}},{"ASIN":"B09MW6GJNP","DetailPageURL":"https://www.amazon.es/dp/B09MW6GJNP?tag=topinalambricos-21&linkCode=osi&th=1&psc=1","Images":{"Primary":{"Small":{"Height":75,"URL":"https://m.media-amazon.com/images/I/31FFMq+MLuL._SL75_.jpg","Width":60}}},"ItemInfo":{"ByLineInfo":{"Brand":{"DisplayValue":"VICEROY FASHION","Label":"Brand","Locale":"es_ES"},"Manufacturer":{"DisplayValue":"Viceroy Fashion","Label":"Manufacturer","Locale":"es_ES"}},"Title":{"DisplayValue":"Viceroy Pulsera Fashion Hombre Acero Cuero","Label":"Title","Locale":"es_ES"}},"Offers":{"Summaries":[{"Condition":{"Value":"New"},"LowestPrice":{"Amount":26.1,"Currency":"EUR","DisplayAmount":"26,10 €"}}]}}],"SearchURL":"https://www.amazon.es/s?k=cuero+viceroy&rh=n%3A10440403031%2Cp_n_availability%3A-1&tag=topinalambricos-21&linkCode=osi","TotalResultCount":95}},"95":{"SearchResult":{"Items":[{"ASIN":"B01M8M4NE7","DetailPageURL":"https://www.amazon.es/dp/B01M8M4NE7?tag=topinalambricos-21&linkCode=osi&th=1&psc=1","Images":{"Primary":{"Small":{"Height":75,"URL":"https://m.media-amazon.com/images/I/21qFBtjW6FL._SL75_.jpg","Width":45}}},"ItemInfo":{"ByLineInfo":{"Brand":{"DisplayValue":"LOTUS STYLE","Label":"Brand","Locale":"es_ES"}},"Title":{"DisplayValue":"PULSERA DE CUERO LS1829-2/1 LOTUS STYLE NEGRA 21 CM","Label":"Title","Locale":"es_ES"}},"Offers":{"Summaries":[{"Condition":{"Value":"New"},"LowestPrice":{"Amount":28.93,"Currency":"EUR","DisplayAmount":"28,93 €"}}]}},{"ASIN":"B07L46FFRM","DetailPageURL":"https://www.amazon.es/dp/B07L46FFRM?tag=topinalambricos-21&linkCode=osi&th=1&psc=1","Images":{"Primary":{"Small":{"Height":75,"URL":"https://m.media-amazon.com/images/I/413ZbqhfYeL._SL75_.jpg","Width":75}}},"ItemInfo":{"ByLineInfo":{"Brand":{"DisplayValue":"Lotus","Label":"Brand","Locale":"es_ES"},"Manufacturer":{"DisplayValue":"LOTUS","Label":"Manufacturer","Locale":"es_ES"}},"Title":{"DisplayValue":"Lotus Pulsera de piel Style LS1829-2/3, para mujer/hombre, negro y rojo, D2JLS1829-2-3, un bonito regalo para Navidad, cumpleaños, para el hombre, 22 centimeters, Cuero Acero inoxidable piel","Label":"Title","Locale":"es_ES"}},"Offers":{"Summaries":[{"Condition":{"Value":"New"},"LowestPrice":{"Amount":29.0,"Currency":"EUR","DisplayAmount":"29,00 €"}}]}},{"ASIN":"B01M67UHC3","DetailPageURL":"https://www.amazon.es/dp/B01M67UHC3?tag=topinalambricos-21&linkCode=osi&th=1&psc=1","Images":{"Primary":{"Small":{"Height":75,"URL":"https://m.media-amazon.com/images/I/212WqVj76lL._SL75_.jpg","Width":45}}},"ItemInfo":{"ByLineInfo":{"Brand":{"DisplayValue":"LOTUS STYLE","Label":"Brand","Locale":"es_ES"},"Manufacturer":{"DisplayValue":"Lotus Style","Label":"Manufacturer","Locale":"es_ES"}},"Title":{"DisplayValue":"Lotus Style LS1829/2/3 Pulsera para Hombre","Label":"Title","Locale":"es_ES"}},"Offers":{"Summaries":[{"Condition":{"Value":"New"},"LowestPrice":{"Amount":26.1,"Currency":"EUR","DisplayAmount":"26,10 €"}}]}},{"ASIN":"B07PKP6DW7","DetailPageURL":"https://www.amazon.es/dp/B07PKP6DW7?tag=topinalambricos-21&linkCode=osi&th=1&psc=1","Images":{"Primary":{"Small":{"Height":75,"URL":"https://m.media-amazon.com/images/I/31qfKh9u9IL._SL75_.jpg","Width":75}}},"ItemInfo":{"ByLineInfo":{"Brand":{"DisplayValue":"Lotus","Label":"Brand","Locale":"es_ES"},"Manufacturer":{"DisplayValue":"Lotus STYLE","Label":"Manufacturer","Locale":"es_ES"}},"Title":{"DisplayValue":"Lotus Pulsera para hombre con ancla LS1832-2/1 de cuero negro estilo D4JLS1832-2-1 pulsera presentada por IMPPAC, 21 centimeters, Cuero","Label":"Title","Locale":"es_ES"}},"Offers":{"Summaries":[{"Condition":{"Value":"New"},"LowestPrice":{"Amount":29.0,"Currency":"EUR","DisplayAmount":"29,00 €"}}]}},{"ASIN":"B07PG7YSZF","DetailPageURL":"https://www.amazon.es/dp/B07PG7YSZF?tag=topinalambricos-21&linkCode=osi&th=1&psc=1","Images":{"Primary":{"Small":{"Height":75,"URL":"https://m.media-amazon.com/images/I/31ih9hiMOjL._SL75_.jpg","Width":75}}},"ItemInfo":{"ByLineInfo":{"Brand":{"DisplayValue":"Lotus","Label":"Brand","Locale":"es_ES"},"Manufacturer":{"DisplayValue":"LOTUS Style","Label":"Manufacturer","Locale":"es_ES"}},"Title":{"DisplayValue":"Lotus Style LS1829-2/5 - Pulsera de piel para mujer y hombre, color azul, 22 centimeters, Cuero","Label":"Title","Locale":"es_ES"}},"Offers":{"Summaries":[{"Condition":{"Value":"New"},"LowestPrice":{"Amount":29.0,"Currency":"EUR","DisplayAmount":"29,00 €"}}]}},{"ASIN":"B00O44EZL8","DetailPageURL":"https://www.amazon.es/dp/B00O44EZL8?tag=topinalambricos-21&linkCode=osi&th=1&psc=1","Images":{"Primary":{"Small":{"Height":75,"URL":"https://m.media-amazon.com/images/I/31rEPbfRJIL._SL75_.jpg","Width":75}}},"ItemInfo":{"ByLineInfo":{"Brand":{"DisplayValue":"Lotus","Label":"Brand","Locale":"es_ES"},"Contributors":[{"Locale":"es_ES","Name":"LOTUS Style","Role":"Diseñador","RoleType":"designer"}],"Manufacturer":{"DisplayValue":"Lotus","Label":"Manufacturer","Locale":"es_ES"}},"Title":{"DisplayValue":"Ref.Ls1036-2/2 Pulsera Lotus Style","Label":"Title","Locale":"es_ES"}},"Offers":{"Summaries":[{"Condition":{"Value":"New"},"LowestPrice":{"Amount":24.0,"Currency":"EUR","DisplayAmount":"24,00 €"}}]}},{"ASIN":"B07XVPV7SS","DetailPageURL":"https://www.amazon.es/dp/B07XVPV7SS?tag=topinalambricos-21&linkCode=osi&th=1&psc=1","Images":{"Primary":{"Small":{"Height":75,"URL":"https://m.media-amazon.com/images/I/21JFWtvuMFL._SL75_.jpg","Width":45}}},"ItemInfo":{"ByLineInfo":{"Brand":{"DisplayValue":"Lotus","Label":"Brand","Locale":"es_ES"},"Manufacturer":{"DisplayValue":"LOTUS","Label":"Manufacturer","Locale":"es_ES"}},"Title":{"DisplayValue":"Lotus Pulsera Style Basic Hombre LS1965-2/1","Label":"Title","Locale":"es_ES"}},"Offers":{"Summaries":[{"Condition":{"Value":"New"},"LowestPrice":{"Amount":23.49,"Currency":"EUR","DisplayAmount":"23,49 €"}}]}},{"ASIN":"B07PLH6W3W","DetailPageURL":"https://www.amazon.es/dp/B07PLH6W3W?tag=topinalambricos-21&linkCode=osi&th=1&psc=1","Images":{"Primary":{"Small":{"Height":75,"URL":"https://m.media-amazon.com/images/I/31nN3fagJaL._SL75_.jpg","Width":75}}},"ItemInfo":{"ByLineInfo":{"Brand":{"DisplayValue":"Lotus","Label":"Brand","Locale":"es_ES"},"Manufacturer":{"DisplayValue":"Lotus STYLE","Label":"Manufacturer","Locale":"es_ES"}},"Title":{"DisplayValue":"Lotus Pulsera de cuero para mujer/hombre LS1827-2/3 joyas de cuero marrón estilo D4JLS1827-2-3 presentada por IMPPAC, 22 centimeters, Cuero","Label":"Title","Locale":"es_ES"}},"Offers":{"Summaries":[{"Condition":{"Value":"New"},"LowestPrice":{"Amount":34.0,"Currency":"EUR","DisplayAmount":"34,00 €"}}]}},{"ASIN":"B08GQCBFLP","DetailPageURL":"https://www.amazon.es/dp/B08GQCBFLP?tag=topinalambricos-21&linkCode=osi&th=1&psc=1","Images":{"Primary":{"Small":{"Height":75,"URL":"https://m.media-amazon.com/images/I/214rRXATznL._SL75_.jpg","Width":75}}},"ItemInfo":{"ByLineInfo":{"Brand":{"DisplayValue":"Lotus Style","Label":"Brand","Locale":"es_ES"},"Manufacturer":{"DisplayValue":"LOTUS","Label":"Manufacturer","Locale":"es_ES"}},"Title":{"DisplayValue":"Lotus Style Pulsera modelo LS2068-2/1 de la colección Dark Style en cuero para caballero","Label":"Title","Locale":"es_ES"}},"Offers":{"Summaries":[{"Condition":{"Value":"New"},"LowestPrice":{"Amount":25.92,"Currency":"EUR","DisplayAmount":"25,92 €"}}]}},{"ASIN":"B07YY7WFB5","DetailPageURL":"https://www.amazon.es/dp/B07YY7WFB5?tag=topinalambricos-21&linkCode=osi&th=1&psc=1","Images":{"Primary":{"Small":{"Height":75,"URL":"https://m.media-amazon.com/images/I/217ZVbImZqL._SL75_.jpg","Width":69}}},"ItemInfo":{"ByLineInfo":{"Brand":{"DisplayValue":"Lotus Style","Label":"Brand","Locale":"es_ES"},"Manufacturer":{"DisplayValue":"LOTUS","Label":"Manufacturer","Locale":"es_ES"}},"Title":{"DisplayValue":"Lotus Style Pulsera modelo LS2050-2/3 de la colección Men Basic en cuero para caballero","Label":"Title","Locale":"es_ES"}},"Offers":{"Summaries":[{"Condition":{"Value":"New"},"LowestPrice":{"Amount":28.8,"Currency":"EUR","DisplayAmount":"28,80 €"}}]}}],"SearchURL":"https://www.amazon.es/s?k=cuero+lotus&rh=n%3A10440403031%2Cp_n_availability%3A-1&tag=topinalambricos-21&linkCode=osi","TotalResultCount":45}},"96":{"SearchResult":{"Items":[{"ASIN":"B0869PTH2D","DetailPageURL":"https://www.amazon.es/dp/B0869PTH2D?tag=topinalambricos-21&linkCode=osi&th=1&psc=1","Images":{"Primary":{"Small":{"Height":75,"URL":"https://m.media-amazon.com/images/I/51MJe86exFL._SL75_.jpg","Width":75}}},"ItemInfo":{"ByLineInfo":{"Brand":{"DisplayValue":"RecontraMago","Label":"Brand","Locale":"es_ES"},"Manufacturer":{"DisplayValue":"RecontraMago","Label":"Manufacturer","Locale":"es_ES"}},"Title":{"DisplayValue":"Regalos Originales para Hombre y Mujeres - Pulseras Personalizadas Para Hombre y Mujer - Dia de la Madre Padre Grabado en Diamante - Caja Premium - San Valentin Acero Inoxidable y Cuero Nombre","Label":"Title","Locale":"es_ES"}},"Offers":{"Summaries":[{"Condition":{"Value":"New"},"LowestPrice":{"Amount":19.99,"Currency":"EUR","DisplayAmount":"19,99 €"}}]}},{"ASIN":"B09NNKQG7J","DetailPageURL":"https://www.amazon.es/dp/B09NNKQG7J?tag=topinalambricos-21&linkCode=osi&th=1&psc=1","Images":{"Primary":{"Small":{"Height":75,"URL":"https://m.media-amazon.com/images/I/41lF53GrJPS._SL75_.jpg","Width":75}}},"ItemInfo":{"ByLineInfo":{"Brand":{"DisplayValue":"BYFDIY","Label":"Brand","Locale":"es_ES"}},"Title":{"DisplayValue":"Pulsera de cuero personalizada para hombre con cuentas de 1 a 8 cuentas de nombre personalizadas con nombre de letra, pulsera de cuentas de acero inoxidable, regalo para el padre","Label":"Title","Locale":"es_ES"}},"Offers":{"Summaries":[{"Condition":{"Value":"New"},"LowestPrice":{"Amount":19.99,"Currency":"EUR","DisplayAmount":"19,99 €"}}]}},{"ASIN":"B0B8CZD5QP","DetailPageURL":"https://www.amazon.es/dp/B0B8CZD5QP?tag=topinalambricos-21&linkCode=osi&th=1&psc=1","Images":{"Primary":{"Small":{"Height":75,"URL":"https://m.media-amazon.com/images/I/41JKI5WfhSL._SL75_.jpg","Width":75}}},"ItemInfo":{"ByLineInfo":{"Brand":{"DisplayValue":"SUNSH","Label":"Brand","Locale":"es_ES"},"Manufacturer":{"DisplayValue":"SUNSH","Label":"Manufacturer","Locale":"es_ES"}},"Title":{"DisplayValue":"SUNSH Forever Linked Together Brazalete de cuero trenzado - Brazalete de cuero trenzado de acero inoxidable para hombre con cita Pulsera de 9 \"para hijo","Label":"Title","Locale":"es_ES"}},"Offers":{"Summaries":[{"Condition":{"Value":"New"},"LowestPrice":{"Amount":16.99,"Currency":"EUR","DisplayAmount":"16,99 €"}}]}},{"ASIN":"B097YHVJZS","DetailPageURL":"https://www.amazon.es/dp/B097YHVJZS?tag=topinalambricos-21&linkCode=osi&th=1&psc=1","Images":{"Primary":{"Small":{"Height":75,"URL":"https://m.media-amazon.com/images/I/218-2QWHNgL._SL75_.jpg","Width":50}}},"ItemInfo":{"ByLineInfo":{"Brand":{"DisplayValue":"LEGADO","Label":"Brand","Locale":"es_ES"},"Manufacturer":{"DisplayValue":"LEGADO","Label":"Manufacturer","Locale":"es_ES"}},"Title":{"DisplayValue":"Pulsera triple cuero LEGADO pulsera personalizada una pulsera acero inoxidable o pulsera pareja de cuero PU es una pulsera hombre acero inoxidable (Silver, 215)","Label":"Title","Locale":"es_ES"}},"Offers":{"Summaries":[{"Condition":{"Value":"New"},"LowestPrice":{"Amount":14.99,"Currency":"EUR","DisplayAmount":"14,99 €"}}]}},{"ASIN":"B085W5VM51","DetailPageURL":"https://www.amazon.es/dp/B085W5VM51?tag=topinalambricos-21&linkCode=osi&th=1&psc=1","Images":{"Primary":{"Small":{"Height":75,"URL":"https://m.media-amazon.com/images/I/21I8fJyh7HL._SL75_.jpg","Width":45}}},"ItemInfo":{"ByLineInfo":{"Brand":{"DisplayValue":"Lotus","Label":"Brand","Locale":"es_ES"},"Manufacturer":{"DisplayValue":"LOTUS","Label":"Manufacturer","Locale":"es_ES"}},"Title":{"DisplayValue":"Lotus Brazalete Pulsera Urban Man LS2093-2/2 LS2093-2/2 Marca","Label":"Title","Locale":"es_ES"}},"Offers":{"Summaries":[{"Condition":{"Value":"New"},"LowestPrice":{"Amount":21.6,"Currency":"EUR","DisplayAmount":"21,60 €"}}]}},{"ASIN":"B07WHGRR2M","DetailPageURL":"https://www.amazon.es/dp/B07WHGRR2M?tag=topinalambricos-21&linkCode=osi&th=1&psc=1","Images":{"Primary":{"Small":{"Height":57,"URL":"https://m.media-amazon.com/images/I/419N3wxE7dL._SL75_.jpg","Width":75}}},"ItemInfo":{"ByLineInfo":{"Brand":{"DisplayValue":"VNOX","Label":"Brand","Locale":"es_ES"},"Manufacturer":{"DisplayValue":"VNOX Jewelry","Label":"Manufacturer","Locale":"es_ES"}},"Title":{"DisplayValue":"VNOX Personaliza Grabado Gratuito Trenzado de Cuero de PU Chapado en Negro Etiqueta de Identificación de Acero Inoxidable Pulsera Pulsera Brazalete para Hombres Niño","Label":"Title","Locale":"es_ES"}},"Offers":{"Summaries":[{"Condition":{"Value":"New"},"LowestPrice":{"Amount":9.99,"Currency":"EUR","DisplayAmount":"9,99 €"}}]}},{"ASIN":"B07YV9YZ7V","DetailPageURL":"https://www.amazon.es/dp/B07YV9YZ7V?tag=topinalambricos-21&linkCode=osi&th=1&psc=1","Images":{"Primary":{"Small":{"Height":75,"URL":"https://m.media-amazon.com/images/I/31AHUq67D9L._SL75_.jpg","Width":60}}},"ItemInfo":{"ByLineInfo":{"Brand":{"DisplayValue":"Viceroy","Label":"Brand","Locale":"es_ES"},"Manufacturer":{"DisplayValue":"Viceroy Jewels","Label":"Manufacturer","Locale":"es_ES"}},"Title":{"DisplayValue":"Viceroy Pulsera Hombre","Label":"Title","Locale":"es_ES"}},"Offers":{"Summaries":[{"Condition":{"Value":"New"},"LowestPrice":{"Amount":26.0,"Currency":"EUR","DisplayAmount":"26,00 €"}}]}},{"ASIN":"B09NBLN2MP","DetailPageURL":"https://www.amazon.es/dp/B09NBLN2MP?tag=topinalambricos-21&linkCode=osi&th=1&psc=1","Images":{"Primary":{"Small":{"Height":75,"URL":"https://m.media-amazon.com/images/I/31lNwcsaU6L._SL75_.jpg","Width":75}}},"ItemInfo":{"ByLineInfo":{"Brand":{"DisplayValue":"LuLiyLdJ","Label":"Brand","Locale":"es_ES"},"Manufacturer":{"DisplayValue":"LuLiyLdJ","Label":"Manufacturer","Locale":"es_ES"}},"Title":{"DisplayValue":"LuLiyLdJ Pulseras personalizadas para hombres y mujeres, Pulseras, Cuero genuino, Colgantes de acero inoxidable, Joyas tejidas, Regalos para padres y madres","Label":"Title","Locale":"es_ES"}},"Offers":{"Summaries":[{"Condition":{"Value":"New"},"LowestPrice":{"Amount":6.39,"Currency":"EUR","DisplayAmount":"6,39 €"}}]}},{"ASIN":"B01N941NXI","DetailPageURL":"https://www.amazon.es/dp/B01N941NXI?tag=topinalambricos-21&linkCode=osi&th=1&psc=1","Images":{"Primary":{"Small":{"Height":71,"URL":"https://m.media-amazon.com/images/I/41VgjtRW20L._SL75_.jpg","Width":75}}},"ItemInfo":{"ByLineInfo":{"Brand":{"DisplayValue":"Viceroy","Label":"Brand","Locale":"es_ES"},"Manufacturer":{"DisplayValue":"Viceroy joyas","Label":"Manufacturer","Locale":"es_ES"}},"Title":{"DisplayValue":"Viceroy Pulsera 6371P09010 Hombre Fashion Acero","Label":"Title","Locale":"es_ES"}},"Offers":{"Summaries":[{"Condition":{"Value":"New"},"LowestPrice":{"Amount":26.0,"Currency":"EUR","DisplayAmount":"26,00 €"}}]}},{"ASIN":"B01M2ZQVFB","DetailPageURL":"https://www.amazon.es/dp/B01M2ZQVFB?tag=topinalambricos-21&linkCode=osi&th=1&psc=1","Images":{"Primary":{"Small":{"Height":75,"URL":"https://m.media-amazon.com/images/I/51AfVMD3IuL._SL75_.jpg","Width":75}}},"ItemInfo":{"ByLineInfo":{"Brand":{"DisplayValue":"Cupimatch","Label":"Brand","Locale":"es_ES"},"Manufacturer":{"DisplayValue":"Cupimatch","Label":"Manufacturer","Locale":"es_ES"}},"Title":{"DisplayValue":"Cupimatch Infinity Bracelets 2 Piezas de Pulseras Ajustables de Acero Inoxidable de Cuero para Hombres y Mujeres","Label":"Title","Locale":"es_ES"}},"Offers":{"Summaries":[{"Condition":{"Value":"New"},"LowestPrice":{"Amount":25.99,"Currency":"EUR","DisplayAmount":"25,99 €"}}]}}],"SearchURL":"https://www.amazon.es/s?k=cuero+personalizada&rh=n%3A10440403031%2Cp_n_availability%3A-1&tag=topinalambricos-21&linkCode=osi","TotalResultCount":1000}},"97":{"SearchResult":{"Items":[{"ASIN":"B09H7JG984","DetailPageURL":"https://www.amazon.es/dp/B09H7JG984?tag=topinalambricos-21&linkCode=osi&th=1&psc=1","Images":{"Primary":{"Small":{"Height":75,"URL":"https://m.media-amazon.com/images/I/61C3tIQ+XQL._SL75_.jpg","Width":55}}},"ItemInfo":{"ByLineInfo":{"Brand":{"DisplayValue":"LOLIAS","Label":"Brand","Locale":"es_ES"},"Manufacturer":{"DisplayValue":"LOLIAS","Label":"Manufacturer","Locale":"es_ES"}},"Title":{"DisplayValue":"LOLIAS 27/31 Piezas Cuero Pulseras para Hombre Mujer Retro Tejida Pulsera de Traje de Cuero Multicapa Trenzado Pulsera Cuentas de Madera Cuerda Brazalet Vintage Pulsera Ajustable","Label":"Title","Locale":"es_ES"}},"Offers":{"Summaries":[{"Condition":{"Value":"New"},"LowestPrice":{"Amount":16.99,"Currency":"EUR","DisplayAmount":"16,99 €"}}]}},{"ASIN":"B07CGC18P3","DetailPageURL":"https://www.amazon.es/dp/B07CGC18P3?tag=topinalambricos-21&linkCode=osi&th=1&psc=1","Images":{"Primary":{"Small":{"Height":72,"URL":"https://m.media-amazon.com/images/I/518bwkjdlwL._SL75_.jpg","Width":75}}},"ItemInfo":{"ByLineInfo":{"Brand":{"DisplayValue":"YOJAN PIEL","Label":"Brand","Locale":"es_ES"},"Manufacturer":{"DisplayValue":"YOJAN PIEL","Label":"Manufacturer","Locale":"es_ES"}},"Title":{"DisplayValue":"YOJAN PIEL | Pulsera De Cuero Bandera De España (Fabricada Artesanalmente) | Complementos de Moda Unisex para Hombres y Mujeres de Estilo Atemporal y Elegante | Regalos Originales y Exclusivos","Label":"Title","Locale":"es_ES"}},"Offers":{"Summaries":[{"Condition":{"Value":"New"},"LowestPrice":{"Amount":9.99,"Currency":"EUR","DisplayAmount":"9,99 €"}}]}},{"ASIN":"B07RKG53BQ","DetailPageURL":"https://www.amazon.es/dp/B07RKG53BQ?tag=topinalambricos-21&linkCode=osi&th=1&psc=1","Images":{"Primary":{"Small":{"Height":75,"URL":"https://m.media-amazon.com/images/I/51u6TtLsmjL._SL75_.jpg","Width":75}}},"ItemInfo":{"ByLineInfo":{"Brand":{"DisplayValue":"Flongo","Label":"Brand","Locale":"es_ES"},"Manufacturer":{"DisplayValue":"Flongo","Label":"Manufacturer","Locale":"es_ES"}},"Title":{"DisplayValue":"Flongo Pulsera Hombre, Pulsera Cuero Trenzado Tribal Artesanal, Gran Pulsera Ancha Cuerda Brazalete Punk Rock, Brazalete Cuero Marrón Ajustable, Regalo Hombres","Label":"Title","Locale":"es_ES"}},"Offers":{"Summaries":[{"Condition":{"Value":"New"},"LowestPrice":{"Amount":3.99,"Currency":"EUR","DisplayAmount":"3,99 €"}}]}},{"ASIN":"B0BNT74V4C","DetailPageURL":"https://www.amazon.es/dp/B0BNT74V4C?tag=topinalambricos-21&linkCode=osi&th=1&psc=1","Images":{"Primary":{"Small":{"Height":75,"URL":"https://m.media-amazon.com/images/I/41+vD-VhuqL._SL75_.jpg","Width":75}}},"ItemInfo":{"ByLineInfo":{"Brand":{"DisplayValue":"YORDACHE","Label":"Brand","Locale":"es_ES"},"Manufacturer":{"DisplayValue":"YORDACHE","Label":"Manufacturer","Locale":"es_ES"}},"Title":{"DisplayValue":"YORDACHE - Pulsera Cuero Hombre - Pulsera Hombre Cuero - Color Marron - Fabricado totalmente en España - Acabado de las Pulseras totalmente Artesanal - Regalo para Hombre (L 20 cm, Marron)","Label":"Title","Locale":"es_ES"}},"Offers":{"Summaries":[{"Condition":{"Value":"New"},"LowestPrice":{"Amount":29.99,"Currency":"EUR","DisplayAmount":"29,99 €"}}]}},{"ASIN":"B09TKSGWXQ","DetailPageURL":"https://www.amazon.es/dp/B09TKSGWXQ?tag=topinalambricos-21&linkCode=osi&th=1&psc=1","Images":{"Primary":{"Small":{"Height":75,"URL":"https://m.media-amazon.com/images/I/511q+1jVkgL._SL75_.jpg","Width":75}}},"ItemInfo":{"ByLineInfo":{"Brand":{"DisplayValue":"Gkmamrg","Label":"Brand","Locale":"es_ES"},"Manufacturer":{"DisplayValue":"Gkmamrg","Label":"Manufacturer","Locale":"es_ES"}},"Title":{"DisplayValue":"Pulsera de piel para hombre, correa de cuero auténtico negro trenzado, enrollable ancha con cierre magnético, 22.5centimeters","Label":"Title","Locale":"es_ES"}},"Offers":{"Summaries":[{"Condition":{"Value":"New"},"LowestPrice":{"Amount":18.99,"Currency":"EUR","DisplayAmount":"18,99 €"}}]}},{"ASIN":"B09T68R6BC","DetailPageURL":"https://www.amazon.es/dp/B09T68R6BC?tag=topinalambricos-21&linkCode=osi&th=1&psc=1","Images":{"Primary":{"Small":{"Height":75,"URL":"https://m.media-amazon.com/images/I/61jb7T3lRlL._SL75_.jpg","Width":68}}},"ItemInfo":{"ByLineInfo":{"Brand":{"DisplayValue":"Adramata","Label":"Brand","Locale":"es_ES"},"Manufacturer":{"DisplayValue":"ADRAMATA","Label":"Manufacturer","Locale":"es_ES"}},"Title":{"DisplayValue":"Adramata, 24 Uds., Pulseras de Cuero Trenzado para Hombres y Mujeres, Pulsera Punk gótica Vintage, Pulseras Ajustables de Cuero Fresco","Label":"Title","Locale":"es_ES"}},"Offers":{"Summaries":[{"Condition":{"Value":"New"},"LowestPrice":{"Amount":19.99,"Currency":"EUR","DisplayAmount":"19,99 €"}}]}},{"ASIN":"B07CNL3G19","DetailPageURL":"https://www.amazon.es/dp/B07CNL3G19?tag=topinalambricos-21&linkCode=osi&th=1&psc=1","Images":{"Primary":{"Small":{"Height":75,"URL":"https://m.media-amazon.com/images/I/610gcGpQgbL._SL75_.jpg","Width":75}}},"ItemInfo":{"ByLineInfo":{"Brand":{"DisplayValue":"BESTEEL","Label":"Brand","Locale":"es_ES"},"Manufacturer":{"DisplayValue":"BESTEEL","Label":"Manufacturer","Locale":"es_ES"}},"Title":{"DisplayValue":"BESTEEL 10 Piezas Pulseras Cuero Trenzado para Hombres Mujeres Pulsera de Cuerda Nudo Brazalete Vintage Pulseras Set, Ajustable a","Label":"Title","Locale":"es_ES"}},"Offers":{"Summaries":[{"Condition":{"Value":"New"},"LowestPrice":{"Amount":14.99,"Currency":"EUR","DisplayAmount":"14,99 €"}}]}},{"ASIN":"B0827BD3JS","DetailPageURL":"https://www.amazon.es/dp/B0827BD3JS?tag=topinalambricos-21&linkCode=osi&th=1&psc=1","Images":{"Primary":{"Small":{"Height":58,"URL":"https://m.media-amazon.com/images/I/51yT7q5LwGL._SL75_.jpg","Width":75}}},"ItemInfo":{"ByLineInfo":{"Brand":{"DisplayValue":"Finrezio","Label":"Brand","Locale":"es_ES"},"Manufacturer":{"DisplayValue":"Finrezio","Label":"Manufacturer","Locale":"es_ES"}},"Title":{"DisplayValue":"Finrezio 24 Piezas Pulseras De Cuero Trenzado para Los Hombres Conjunto De Envoltura De Puño con Cuentas De Madera Marrón Negro Ajustable","Label":"Title","Locale":"es_ES"}},"Offers":{"Summaries":[{"Condition":{"Value":"New"},"LowestPrice":{"Amount":22.99,"Currency":"EUR","DisplayAmount":"22,99 €"}}]}},{"ASIN":"B07H1WX56K","DetailPageURL":"https://www.amazon.es/dp/B07H1WX56K?tag=topinalambricos-21&linkCode=osi&th=1&psc=1","Images":{"Primary":{"Small":{"Height":75,"URL":"https://m.media-amazon.com/images/I/41xehvT0dLL._SL75_.jpg","Width":75}}},"ItemInfo":{"ByLineInfo":{"Brand":{"DisplayValue":"SERASAR","Label":"Brand","Locale":"es_ES"},"Manufacturer":{"DisplayValue":"SERASAR","Label":"Manufacturer","Locale":"es_ES"}},"Title":{"DisplayValue":"SERASAR 17cm Marrón Pulsera de Cuero Hombre Chico Pulseras Hombres Brazalete Brazaletes Pulso Muñequera Muñequeras Bisuteria Bisutería Joyeria Nudos Cuerda Cuerdas Bracelet Men Jewellery Unisex Ancha","Label":"Title","Locale":"es_ES"}},"Offers":{"Summaries":[{"Condition":{"Value":"New"},"LowestPrice":{"Amount":27.99,"Currency":"EUR","DisplayAmount":"27,99 €"}}]}},{"ASIN":"B09K7YZS6C","DetailPageURL":"https://www.amazon.es/dp/B09K7YZS6C?tag=topinalambricos-21&linkCode=osi&th=1&psc=1","Images":{"Primary":{"Small":{"Height":75,"URL":"https://m.media-amazon.com/images/I/41+mScSFnCL._SL75_.jpg","Width":75}}},"ItemInfo":{"ByLineInfo":{"Brand":{"DisplayValue":"FOLKI","Label":"Brand","Locale":"es_ES"},"Manufacturer":{"DisplayValue":"FOLKI","Label":"Manufacturer","Locale":"es_ES"}},"Title":{"DisplayValue":"FOLKI Pulsera Hombre Cuero Marrón o Negro - Cierre Magnético de Acero Inoxidable - Ideas de Regalo para Hombres - Brazalete Ajustable de Cuero Hombre - joyería para hombre con Caja para Ofrecer","Label":"Title","Locale":"es_ES"}},"Offers":{"Summaries":[{"Condition":{"Value":"New"},"LowestPrice":{"Amount":24.99,"Currency":"EUR","DisplayAmount":"24,99 €"}}]}}],"SearchURL":"https://www.amazon.es/s?k=artesanal+cuero&rh=n%3A10440403031%2Cp_n_availability%3A-1&tag=topinalambricos-21&linkCode=osi","TotalResultCount":177}},"98":{"SearchResult":{"Items":[{"ASIN":"B00IRIHNLG","DetailPageURL":"https://www.amazon.es/dp/B00IRIHNLG?tag=topinalambricos-21&linkCode=osi&th=1&psc=1","Images":{"Primary":{"Small":{"Height":75,"URL":"https://m.media-amazon.com/images/I/416FDvLTN4L._SL75_.jpg","Width":75}}},"ItemInfo":{"ByLineInfo":{"Brand":{"DisplayValue":"Fossil","Label":"Brand","Locale":"es_ES"},"Manufacturer":{"DisplayValue":"FOYBT","Label":"Manufacturer","Locale":"es_ES"}},"Title":{"DisplayValue":"Fossil Pulsera ónice de Mujer con Cuero, JA6379040","Label":"Title","Locale":"es_ES"}},"Offers":{"Summaries":[{"Condition":{"Value":"New"},"LowestPrice":{"Amount":26.1,"Currency":"EUR","DisplayAmount":"26,10 €"}}]}},{"ASIN":"B07DVGN4ZJ","DetailPageURL":"https://www.amazon.es/dp/B07DVGN4ZJ?tag=topinalambricos-21&linkCode=osi&th=1&psc=1","Images":{"Primary":{"Small":{"Height":75,"URL":"https://m.media-amazon.com/images/I/51+bW4Ma1BL._SL75_.jpg","Width":69}}},"ItemInfo":{"ByLineInfo":{"Brand":{"DisplayValue":"YOJAN PIEL","Label":"Brand","Locale":"es_ES"}},"Title":{"DisplayValue":"YOJAN PIEL | Pulsera De Cuero Con Bandera De España Con Cierre De Seguridad | Complementos de Moda Unisex para Hombres y Mujeres de Estilo Atemporal y Elegante | Regalos Originales y Exclusivos","Label":"Title","Locale":"es_ES"}},"Offers":{"Summaries":[{"Condition":{"Value":"New"},"LowestPrice":{"Amount":7.0,"Currency":"EUR","DisplayAmount":"7,00 €"}}]}},{"ASIN":"B07ZHNWDB8","DetailPageURL":"https://www.amazon.es/dp/B07ZHNWDB8?tag=topinalambricos-21&linkCode=osi&th=1&psc=1","Images":{"Primary":{"Small":{"Height":75,"URL":"https://m.media-amazon.com/images/I/41AOd6uXeZL._SL75_.jpg","Width":75}}},"ItemInfo":{"ByLineInfo":{"Brand":{"DisplayValue":"Planetys","Label":"Brand","Locale":"es_ES"},"Manufacturer":{"DisplayValue":"Planetys","Label":"Manufacturer","Locale":"es_ES"}},"Title":{"DisplayValue":"Planetys - Pulsera Roca Volcánica Piedra de Lava Cuero Genuino Trenzado Negro y Acero Inoxidable","Label":"Title","Locale":"es_ES"}},"Offers":{"Summaries":[{"Condition":{"Value":"New"},"LowestPrice":{"Amount":9.9,"Currency":"EUR","DisplayAmount":"9,90 €"}}]}},{"ASIN":"B07HH165DX","DetailPageURL":"https://www.amazon.es/dp/B07HH165DX?tag=topinalambricos-21&linkCode=osi&th=1&psc=1","Images":{"Primary":{"Small":{"Height":75,"URL":"https://m.media-amazon.com/images/I/31N806ctmGL._SL75_.jpg","Width":75}}},"ItemInfo":{"ByLineInfo":{"Brand":{"DisplayValue":"Xuniu","Label":"Brand","Locale":"es_ES"},"Manufacturer":{"DisplayValue":"Xuniu","Label":"Manufacturer","Locale":"es_ES"}},"Title":{"DisplayValue":"Xuniu Pulsera Hecha a Mano, Pulsera de Cuero Trenzada Pulsera con Broche de Langosta Granos del de la joyería DIY Rojo","Label":"Title","Locale":"es_ES"}},"Offers":{"Summaries":[{"Condition":{"Value":"New"},"LowestPrice":{"Amount":4.99,"Currency":"EUR","DisplayAmount":"4,99 €"}}]}},{"ASIN":"B00NVRCEYY","DetailPageURL":"https://www.amazon.es/dp/B00NVRCEYY?tag=topinalambricos-21&linkCode=osi&th=1&psc=1","Images":{"Primary":{"Small":{"Height":39,"URL":"https://m.media-amazon.com/images/I/31BAKm-iGQL._SL75_.jpg","Width":75}}},"ItemInfo":{"ByLineInfo":{"Brand":{"DisplayValue":"HARRY POTTER","Label":"Brand","Locale":"es_ES"},"Manufacturer":{"DisplayValue":"Redstring Spain","Label":"Manufacturer","Locale":"es_ES"}},"Title":{"DisplayValue":"HARRY POTTER Carat - Hpotter Pulsera cuero 20 cm","Label":"Title","Locale":"es_ES"}},"Offers":{"Summaries":[{"Condition":{"Value":"New"},"LowestPrice":{"Amount":8.74,"Currency":"EUR","DisplayAmount":"8,74 €"}}]}},{"ASIN":"B0BWH9R88F","DetailPageURL":"https://www.amazon.es/dp/B0BWH9R88F?tag=topinalambricos-21&linkCode=osi&th=1&psc=1","Images":{"Primary":{"Small":{"Height":74,"URL":"https://m.media-amazon.com/images/I/51OjLHqkPNL._SL75_.jpg","Width":75}}},"ItemInfo":{"ByLineInfo":{"Brand":{"DisplayValue":"FIOROYAL","Label":"Brand","Locale":"es_ES"},"Manufacturer":{"DisplayValue":"FIOROYAL","Label":"Manufacturer","Locale":"es_ES"}},"Title":{"DisplayValue":"FIOROYAL, 18 UDS, Pulseras de Cuentas de Madera de Cuero para Hombres y Mujeres, Pulseras de Puño Étnicas Bohemias Ajustables","Label":"Title","Locale":"es_ES"}},"Offers":{"Summaries":[{"Condition":{"Value":"New"},"LowestPrice":{"Amount":16.25,"Currency":"EUR","DisplayAmount":"16,25 €"}}]}},{"ASIN":"B0BQ78KJVL","DetailPageURL":"https://www.amazon.es/dp/B0BQ78KJVL?tag=topinalambricos-21&linkCode=osi&th=1&psc=1","Images":{"Primary":{"Small":{"Height":75,"URL":"https://m.media-amazon.com/images/I/517nAOKt2lL._SL75_.jpg","Width":75}}},"ItemInfo":{"ByLineInfo":{"Brand":{"DisplayValue":"Aucuu","Label":"Brand","Locale":"es_ES"},"Manufacturer":{"DisplayValue":"Aucuu","Label":"Manufacturer","Locale":"es_ES"}},"Title":{"DisplayValue":"Aucuu Pulseras de Cuero Inspiradoras del Árbol de la Vida para Mujeres, Pulseras de Cuero para Niñas Adolescentes, Regalos de Joyería de Cumpleaños para el Día de San Valentín/Gris Claro","Label":"Title","Locale":"es_ES"}},"Offers":{"Summaries":[{"Condition":{"Value":"New"},"LowestPrice":{"Amount":4.99,"Currency":"EUR","DisplayAmount":"4,99 €"}}]}},{"ASIN":"B07P66QGRQ","DetailPageURL":"https://www.amazon.es/dp/B07P66QGRQ?tag=topinalambricos-21&linkCode=osi&th=1&psc=1","Images":{"Primary":{"Small":{"Height":75,"URL":"https://m.media-amazon.com/images/I/41p2cWjw+WL._SL75_.jpg","Width":75}}},"ItemInfo":{"ByLineInfo":{"Brand":{"DisplayValue":"Lotus","Label":"Brand","Locale":"es_ES"},"Manufacturer":{"DisplayValue":"Lotus Style","Label":"Manufacturer","Locale":"es_ES"}},"Title":{"DisplayValue":"Pulsera de piel Lotus Style para mujer, color negro, LS1961-2/3, JLS1961-2-3","Label":"Title","Locale":"es_ES"}},"Offers":{"Summaries":[{"Condition":{"Value":"New"},"LowestPrice":{"Amount":24.0,"Currency":"EUR","DisplayAmount":"24,00 €"}}]}},{"ASIN":"B08XW11XMB","DetailPageURL":"https://www.amazon.es/dp/B08XW11XMB?tag=topinalambricos-21&linkCode=osi&th=1&psc=1","Images":{"Primary":{"Small":{"Height":75,"URL":"https://m.media-amazon.com/images/I/41TGFy8KNkL._SL75_.jpg","Width":75}}},"ItemInfo":{"ByLineInfo":{"Brand":{"DisplayValue":"VNOX","Label":"Brand","Locale":"es_ES"},"Manufacturer":{"DisplayValue":"VNOX Jewelry","Label":"Manufacturer","Locale":"es_ES"}},"Title":{"DisplayValue":"VNOX Hombres Personalizar Personalizar Grabado Pulsera de identificación de Cuero Negro de Acero Inoxidable Pulseras de Cita de Valor Inspirador para Padre/Novio/Amor,Regalo de cumpleaños","Label":"Title","Locale":"es_ES"}},"Offers":{"Summaries":[{"Condition":{"Value":"New"},"LowestPrice":{"Amount":9.99,"Currency":"EUR","DisplayAmount":"9,99 €"}}]}},{"ASIN":"B00MF9ZL4E","DetailPageURL":"https://www.amazon.es/dp/B00MF9ZL4E?tag=topinalambricos-21&linkCode=osi&th=1&psc=1","Images":{"Primary":{"Small":{"Height":75,"URL":"https://m.media-amazon.com/images/I/51+65c9zqCL._SL75_.jpg","Width":75}}},"ItemInfo":{"ByLineInfo":{"Brand":{"DisplayValue":"COOLSTEELANDBEYOND","Label":"Brand","Locale":"es_ES"},"Manufacturer":{"DisplayValue":"COOLSTEELANDBEYOND","Label":"Manufacturer","Locale":"es_ES"}},"Title":{"DisplayValue":"COOLSTEELANDBEYOND Ancha Pulsera de Cuero Hombre Mujer, Pulsera del Abrigo, Cuero Genuino Negro, con Botones Automáticos","Label":"Title","Locale":"es_ES"}},"Offers":{"Summaries":[{"Condition":{"Value":"New"},"LowestPrice":{"Amount":16.99,"Currency":"EUR","DisplayAmount":"16,99 €"}}]}}],"SearchURL":"https://www.amazon.es/s?k=cuero+mujer&rh=n%3A10440375031%2Cp_n_availability%3A-1&tag=topinalambricos-21&linkCode=osi","TotalResultCount":1000}},"99":{"SearchResult":{"Items":[{"ASIN":"B078KBN42J","DetailPageURL":"https://www.amazon.es/dp/B078KBN42J?tag=topinalambricos-21&linkCode=osi&th=1&psc=1","Images":{"Primary":{"Small":{"Height":75,"URL":"https://m.media-amazon.com/images/I/41zZMlabS9L._SL75_.jpg","Width":75}}},"ItemInfo":{"ByLineInfo":{"Brand":{"DisplayValue":"PANDORA","Label":"Brand","Locale":"es_ES"},"Manufacturer":{"DisplayValue":"Pandora","Label":"Manufacturer","Locale":"es_ES"}},"Title":{"DisplayValue":"PANDORA Pulsera Moments 590745CBK-D1 mujer cuero y plata","Label":"Title","Locale":"es_ES"}},"Offers":{"Summaries":[{"Condition":{"Value":"Used"},"LowestPrice":{"Amount":38.56,"Currency":"EUR","DisplayAmount":"38,56 €"}},{"Condition":{"Value":"New"},"LowestPrice":{"Amount":43.12,"Currency":"EUR","DisplayAmount":"43,12 €"}}]}},{"ASIN":"B089B2JZCX","DetailPageURL":"https://www.amazon.es/dp/B089B2JZCX?tag=topinalambricos-21&linkCode=osi&th=1&psc=1","Images":{"Primary":{"Small":{"Height":75,"URL":"https://m.media-amazon.com/images/I/31jIo+dx4VL._SL75_.jpg","Width":75}}},"ItemInfo":{"ByLineInfo":{"Brand":{"DisplayValue":"PANDORA","Label":"Brand","Locale":"es_ES"},"Manufacturer":{"DisplayValue":"Pandora","Label":"Manufacturer","Locale":"es_ES"}},"Title":{"DisplayValue":"PANDORA Pulsera moments 598951C01-S2 piel turquesa","Label":"Title","Locale":"es_ES"}},"Offers":{"Summaries":[{"Condition":{"Value":"New"},"LowestPrice":{"Amount":43.12,"Currency":"EUR","DisplayAmount":"43,12 €"}}]}},{"ASIN":"B07DFJBM7X","DetailPageURL":"https://www.amazon.es/dp/B07DFJBM7X?tag=topinalambricos-21&linkCode=osi&th=1&psc=1","Images":{"Primary":{"Small":{"Height":75,"URL":"https://m.media-amazon.com/images/I/41mBQMX41bL._SL75_.jpg","Width":75}}},"ItemInfo":{"ByLineInfo":{"Brand":{"DisplayValue":"PANDORA","Label":"Brand","Locale":"es_ES"},"Manufacturer":{"DisplayValue":"Pandora","Label":"Manufacturer","Locale":"es_ES"}},"Title":{"DisplayValue":"PANDORA Pulsera 597225CBK-2 mujer plata cuero Pulsera Moments","Label":"Title","Locale":"es_ES"}},"Offers":{"Summaries":[{"Condition":{"Value":"New"},"LowestPrice":{"Amount":44.92,"Currency":"EUR","DisplayAmount":"44,92 €"}},{"Condition":{"Value":"Used"},"LowestPrice":{"Amount":38.2,"Currency":"EUR","DisplayAmount":"38,20 €"}}]}},{"ASIN":"B09X6XRM53","DetailPageURL":"https://www.amazon.es/dp/B09X6XRM53?tag=topinalambricos-21&linkCode=osi&th=1&psc=1","Images":{"Primary":{"Small":{"Height":75,"URL":"https://m.media-amazon.com/images/I/41W1AIcOFRL._SL75_.jpg","Width":75}}},"ItemInfo":{"ByLineInfo":{"Brand":{"DisplayValue":"PANDORA","Label":"Brand","Locale":"es_ES"},"Manufacturer":{"DisplayValue":"Pandora","Label":"Manufacturer","Locale":"es_ES"}},"Title":{"DisplayValue":"PANDORA Pulsera Moments 591675C01-S2 cuero","Label":"Title","Locale":"es_ES"}},"Offers":{"Summaries":[{"Condition":{"Value":"New"},"LowestPrice":{"Amount":43.12,"Currency":"EUR","DisplayAmount":"43,12 €"}},{"Condition":{"Value":"Used"},"LowestPrice":{"Amount":30.46,"Currency":"EUR","DisplayAmount":"30,46 €"}}]}},{"ASIN":"B0BMGMBWQ2","DetailPageURL":"https://www.amazon.es/dp/B0BMGMBWQ2?tag=topinalambricos-21&linkCode=osi&th=1&psc=1","Images":{"Primary":{"Small":{"Height":60,"URL":"https://m.media-amazon.com/images/I/41f6T1XLsWL._SL75_.jpg","Width":75}}},"ItemInfo":{"ByLineInfo":{"Brand":{"DisplayValue":"PANDORA","Label":"Brand","Locale":"es_ES"},"Manufacturer":{"DisplayValue":"Pandora","Label":"Manufacturer","Locale":"es_ES"}},"Title":{"DisplayValue":"Pandora Pulsera para Mujer Plata de Ley 925 51523-38 38 cm","Label":"Title","Locale":"es_ES"}},"Offers":{"Summaries":[{"Condition":{"Value":"New"},"LowestPrice":{"Amount":64.9,"Currency":"EUR","DisplayAmount":"64,90 €"}}]}},{"ASIN":"B07B57L75S","DetailPageURL":"https://www.amazon.es/dp/B07B57L75S?tag=topinalambricos-21&linkCode=osi&th=1&psc=1","Images":{"Primary":{"Small":{"Height":75,"URL":"https://m.media-amazon.com/images/I/31SrP+v4WQL._SL75_.jpg","Width":75}}},"ItemInfo":{"ByLineInfo":{"Brand":{"DisplayValue":"PANDORA","Label":"Brand","Locale":"es_ES"},"Manufacturer":{"DisplayValue":"Pandora","Label":"Manufacturer","Locale":"es_ES"}},"Title":{"DisplayValue":"Pandora Anudadas Mujer plata - 590745CBK-S2","Label":"Title","Locale":"es_ES"}},"Offers":{"Summaries":[{"Condition":{"Value":"New"},"LowestPrice":{"Amount":55.0,"Currency":"EUR","DisplayAmount":"55,00 €"}}]}},{"ASIN":"B00VMLTV88","DetailPageURL":"https://www.amazon.es/dp/B00VMLTV88?tag=topinalambricos-21&linkCode=osi&th=1&psc=1","Images":{"Primary":{"Small":{"Height":75,"URL":"https://m.media-amazon.com/images/I/41u7d+iPbVL._SL75_.jpg","Width":73}}},"ItemInfo":{"ByLineInfo":{"Brand":{"DisplayValue":"PANDORA","Label":"Brand","Locale":"es_ES"},"Manufacturer":{"DisplayValue":"PANDORA","Label":"Manufacturer","Locale":"es_ES"}},"Title":{"DisplayValue":"PANDORA 590705CBK-T3 Pulsera de cuero negro triple, Cuero","Label":"Title","Locale":"es_ES"}},"Offers":{"Summaries":[{"Condition":{"Value":"New"},"LowestPrice":{"Amount":69.0,"Currency":"EUR","DisplayAmount":"69,00 €"}}]}},{"ASIN":"B09X6ZBTKK","DetailPageURL":"https://www.amazon.es/dp/B09X6ZBTKK?tag=topinalambricos-21&linkCode=osi&th=1&psc=1","Images":{"Primary":{"Small":{"Height":75,"URL":"https://m.media-amazon.com/images/I/41W1AIcOFRL._SL75_.jpg","Width":75}}},"ItemInfo":{"ByLineInfo":{"Brand":{"DisplayValue":"PANDORA","Label":"Brand","Locale":"es_ES"},"Manufacturer":{"DisplayValue":"Pandora","Label":"Manufacturer","Locale":"es_ES"}},"Title":{"DisplayValue":"PANDORA Pulsera Moments 591675C01-S1 cuero","Label":"Title","Locale":"es_ES"}},"Offers":{"Summaries":[{"Condition":{"Value":"Used"},"LowestPrice":{"Amount":37.95,"Currency":"EUR","DisplayAmount":"37,95 €"}},{"Condition":{"Value":"New"},"LowestPrice":{"Amount":43.12,"Currency":"EUR","DisplayAmount":"43,12 €"}}]}},{"ASIN":"B00380XZUQ","DetailPageURL":"https://www.amazon.es/dp/B00380XZUQ?tag=topinalambricos-21&linkCode=osi&th=1&psc=1","Images":{"Primary":{"Small":{"Height":46,"URL":"https://m.media-amazon.com/images/I/413lqJ++UJL._SL75_.jpg","Width":75}}},"ItemInfo":{"ByLineInfo":{"Brand":{"DisplayValue":"PANDORA","Label":"Brand","Locale":"es_ES"},"Manufacturer":{"DisplayValue":"Pandora","Label":"Manufacturer","Locale":"es_ES"}},"Title":{"DisplayValue":"Pandora 59705CBK-S2 - Collar de mujer de plata de ley, 19 cm","Label":"Title","Locale":"es_ES"}},"Offers":{"Summaries":[{"Condition":{"Value":"New"},"LowestPrice":{"Amount":65.0,"Currency":"EUR","DisplayAmount":"65,00 €"}}]}},{"ASIN":"B07NRMQT65","DetailPageURL":"https://www.amazon.es/dp/B07NRMQT65?tag=topinalambricos-21&linkCode=osi&th=1&psc=1","Images":{"Primary":{"Small":{"Height":75,"URL":"https://m.media-amazon.com/images/I/41rVFzSQl5L._SL75_.jpg","Width":75}}},"ItemInfo":{"ByLineInfo":{"Brand":{"DisplayValue":"PANDORA","Label":"Brand","Locale":"es_ES"},"Manufacturer":{"DisplayValue":"Pandora","Label":"Manufacturer","Locale":"es_ES"}},"Title":{"DisplayValue":"PANDORA Reflexiones, Pulsera, para Mujer, Gris ,15 cm","Label":"Title","Locale":"es_ES"}},"Offers":{"Summaries":[{"Condition":{"Value":"New"},"LowestPrice":{"Amount":61.5,"Currency":"EUR","DisplayAmount":"61,50 €"}}]}}],"SearchURL":"https://www.amazon.es/s?k=cuero+pandora&rh=n%3A10440375031%2Cp_n_availability%3A-1&tag=topinalambricos-21&linkCode=osi","TotalResultCount":77}},"100":{"SearchResult":{"Items":[{"ASIN":"B086DQRD6B","DetailPageURL":"https://www.amazon.es/dp/B086DQRD6B?tag=topinalambricos-21&linkCode=osi&th=1&psc=1","Images":{"Primary":{"Small":{"Height":75,"URL":"https://m.media-amazon.com/images/I/31FscPnnC3L._SL75_.jpg","Width":75}}},"ItemInfo":{"ByLineInfo":{"Brand":{"DisplayValue":"TOUS","Label":"Brand","Locale":"es_ES"},"Manufacturer":{"DisplayValue":"Joyeria TOUS","Label":"Manufacturer","Locale":"es_ES"}},"Title":{"DisplayValue":"TOUS Pulsera en acero y cuero trenzado TOUS Man","Label":"Title","Locale":"es_ES"}},"Offers":{"Summaries":[{"Condition":{"Value":"New"},"LowestPrice":{"Amount":55.0,"Currency":"EUR","DisplayAmount":"55,00 €"}}]}},{"ASIN":"B0BZSF5B3K","DetailPageURL":"https://www.amazon.es/dp/B0BZSF5B3K?tag=topinalambricos-21&linkCode=osi&th=1&psc=1","Images":{"Primary":{"Small":{"Height":75,"URL":"https://m.media-amazon.com/images/I/41hWVZpBn9L._SL75_.jpg","Width":75}}},"ItemInfo":{"ByLineInfo":{"Brand":{"DisplayValue":"TOUS","Label":"Brand","Locale":"es_ES"}},"Title":{"DisplayValue":"TOUS Pulsera ojo con baño de oro 18 kt sobre plata, gemas y cuero rojo TOUS Good Vibes","Label":"Title","Locale":"es_ES"}},"Offers":{"Summaries":[{"Condition":{"Value":"New"},"LowestPrice":{"Amount":71.0,"Currency":"EUR","DisplayAmount":"71,00 €"}}]}},{"ASIN":"B07TDB76SX","DetailPageURL":"https://www.amazon.es/dp/B07TDB76SX?tag=topinalambricos-21&linkCode=osi&th=1&psc=1","Images":{"Primary":{"Small":{"Height":75,"URL":"https://m.media-amazon.com/images/I/31Z9Gaq73XL._SL75_.jpg","Width":75}}},"ItemInfo":{"ByLineInfo":{"Brand":{"DisplayValue":"TOUS","Label":"Brand","Locale":"es_ES"},"Manufacturer":{"DisplayValue":"Joyería TOUS","Label":"Manufacturer","Locale":"es_ES"}},"Title":{"DisplayValue":"TOUS Pulsera de Cordón Marrón Ajustable y Acero para Mujer con Motivo Oso, Joven e Informal, Colección Super Micro","Label":"Title","Locale":"es_ES"}},"Offers":{"Summaries":[{"Condition":{"Value":"New"},"LowestPrice":{"Amount":39.0,"Currency":"EUR","DisplayAmount":"39,00 €"}}]}},{"ASIN":"B07F2G3FW5","DetailPageURL":"https://www.amazon.es/dp/B07F2G3FW5?tag=topinalambricos-21&linkCode=osi&th=1&psc=1","Images":{"Primary":{"Small":{"Height":75,"URL":"https://m.media-amazon.com/images/I/31A50vZo2bL._SL75_.jpg","Width":75}}},"ItemInfo":{"ByLineInfo":{"Brand":{"DisplayValue":"TOUS","Label":"Brand","Locale":"es_ES"},"Manufacturer":{"DisplayValue":"TOUS","Label":"Manufacturer","Locale":"es_ES"}},"Title":{"DisplayValue":"Pulsera de plata vermeil rosa, gemas y cordón en color negro New Tibet","Label":"Title","Locale":"es_ES"}},"Offers":{"Summaries":[{"Condition":{"Value":"New"},"LowestPrice":{"Amount":65.0,"Currency":"EUR","DisplayAmount":"65,00 €"}}]}},{"ASIN":"B0160CMRAW","DetailPageURL":"https://www.amazon.es/dp/B0160CMRAW?tag=topinalambricos-21&linkCode=osi&th=1&psc=1","Images":{"Primary":{"Small":{"Height":75,"URL":"https://m.media-amazon.com/images/I/418PdDMvg5L._SL75_.jpg","Width":75}}},"ItemInfo":{"ByLineInfo":{"Brand":{"DisplayValue":"TOUS","Label":"Brand","Locale":"es_ES"},"Manufacturer":{"DisplayValue":"TOUS","Label":"Manufacturer","Locale":"es_ES"}},"Title":{"DisplayValue":"TOUS Pulsera de cordón negro, plata y perlas TOUS Pearls","Label":"Title","Locale":"es_ES"}},"Offers":{"Summaries":[{"Condition":{"Value":"New"},"LowestPrice":{"Amount":39.0,"Currency":"EUR","DisplayAmount":"39,00 €"}}]}},{"ASIN":"B09PNNXNLF","DetailPageURL":"https://www.amazon.es/dp/B09PNNXNLF?tag=topinalambricos-21&linkCode=osi&th=1&psc=1","Images":{"Primary":{"Small":{"Height":75,"URL":"https://m.media-amazon.com/images/I/31KBbJHzvgL._SL75_.jpg","Width":75}}},"ItemInfo":{"ByLineInfo":{"Brand":{"DisplayValue":"TOUS","Label":"Brand","Locale":"es_ES"}},"Title":{"DisplayValue":"TOUS Pulsera Elástica en Azul para Mujer con Motivo de Osos En Plata de Primera Ley 1,1cm, 17 cm de Largo, Simple y Versátil, Colección Sweet Dolls","Label":"Title","Locale":"es_ES"}},"Offers":{"Summaries":[{"Condition":{"Value":"New"},"LowestPrice":{"Amount":45.0,"Currency":"EUR","DisplayAmount":"45,00 €"}}]}},{"ASIN":"B07F2G8J3Q","DetailPageURL":"https://www.amazon.es/dp/B07F2G8J3Q?tag=topinalambricos-21&linkCode=osi&th=1&psc=1","Images":{"Primary":{"Small":{"Height":75,"URL":"https://m.media-amazon.com/images/I/31j7DBBpBQL._SL75_.jpg","Width":75}}},"ItemInfo":{"ByLineInfo":{"Brand":{"DisplayValue":"TOUS","Label":"Brand","Locale":"es_ES"},"Manufacturer":{"DisplayValue":"TOUS","Label":"Manufacturer","Locale":"es_ES"}},"Title":{"DisplayValue":"TOUS Pulsera de Plata de Primera Ley para Mujer con Perla y Motivo de Oso, 17,5 cm de Largo, Atemporal y Clásica, Colección Camee","Label":"Title","Locale":"es_ES"}},"Offers":{"Summaries":[{"Condition":{"Value":"New"},"LowestPrice":{"Amount":49.0,"Currency":"EUR","DisplayAmount":"49,00 €"}}]}},{"ASIN":"B073YQ324S","DetailPageURL":"https://www.amazon.es/dp/B073YQ324S?tag=topinalambricos-21&linkCode=osi&th=1&psc=1","Images":{"Primary":{"Small":{"Height":75,"URL":"https://m.media-amazon.com/images/I/314SNxwK9eL._SL75_.jpg","Width":75}}},"ItemInfo":{"ByLineInfo":{"Brand":{"DisplayValue":"TOUS","Label":"Brand","Locale":"es_ES"},"Manufacturer":{"DisplayValue":"TOUS","Label":"Manufacturer","Locale":"es_ES"}},"Title":{"DisplayValue":"TOUS Pulsera de Oro y Perlas cultivadas barrocas Pearls","Label":"Title","Locale":"es_ES"}},"Offers":{"Summaries":[{"Condition":{"Value":"New"},"LowestPrice":{"Amount":39.0,"Currency":"EUR","DisplayAmount":"39,00 €"}}]}},{"ASIN":"B082B6JPYP","DetailPageURL":"https://www.amazon.es/dp/B082B6JPYP?tag=topinalambricos-21&linkCode=osi&th=1&psc=1","Images":{"Primary":{"Small":{"Height":75,"URL":"https://m.media-amazon.com/images/I/314irzGJLYL._SL75_.jpg","Width":75}}},"ItemInfo":{"ByLineInfo":{"Brand":{"DisplayValue":"TOUS","Label":"Brand","Locale":"es_ES"},"Manufacturer":{"DisplayValue":"Joyeria TOUS","Label":"Manufacturer","Locale":"es_ES"}},"Title":{"DisplayValue":"TOUS Pulsera de Cuerda Negra para Mujer con Motivo en Plata de Primera Ley y Perla, 23 cm de Largo, Delicado y Elegante, Colección Nocturne","Label":"Title","Locale":"es_ES"}},"Offers":{"Summaries":[{"Condition":{"Value":"New"},"LowestPrice":{"Amount":49.0,"Currency":"EUR","DisplayAmount":"49,00 €"}}]}},{"ASIN":"B08F7X8VHP","DetailPageURL":"https://www.amazon.es/dp/B08F7X8VHP?tag=topinalambricos-21&linkCode=osi&th=1&psc=1","Images":{"Primary":{"Small":{"Height":75,"URL":"https://m.media-amazon.com/images/I/21AgNRN1MtL._SL75_.jpg","Width":75}}},"ItemInfo":{"ByLineInfo":{"Brand":{"DisplayValue":"TOUS","Label":"Brand","Locale":"es_ES"},"Manufacturer":{"DisplayValue":"Joyeria TOUS","Label":"Manufacturer","Locale":"es_ES"}},"Title":{"DisplayValue":"TOUS Pulsera Nylon Verde de Perlas Cultivadas para Mujer con Motivo de Oso en Plata de Primera Ley, Combinable y Versátil, Colección Color AG","Label":"Title","Locale":"es_ES"}},"Offers":{"Summaries":[{"Condition":{"Value":"New"},"LowestPrice":{"Amount":35.0,"Currency":"EUR","DisplayAmount":"35,00 €"}}]}}],"SearchURL":"https://www.amazon.es/s?k=cuero+tous&rh=n%3A10440375031%2Cp_n_availability%3A-1&tag=topinalambricos-21&linkCode=osi","TotalResultCount":41}},"101":{"SearchResult":{"Items":[{"ASIN":"B07BFVJNY4","DetailPageURL":"https://www.amazon.es/dp/B07BFVJNY4?tag=topinalambricos-21&linkCode=osi&th=1&psc=1","Images":{"Primary":{"Small":{"Height":63,"URL":"https://m.media-amazon.com/images/I/419HrbeSRWL._SL75_.jpg","Width":75}}},"ItemInfo":{"ByLineInfo":{"Brand":{"DisplayValue":"YOJAN PIEL","Label":"Brand","Locale":"es_ES"},"Manufacturer":{"DisplayValue":"yojan piel","Label":"Manufacturer","Locale":"es_ES"}},"Title":{"DisplayValue":"YOJAN PIEL | Pulsera De Cuero Bandera De España (Fabricada Artesanalmente) | Complementos de Moda Unisex para Hombres y Mujeres de Estilo Atemporal y Elegante | Regalos Originales y Exclusivos","Label":"Title","Locale":"es_ES"}},"Offers":{"Summaries":[{"Condition":{"Value":"New"},"LowestPrice":{"Amount":7.0,"Currency":"EUR","DisplayAmount":"7,00 €"}}]}},{"ASIN":"B08ZMJ222B","DetailPageURL":"https://www.amazon.es/dp/B08ZMJ222B?tag=topinalambricos-21&linkCode=osi&th=1&psc=1","Images":{"Primary":{"Small":{"Height":75,"URL":"https://m.media-amazon.com/images/I/51tkPgmYm-L._SL75_.jpg","Width":75}}},"ItemInfo":{"ByLineInfo":{"Brand":{"DisplayValue":"SALUTUYA","Label":"Brand","Locale":"es_ES"},"Manufacturer":{"DisplayValue":"SALUTUYA","Label":"Manufacturer","Locale":"es_ES"}},"Title":{"DisplayValue":"SALUTUYA Pulsera Artesanal Pulsera de Cuero Tejida para Pareja DIY","Label":"Title","Locale":"es_ES"}},"Offers":{"Summaries":[{"Condition":{"Value":"New"},"LowestPrice":{"Amount":14.19,"Currency":"EUR","DisplayAmount":"14,19 €"}}]}},{"ASIN":"B097MJR7LX","DetailPageURL":"https://www.amazon.es/dp/B097MJR7LX?tag=topinalambricos-21&linkCode=osi&th=1&psc=1","Images":{"Primary":{"Small":{"Height":75,"URL":"https://m.media-amazon.com/images/I/5150Kko31OL._SL75_.jpg","Width":75}}},"ItemInfo":{"ByLineInfo":{"Brand":{"DisplayValue":"Eulbevoli","Label":"Brand","Locale":"es_ES"},"Manufacturer":{"DisplayValue":"Eulbevoli","Label":"Manufacturer","Locale":"es_ES"}},"Title":{"DisplayValue":"Pulsera de Cuero Artesanal Pulsera de Cuero Decoraciones artesanales para Socio","Label":"Title","Locale":"es_ES"}},"Offers":{"Summaries":[{"Condition":{"Value":"New"},"LowestPrice":{"Amount":11.99,"Currency":"EUR","DisplayAmount":"11,99 €"}}]}},{"ASIN":"B0BGGMTTGT","DetailPageURL":"https://www.amazon.es/dp/B0BGGMTTGT?tag=topinalambricos-21&linkCode=osi&th=1&psc=1","Images":{"Primary":{"Small":{"Height":75,"URL":"https://m.media-amazon.com/images/I/419gERw7ODL._SL75_.jpg","Width":75}}},"ItemInfo":{"ByLineInfo":{"Brand":{"DisplayValue":"Whoiy","Label":"Brand","Locale":"es_ES"},"Manufacturer":{"DisplayValue":"Whoiy","Label":"Manufacturer","Locale":"es_ES"}},"Title":{"DisplayValue":"Whoiy Pulsera Cuero Artesanal, Pulseras Cuero Punk Brazalete de Cuero con Hebilla Magnética Simple 20.5cm","Label":"Title","Locale":"es_ES"}},"Offers":{"Summaries":[{"Condition":{"Value":"New"},"LowestPrice":{"Amount":17.99,"Currency":"EUR","DisplayAmount":"17,99 €"}}]}},{"ASIN":"B07BFNKJSM","DetailPageURL":"https://www.amazon.es/dp/B07BFNKJSM?tag=topinalambricos-21&linkCode=osi&th=1&psc=1","Images":{"Primary":{"Small":{"Height":75,"URL":"https://m.media-amazon.com/images/I/515TiJLlJzL._SL75_.jpg","Width":75}}},"ItemInfo":{"ByLineInfo":{"Brand":{"DisplayValue":"Beauty7","Label":"Brand","Locale":"es_ES"},"Manufacturer":{"DisplayValue":"Beauty7","Label":"Manufacturer","Locale":"es_ES"}},"Title":{"DisplayValue":"6PCS Pulsera Cuero Étnico Retro de Cuero Trenzadas Pulseras del Correa del Trenzado Brazalete Ajustable para Hombres Mujeres Leather Wristbands","Label":"Title","Locale":"es_ES"}},"Offers":{"Summaries":[{"Condition":{"Value":"New"},"LowestPrice":{"Amount":10.79,"Currency":"EUR","DisplayAmount":"10,79 €"}}]}},{"ASIN":"B07JM21CC4","DetailPageURL":"https://www.amazon.es/dp/B07JM21CC4?tag=topinalambricos-21&linkCode=osi&th=1&psc=1","Images":{"Primary":{"Small":{"Height":75,"URL":"https://m.media-amazon.com/images/I/51Kci3UiHOL._SL75_.jpg","Width":75}}},"ItemInfo":{"ByLineInfo":{"Brand":{"DisplayValue":"flintronic","Label":"Brand","Locale":"es_ES"},"Manufacturer":{"DisplayValue":"flintronic®-eu","Label":"Manufacturer","Locale":"es_ES"}},"Title":{"DisplayValue":"flintronic® Pulsera Hombre, 6 Piezas Personalidad Retro Tejida Pulsera de Traje de Cuero Multicapa, Pulseras Retro, Moda Pulsera de Cuero Brazalete Trenzado Roccia Punk, Ajustable (#2 Serie)","Label":"Title","Locale":"es_ES"}},"Offers":{"Summaries":[{"Condition":{"Value":"New"},"LowestPrice":{"Amount":10.99,"Currency":"EUR","DisplayAmount":"10,99 €"}},{"Condition":{"Value":"Used"},"LowestPrice":{"Amount":9.15,"Currency":"EUR","DisplayAmount":"9,15 €"}}]}},{"ASIN":"B0BGC2Q6M4","DetailPageURL":"https://www.amazon.es/dp/B0BGC2Q6M4?tag=topinalambricos-21&linkCode=osi&th=1&psc=1","Images":{"Primary":{"Small":{"Height":75,"URL":"https://m.media-amazon.com/images/I/51MbUT3rwwL._SL75_.jpg","Width":69}}},"ItemInfo":{"ByLineInfo":{"Brand":{"DisplayValue":"LOLIAS","Label":"Brand","Locale":"es_ES"},"Manufacturer":{"DisplayValue":"LOLIAS","Label":"Manufacturer","Locale":"es_ES"}},"Title":{"DisplayValue":"LOLIAS 12 Piezas 6-8 MM Pulseras de Cuentas Naturales para Mujeres y Hombres Piedra Natural Pulsera de Declaración Dijes con Cuentas para Parejas Pulseras Elásticas Joyería","Label":"Title","Locale":"es_ES"}},"Offers":{"Summaries":[{"Condition":{"Value":"New"},"LowestPrice":{"Amount":18.99,"Currency":"EUR","DisplayAmount":"18,99 €"}}]}},{"ASIN":"B07BZKCLHF","DetailPageURL":"https://www.amazon.es/dp/B07BZKCLHF?tag=topinalambricos-21&linkCode=osi&th=1&psc=1","Images":{"Primary":{"Small":{"Height":75,"URL":"https://m.media-amazon.com/images/I/41d0EpR9NvL._SL75_.jpg","Width":65}}},"ItemInfo":{"ByLineInfo":{"Brand":{"DisplayValue":"YOJAN PIEL","Label":"Brand","Locale":"es_ES"},"Manufacturer":{"DisplayValue":"YOJAN PIEL","Label":"Manufacturer","Locale":"es_ES"}},"Title":{"DisplayValue":"YOJAN PIEL | Pulsera de Cuero Azulgrana (Medida Ajustable) | Complementos de Moda Unisex para Hombres y Mujeres de Estilo Atemporal y Elegante | Regalos Originales y Exclusivos","Label":"Title","Locale":"es_ES"}},"Offers":{"Summaries":[{"Condition":{"Value":"New"},"LowestPrice":{"Amount":7.0,"Currency":"EUR","DisplayAmount":"7,00 €"}}]}},{"ASIN":"B086GX1Q62","DetailPageURL":"https://www.amazon.es/dp/B086GX1Q62?tag=topinalambricos-21&linkCode=osi&th=1&psc=1","Images":{"Primary":{"Small":{"Height":75,"URL":"https://m.media-amazon.com/images/I/41jKyCU9d8L._SL75_.jpg","Width":75}}},"ItemInfo":{"ByLineInfo":{"Brand":{"DisplayValue":"EXCEART","Label":"Brand","Locale":"es_ES"},"Manufacturer":{"DisplayValue":"EXCEART","Label":"Manufacturer","Locale":"es_ES"}},"Title":{"DisplayValue":"EXCEART 4 Piezas Pulsera de Cuero Pulsera de Piel de Vaca Pulsera Brazalete Regalo de Bricolaje para Niñas Mujeres Amigos Hombres Parejas Joyería Unisex","Label":"Title","Locale":"es_ES"}},"Offers":{"Summaries":[{"Condition":{"Value":"New"},"LowestPrice":{"Amount":10.77,"Currency":"EUR","DisplayAmount":"10,77 €"}}]}},{"ASIN":"B08TTHRFYS","DetailPageURL":"https://www.amazon.es/dp/B08TTHRFYS?tag=topinalambricos-21&linkCode=osi&th=1&psc=1","Images":{"Primary":{"Small":{"Height":75,"URL":"https://m.media-amazon.com/images/I/41MtbTHKxjL._SL75_.jpg","Width":75}}},"ItemInfo":{"ByLineInfo":{"Brand":{"DisplayValue":"KELITCH","Label":"Brand","Locale":"es_ES"},"Manufacturer":{"DisplayValue":"KELITCH","Label":"Manufacturer","Locale":"es_ES"}},"Title":{"DisplayValue":"KELITCH Pulsera de Cuero de Telar Artesanal con Cuentas de Semillas Marrones Unisex 1C","Label":"Title","Locale":"es_ES"}},"Offers":{"Summaries":[{"Condition":{"Value":"New"},"LowestPrice":{"Amount":16.99,"Currency":"EUR","DisplayAmount":"16,99 €"}}]}}],"SearchURL":"https://www.amazon.es/s?k=cuero+artesanal&rh=n%3A10440375031%2Cp_n_availability%3A-1&tag=topinalambricos-21&linkCode=osi","TotalResultCount":768}},"102":{"SearchResult":{"Items":[{"ASIN":"B08XW11XMB","DetailPageURL":"https://www.amazon.es/dp/B08XW11XMB?tag=topinalambricos-21&linkCode=osi&th=1&psc=1","Images":{"Primary":{"Small":{"Height":75,"URL":"https://m.media-amazon.com/images/I/41TGFy8KNkL._SL75_.jpg","Width":75}}},"ItemInfo":{"ByLineInfo":{"Brand":{"DisplayValue":"VNOX","Label":"Brand","Locale":"es_ES"},"Manufacturer":{"DisplayValue":"VNOX Jewelry","Label":"Manufacturer","Locale":"es_ES"}},"Title":{"DisplayValue":"VNOX Hombres Personalizar Personalizar Grabado Pulsera de identificación de Cuero Negro de Acero Inoxidable Pulseras de Cita de Valor Inspirador para Padre/Novio/Amor,Regalo de cumpleaños","Label":"Title","Locale":"es_ES"}},"Offers":{"Summaries":[{"Condition":{"Value":"New"},"LowestPrice":{"Amount":9.99,"Currency":"EUR","DisplayAmount":"9,99 €"}}]}},{"ASIN":"B09H8M81PN","DetailPageURL":"https://www.amazon.es/dp/B09H8M81PN?tag=topinalambricos-21&linkCode=osi&th=1&psc=1","Images":{"Primary":{"Small":{"Height":75,"URL":"https://m.media-amazon.com/images/I/41fnSg-xx+L._SL75_.jpg","Width":75}}},"ItemInfo":{"ByLineInfo":{"Brand":{"DisplayValue":"RecontraMago","Label":"Brand","Locale":"es_ES"},"Manufacturer":{"DisplayValue":"RecontraMago","Label":"Manufacturer","Locale":"es_ES"}},"Title":{"DisplayValue":"RecontraMago Pulseras Personalizadas Para Hombre y Mujer - Grabado en Diamante Pulseras Personalizables de Acero Inoxidable y Cuero Regalo Nombre (SILVER)","Label":"Title","Locale":"es_ES"}},"Offers":{"Summaries":[{"Condition":{"Value":"New"},"LowestPrice":{"Amount":19.99,"Currency":"EUR","DisplayAmount":"19,99 €"}}]}},{"ASIN":"B00IRIHNLG","DetailPageURL":"https://www.amazon.es/dp/B00IRIHNLG?tag=topinalambricos-21&linkCode=osi&th=1&psc=1","Images":{"Primary":{"Small":{"Height":75,"URL":"https://m.media-amazon.com/images/I/416FDvLTN4L._SL75_.jpg","Width":75}}},"ItemInfo":{"ByLineInfo":{"Brand":{"DisplayValue":"Fossil","Label":"Brand","Locale":"es_ES"},"Manufacturer":{"DisplayValue":"FOYBT","Label":"Manufacturer","Locale":"es_ES"}},"Title":{"DisplayValue":"Fossil Pulsera ónice de Mujer con Cuero, JA6379040","Label":"Title","Locale":"es_ES"}},"Offers":{"Summaries":[{"Condition":{"Value":"New"},"LowestPrice":{"Amount":26.1,"Currency":"EUR","DisplayAmount":"26,10 €"}}]}},{"ASIN":"B07T99446P","DetailPageURL":"https://www.amazon.es/dp/B07T99446P?tag=topinalambricos-21&linkCode=osi&th=1&psc=1","Images":{"Primary":{"Small":{"Height":75,"URL":"https://m.media-amazon.com/images/I/417CPvmP+AL._SL75_.jpg","Width":75}}},"ItemInfo":{"ByLineInfo":{"Brand":{"DisplayValue":"LEGADO","Label":"Brand","Locale":"es_ES"},"Manufacturer":{"DisplayValue":"LEGADO","Label":"Manufacturer","Locale":"es_ES"}},"Title":{"DisplayValue":"LEGADO Pulsera Hombre, Cuero PU y Acero Inoxidable, Brazalete Vikingo Chico Negra combinable con Anillo Pendiente Collar Colgante o Tobillera muñequera, Personalizable (Silver 21,5)","Label":"Title","Locale":"es_ES"}},"Offers":{"Summaries":[{"Condition":{"Value":"New"},"LowestPrice":{"Amount":10.99,"Currency":"EUR","DisplayAmount":"10,99 €"}}]}},{"ASIN":"B075R6S766","DetailPageURL":"https://www.amazon.es/dp/B075R6S766?tag=topinalambricos-21&linkCode=osi&th=1&psc=1","Images":{"Primary":{"Small":{"Height":75,"URL":"https://m.media-amazon.com/images/I/31SG4NdkS2L._SL75_.jpg","Width":75}}},"ItemInfo":{"ByLineInfo":{"Brand":{"DisplayValue":"TOUS","Label":"Brand","Locale":"es_ES"},"Manufacturer":{"DisplayValue":"TOUS","Label":"Manufacturer","Locale":"es_ES"}},"Title":{"DisplayValue":"TOUS Pulsera de plata Camille","Label":"Title","Locale":"es_ES"}},"Offers":{"Summaries":[{"Condition":{"Value":"New"},"LowestPrice":{"Amount":45.0,"Currency":"EUR","DisplayAmount":"45,00 €"}}]}},{"ASIN":"B0BYZHG2JV","DetailPageURL":"https://www.amazon.es/dp/B0BYZHG2JV?tag=topinalambricos-21&linkCode=osi&th=1&psc=1","Images":{"Primary":{"Small":{"Height":75,"URL":"https://m.media-amazon.com/images/I/61d1mUabqiL._SL75_.jpg","Width":75}}},"ItemInfo":{"ByLineInfo":{"Brand":{"DisplayValue":"ISILA","Label":"Brand","Locale":"es_ES"}},"Title":{"DisplayValue":"ISILA 12 Piezas Pulseras Trenzada de Amistad Pulseras de Tejidas Ajustables Multicolor Pulseras de Tejido para Amistad para Pulseras de Amistad para Niña Mujer y Hombre","Label":"Title","Locale":"es_ES"}},"Offers":{"Summaries":[{"Condition":{"Value":"New"},"LowestPrice":{"Amount":10.99,"Currency":"EUR","DisplayAmount":"10,99 €"}}]}},{"ASIN":"B09T76PPVY","DetailPageURL":"https://www.amazon.es/dp/B09T76PPVY?tag=topinalambricos-21&linkCode=osi&th=1&psc=1","Images":{"Primary":{"Small":{"Height":75,"URL":"https://m.media-amazon.com/images/I/31jdFJFi8UL._SL75_.jpg","Width":75}}},"ItemInfo":{"ByLineInfo":{"Brand":{"DisplayValue":"cotigo","Label":"Brand","Locale":"es_ES"}},"Title":{"DisplayValue":"cotigo-Pulsera Letra Inicial A de Acero Inoxidable con Hilo Encerado-Pulsera Mujer o Hombre con Inicial de Nombre-Pulsera Corazón con Letra -Regalo para Madre, Hija, Amiga, Novia (A-Plateado)","Label":"Title","Locale":"es_ES"}},"Offers":{"Summaries":[{"Condition":{"Value":"New"},"LowestPrice":{"Amount":6.99,"Currency":"EUR","DisplayAmount":"6,99 €"}}]}},{"ASIN":"B0BRJVW6J9","DetailPageURL":"https://www.amazon.es/dp/B0BRJVW6J9?tag=topinalambricos-21&linkCode=osi&th=1&psc=1","Images":{"Primary":{"Small":{"Height":75,"URL":"https://m.media-amazon.com/images/I/31pwfzY9TaL._SL75_.jpg","Width":75}}},"ItemInfo":{"ByLineInfo":{"Brand":{"DisplayValue":"isigno","Label":"Brand","Locale":"es_ES"},"Manufacturer":{"DisplayValue":"isigno","Label":"Manufacturer","Locale":"es_ES"}},"Title":{"DisplayValue":"Pulsera Letra Inicial A-Z Pulseras con Iniciales Cadena Ajustable Trenzada Hecha a Mano para Mujer y Hombre con Inicial de Nombre Pulsera Corazón con Letra Grabado Regalo para Familia, Amiga, Novios,L","Label":"Title","Locale":"es_ES"}},"Offers":{"Summaries":[{"Condition":{"Value":"New"},"LowestPrice":{"Amount":5.95,"Currency":"EUR","DisplayAmount":"5,95 €"}}]}},{"ASIN":"B0BWN4QNH9","DetailPageURL":"https://www.amazon.es/dp/B0BWN4QNH9?tag=topinalambricos-21&linkCode=osi&th=1&psc=1","Images":{"Primary":{"Small":{"Height":75,"URL":"https://m.media-amazon.com/images/I/41aUV5Gp8aL._SL75_.jpg","Width":75}}},"ItemInfo":{"ByLineInfo":{"Brand":{"DisplayValue":"MunkiMix","Label":"Brand","Locale":"es_ES"},"Manufacturer":{"DisplayValue":"MunkiMix","Label":"Manufacturer","Locale":"es_ES"}},"Title":{"DisplayValue":"MunkiMix Personalizado 2-6 Nombres Pulseras de Frijoles Pulsera de Cuero Genuino Hombres Mujeres Regalo Texto Grabado Joyería de Acero Inoxidable Regalos Mejor Amigo(Plata 3 Frijoles)","Label":"Title","Locale":"es_ES"}},"Offers":{"Summaries":[{"Condition":{"Value":"New"},"LowestPrice":{"Amount":16.99,"Currency":"EUR","DisplayAmount":"16,99 €"}}]}},{"ASIN":"B07K23TNXL","DetailPageURL":"https://www.amazon.es/dp/B07K23TNXL?tag=topinalambricos-21&linkCode=osi&th=1&psc=1","Images":{"Primary":{"Small":{"Height":75,"URL":"https://m.media-amazon.com/images/I/21HpJHP0BfL._SL75_.jpg","Width":45}}},"ItemInfo":{"ByLineInfo":{"Brand":{"DisplayValue":"Lotus Style","Label":"Brand","Locale":"es_ES"},"Manufacturer":{"DisplayValue":"LOTUS","Label":"Manufacturer","Locale":"es_ES"}},"Title":{"DisplayValue":"Lotus Style Pulsera modelo LS2017-2/5 de la colección Millennial en acero para señora, Plata","Label":"Title","Locale":"es_ES"}},"Offers":{"Summaries":[{"Condition":{"Value":"New"},"LowestPrice":{"Amount":15.39,"Currency":"EUR","DisplayAmount":"15,39 €"}}]}}],"SearchURL":"https://www.amazon.es/s?k=cuero+personalizadas&rh=n%3A10440375031%2Cp_n_availability%3A-1&tag=topinalambricos-21&linkCode=osi","TotalResultCount":337}},"103":{"SearchResult":{"Items":[{"ASIN":"B07HH165DX","DetailPageURL":"https://www.amazon.es/dp/B07HH165DX?tag=topinalambricos-21&linkCode=osi&th=1&psc=1","Images":{"Primary":{"Small":{"Height":75,"URL":"https://m.media-amazon.com/images/I/31N806ctmGL._SL75_.jpg","Width":75}}},"ItemInfo":{"ByLineInfo":{"Brand":{"DisplayValue":"Xuniu","Label":"Brand","Locale":"es_ES"},"Manufacturer":{"DisplayValue":"Xuniu","Label":"Manufacturer","Locale":"es_ES"}},"Title":{"DisplayValue":"Xuniu Pulsera Hecha a Mano, Pulsera de Cuero Trenzada Pulsera con Broche de Langosta Granos del de la joyería DIY Rojo","Label":"Title","Locale":"es_ES"}},"Offers":{"Summaries":[{"Condition":{"Value":"New"},"LowestPrice":{"Amount":4.99,"Currency":"EUR","DisplayAmount":"4,99 €"}}]}},{"ASIN":"B0B7XBRC1N","DetailPageURL":"https://www.amazon.es/dp/B0B7XBRC1N?tag=topinalambricos-21&linkCode=osi&th=1&psc=1","Images":{"Primary":{"Small":{"Height":75,"URL":"https://m.media-amazon.com/images/I/31g7ixK8z6L._SL75_.jpg","Width":75}}},"ItemInfo":{"ByLineInfo":{"Brand":{"DisplayValue":"GLOWDAS","Label":"Brand","Locale":"es_ES"},"Manufacturer":{"DisplayValue":"by GLOWDAS Leather Bracelet fits Pandora Charms Beads","Label":"Manufacturer","Locale":"es_ES"}},"Title":{"DisplayValue":"Pulsera cuero trenzado negro de 18cm con cierre de langosta de plata 925, pulsera de cordón de cuero tejida a mano apto con cuentas de Pandora charms, para hacer brazalete de cuentas san valentin","Label":"Title","Locale":"es_ES"}},"Offers":{"Summaries":[{"Condition":{"Value":"New"},"LowestPrice":{"Amount":22.91,"Currency":"EUR","DisplayAmount":"22,91 €"}}]}},{"ASIN":"B071SGPQKT","DetailPageURL":"https://www.amazon.es/dp/B071SGPQKT?tag=topinalambricos-21&linkCode=osi&th=1&psc=1","Images":{"Primary":{"Small":{"Height":75,"URL":"https://m.media-amazon.com/images/I/51IdL+H-p0L._SL75_.jpg","Width":75}}},"ItemInfo":{"ByLineInfo":{"Brand":{"DisplayValue":"Cupimatch","Label":"Brand","Locale":"es_ES"},"Manufacturer":{"DisplayValue":"Cupimatch","Label":"Manufacturer","Locale":"es_ES"}},"Title":{"DisplayValue":"Cupimatch Pulsera Corazón Acero Inoxidable Brazalete Mujer Cuero Trenzado Hipoalergénico Joyería de Moda Regalo Amor","Label":"Title","Locale":"es_ES"}},"Offers":{"Summaries":[{"Condition":{"Value":"New"},"LowestPrice":{"Amount":16.99,"Currency":"EUR","DisplayAmount":"16,99 €"}}]}},{"ASIN":"B0BWHWGDV4","DetailPageURL":"https://www.amazon.es/dp/B0BWHWGDV4?tag=topinalambricos-21&linkCode=osi&th=1&psc=1","Images":{"Primary":{"Small":{"Height":75,"URL":"https://m.media-amazon.com/images/I/511lFatwZDL._SL75_.jpg","Width":75}}},"ItemInfo":{"ByLineInfo":{"Brand":{"DisplayValue":"Dervivea","Label":"Brand","Locale":"es_ES"},"Manufacturer":{"DisplayValue":"Dervivea","Label":"Manufacturer","Locale":"es_ES"}},"Title":{"DisplayValue":"Dervivea Vintage Pulsera De Cuero Trenzado Rojo Negro Pulsera De Cuerda De Cuero Doble Pulsera Ajustable Negro Trenzado Pulsera De Joyería Para Mujeres Y Niñas 2pcs","Label":"Title","Locale":"es_ES"}},"Offers":{"Summaries":[{"Condition":{"Value":"New"},"LowestPrice":{"Amount":8.99,"Currency":"EUR","DisplayAmount":"8,99 € (8,99 € / unidad)","PricePerUnit":8.99}}]}},{"ASIN":"B07BFNKJSM","DetailPageURL":"https://www.amazon.es/dp/B07BFNKJSM?tag=topinalambricos-21&linkCode=osi&th=1&psc=1","Images":{"Primary":{"Small":{"Height":75,"URL":"https://m.media-amazon.com/images/I/515TiJLlJzL._SL75_.jpg","Width":75}}},"ItemInfo":{"ByLineInfo":{"Brand":{"DisplayValue":"Beauty7","Label":"Brand","Locale":"es_ES"},"Manufacturer":{"DisplayValue":"Beauty7","Label":"Manufacturer","Locale":"es_ES"}},"Title":{"DisplayValue":"6PCS Pulsera Cuero Étnico Retro de Cuero Trenzadas Pulseras del Correa del Trenzado Brazalete Ajustable para Hombres Mujeres Leather Wristbands","Label":"Title","Locale":"es_ES"}},"Offers":{"Summaries":[{"Condition":{"Value":"New"},"LowestPrice":{"Amount":10.79,"Currency":"EUR","DisplayAmount":"10,79 €"}}]}},{"ASIN":"B00WG9U2R4","DetailPageURL":"https://www.amazon.es/dp/B00WG9U2R4?tag=topinalambricos-21&linkCode=osi&th=1&psc=1","Images":{"Primary":{"Small":{"Height":75,"URL":"https://m.media-amazon.com/images/I/516nj6jHUHL._SL75_.jpg","Width":75}}},"ItemInfo":{"ByLineInfo":{"Brand":{"DisplayValue":"Morella","Label":"Brand","Locale":"es_ES"},"Manufacturer":{"DisplayValue":"Tradict GmbH","Label":"Manufacturer","Locale":"es_ES"}},"Title":{"DisplayValue":"Morella Pulsera de Cuero Trenzada de Color café con Cuerda de Perlas de Madera y Colgante Charms Hoja para Damas","Label":"Title","Locale":"es_ES"}},"Offers":{"Summaries":[{"Condition":{"Value":"New"},"LowestPrice":{"Amount":10.95,"Currency":"EUR","DisplayAmount":"10,95 €"}}]}},{"ASIN":"B0B2X1VK1Q","DetailPageURL":"https://www.amazon.es/dp/B0B2X1VK1Q?tag=topinalambricos-21&linkCode=osi&th=1&psc=1","Images":{"Primary":{"Small":{"Height":75,"URL":"https://m.media-amazon.com/images/I/31k9rJb7FtL._SL75_.jpg","Width":75}}},"ItemInfo":{"ByLineInfo":{"Brand":{"DisplayValue":"Andante-Stones","Label":"Brand","Locale":"es_ES"},"Manufacturer":{"DisplayValue":"Andante-Stones","Label":"Manufacturer","Locale":"es_ES"}},"Title":{"DisplayValue":"Andante-Stones Pulsera trenzada de cuero (rosa) con cierre de clip (21 cm) para cuentas europeas + bolsita de organza, Metal Cuero","Label":"Title","Locale":"es_ES"}},"Offers":{"Summaries":[{"Condition":{"Value":"New"},"LowestPrice":{"Amount":8.99,"Currency":"EUR","DisplayAmount":"8,99 €"}}]}},{"ASIN":"B0BKRJZ4F9","DetailPageURL":"https://www.amazon.es/dp/B0BKRJZ4F9?tag=topinalambricos-21&linkCode=osi&th=1&psc=1","Images":{"Primary":{"Small":{"Height":75,"URL":"https://m.media-amazon.com/images/I/41AOdqiWc0L._SL75_.jpg","Width":75}}},"ItemInfo":{"ByLineInfo":{"Brand":{"DisplayValue":"arana's","Label":"Brand","Locale":"es_ES"},"Manufacturer":{"DisplayValue":"arana's","Label":"Manufacturer","Locale":"es_ES"}},"Title":{"DisplayValue":"Pulsera cuero hombre o mujer | Adornos en plata de ley | Cuero trenzado verde genuino | Brazalete piel auténtica | Pulseras ajustables con nudos (Verde, 14)","Label":"Title","Locale":"es_ES"}},"Offers":{"Summaries":[{"Condition":{"Value":"New"},"LowestPrice":{"Amount":14.95,"Currency":"EUR","DisplayAmount":"14,95 €"}}]}},{"ASIN":"B0B75QVSTV","DetailPageURL":"https://www.amazon.es/dp/B0B75QVSTV?tag=topinalambricos-21&linkCode=osi&th=1&psc=1","Images":{"Primary":{"Small":{"Height":75,"URL":"https://m.media-amazon.com/images/I/31wRSunAgzL._SL75_.jpg","Width":75}}},"ItemInfo":{"ByLineInfo":{"Brand":{"DisplayValue":"BDM","Label":"Brand","Locale":"es_ES"},"Manufacturer":{"DisplayValue":"BDM","Label":"Manufacturer","Locale":"es_ES"}},"Title":{"DisplayValue":"BDM Pulsera de Hombre o Mujer de Hilo Trenzado de Reggae en Color Rojo, Amarillo, Verde y Negro con Cierre Ajustable de Cuero marrón, es Unisex.","Label":"Title","Locale":"es_ES"}},"Offers":{"Summaries":[{"Condition":{"Value":"New"},"LowestPrice":{"Amount":4.99,"Currency":"EUR","DisplayAmount":"4,99 €"}}]}},{"ASIN":"B089B22NHQ","DetailPageURL":"https://www.amazon.es/dp/B089B22NHQ?tag=topinalambricos-21&linkCode=osi&th=1&psc=1","Images":{"Primary":{"Small":{"Height":75,"URL":"https://m.media-amazon.com/images/I/31fOdd33NjL._SL75_.jpg","Width":75}}},"ItemInfo":{"ByLineInfo":{"Brand":{"DisplayValue":"PANDORA","Label":"Brand","Locale":"es_ES"},"Manufacturer":{"DisplayValue":"Pandora","Label":"Manufacturer","Locale":"es_ES"}},"Title":{"DisplayValue":"PANDORA Reflexiones, Pulsera, para Mujer, Azul ,20,50 cm","Label":"Title","Locale":"es_ES"}},"Offers":{"Summaries":[{"Condition":{"Value":"Used"},"LowestPrice":{"Amount":36.39,"Currency":"EUR","DisplayAmount":"36,39 €"}},{"Condition":{"Value":"New"},"LowestPrice":{"Amount":43.12,"Currency":"EUR","DisplayAmount":"43,12 €"}}]}}],"SearchURL":"https://www.amazon.es/s?k=cuero+trenzado&rh=n%3A10440375031%2Cp_n_availability%3A-1&tag=topinalambricos-21&linkCode=osi","TotalResultCount":499}},"105":{"SearchResult":{"Items":[{"ASIN":"B08HQRBXWS","DetailPageURL":"https://www.amazon.es/dp/B08HQRBXWS?tag=topinalambricos-21&linkCode=osi&th=1&psc=1","Images":{"Primary":{"Small":{"Height":75,"URL":"https://m.media-amazon.com/images/I/21dOfRcA42L._SL75_.jpg","Width":45}}},"ItemInfo":{"ByLineInfo":{"Brand":{"DisplayValue":"Lotus Style","Label":"Brand","Locale":"es_ES"},"Manufacturer":{"DisplayValue":"LOTUS","Label":"Manufacturer","Locale":"es_ES"}},"Title":{"DisplayValue":"Lotus Style Pulsera modelo LS2141-2/4 de la colección Men Basic en piel para caballero","Label":"Title","Locale":"es_ES"}},"Offers":{"Summaries":[{"Condition":{"Value":"New"},"LowestPrice":{"Amount":17.0,"Currency":"EUR","DisplayAmount":"17,00 €"}}]}},{"ASIN":"B08MV62M3V","DetailPageURL":"https://www.amazon.es/dp/B08MV62M3V?tag=topinalambricos-21&linkCode=osi&th=1&psc=1","Images":{"Primary":{"Small":{"Height":75,"URL":"https://m.media-amazon.com/images/I/21WGqVTP99L._SL75_.jpg","Width":45}}},"ItemInfo":{"ByLineInfo":{"Brand":{"DisplayValue":"Lotus Style","Label":"Brand","Locale":"es_ES"},"Manufacturer":{"DisplayValue":"LOTUS","Label":"Manufacturer","Locale":"es_ES"}},"Title":{"DisplayValue":"Lotus Style Pulsera modelo LS2102-2/1 de la colección Urban Man en acero para caballero","Label":"Title","Locale":"es_ES"}},"Offers":{"Summaries":[{"Condition":{"Value":"New"},"LowestPrice":{"Amount":29.0,"Currency":"EUR","DisplayAmount":"29,00 €"}}]}},{"ASIN":"B07T69G9CG","DetailPageURL":"https://www.amazon.es/dp/B07T69G9CG?tag=topinalambricos-21&linkCode=osi&th=1&psc=1","Images":{"Primary":{"Small":{"Height":75,"URL":"https://m.media-amazon.com/images/I/21wLhrG71qL._SL75_.jpg","Width":45}}},"ItemInfo":{"ByLineInfo":{"Brand":{"DisplayValue":"Lotus","Label":"Brand","Locale":"es_ES"},"Manufacturer":{"DisplayValue":"LOTUS","Label":"Manufacturer","Locale":"es_ES"}},"Title":{"DisplayValue":"Lotus Brazalete Pulsera LS2011-2/1 LS2011-2/1, Multicolor","Label":"Title","Locale":"es_ES"}},"Offers":{"Summaries":[{"Condition":{"Value":"New"},"LowestPrice":{"Amount":28.93,"Currency":"EUR","DisplayAmount":"28,93 €"}}]}},{"ASIN":"B00YUQ84OY","DetailPageURL":"https://www.amazon.es/dp/B00YUQ84OY?tag=topinalambricos-21&linkCode=osi&th=1&psc=1","Images":{"Primary":{"Small":{"Height":64,"URL":"https://m.media-amazon.com/images/I/41qoYwXS5kL._SL75_.jpg","Width":75}}},"ItemInfo":{"ByLineInfo":{"Brand":{"DisplayValue":"Viceroy","Label":"Brand","Locale":"es_ES"},"Manufacturer":{"DisplayValue":"Viceroy","Label":"Manufacturer","Locale":"es_ES"}},"Title":{"DisplayValue":"Viceroy Pulsera para hombre de moda de acero inoxidable, piel, 21,5 cm, 6304P09013, 21.5 centimeters, Cuero","Label":"Title","Locale":"es_ES"}},"Offers":{"Summaries":[{"Condition":{"Value":"New"},"LowestPrice":{"Amount":30.0,"Currency":"EUR","DisplayAmount":"30,00 €"}}]}},{"ASIN":"B0BFQCQ7R2","DetailPageURL":"https://www.amazon.es/dp/B0BFQCQ7R2?tag=topinalambricos-21&linkCode=osi&th=1&psc=1","Images":{"Primary":{"Small":{"Height":75,"URL":"https://m.media-amazon.com/images/I/41Wu6EULP6L._SL75_.jpg","Width":75}}},"ItemInfo":{"ByLineInfo":{"Brand":{"DisplayValue":"SERASAR","Label":"Brand","Locale":"es_ES"},"Manufacturer":{"DisplayValue":"SERASAR","Label":"Manufacturer","Locale":"es_ES"}},"Title":{"DisplayValue":"SERASAR Pulsera de Hombre 20cm Plata Pulsera de Hombre Pulsera de Cuero de Hombre Pulsera Joyas de Cuero Joyas de Hombre Pulsera Trenzada Pulsera","Label":"Title","Locale":"es_ES"}},"Offers":{"Summaries":[{"Condition":{"Value":"New"},"LowestPrice":{"Amount":29.99,"Currency":"EUR","DisplayAmount":"29,99 €"}}]}},{"ASIN":"B085W5VM51","DetailPageURL":"https://www.amazon.es/dp/B085W5VM51?tag=topinalambricos-21&linkCode=osi&th=1&psc=1","Images":{"Primary":{"Small":{"Height":75,"URL":"https://m.media-amazon.com/images/I/21I8fJyh7HL._SL75_.jpg","Width":45}}},"ItemInfo":{"ByLineInfo":{"Brand":{"DisplayValue":"Lotus","Label":"Brand","Locale":"es_ES"},"Manufacturer":{"DisplayValue":"LOTUS","Label":"Manufacturer","Locale":"es_ES"}},"Title":{"DisplayValue":"Lotus Brazalete Pulsera Urban Man LS2093-2/2 LS2093-2/2 Marca","Label":"Title","Locale":"es_ES"}},"Offers":{"Summaries":[{"Condition":{"Value":"New"},"LowestPrice":{"Amount":21.6,"Currency":"EUR","DisplayAmount":"21,60 €"}}]}},{"ASIN":"B01M67UHC3","DetailPageURL":"https://www.amazon.es/dp/B01M67UHC3?tag=topinalambricos-21&linkCode=osi&th=1&psc=1","Images":{"Primary":{"Small":{"Height":75,"URL":"https://m.media-amazon.com/images/I/212WqVj76lL._SL75_.jpg","Width":45}}},"ItemInfo":{"ByLineInfo":{"Brand":{"DisplayValue":"LOTUS STYLE","Label":"Brand","Locale":"es_ES"},"Manufacturer":{"DisplayValue":"Lotus Style","Label":"Manufacturer","Locale":"es_ES"}},"Title":{"DisplayValue":"Lotus Style LS1829/2/3 Pulsera para Hombre","Label":"Title","Locale":"es_ES"}},"Offers":{"Summaries":[{"Condition":{"Value":"New"},"LowestPrice":{"Amount":26.1,"Currency":"EUR","DisplayAmount":"26,10 €"}}]}},{"ASIN":"B08D9T4ZNR","DetailPageURL":"https://www.amazon.es/dp/B08D9T4ZNR?tag=topinalambricos-21&linkCode=osi&th=1&psc=1","Images":{"Primary":{"Small":{"Height":75,"URL":"https://m.media-amazon.com/images/I/21rmZxpEmmL._SL75_.jpg","Width":45}}},"ItemInfo":{"ByLineInfo":{"Brand":{"DisplayValue":"Lotus","Label":"Brand","Locale":"es_ES"},"Manufacturer":{"DisplayValue":"LOTUS","Label":"Manufacturer","Locale":"es_ES"}},"Title":{"DisplayValue":"Lotus Brazalete Pulsera Men Basic LS2095-2/2 LS2095-2/2 Marca","Label":"Title","Locale":"es_ES"}},"Offers":{"Summaries":[{"Condition":{"Value":"New"},"LowestPrice":{"Amount":21.6,"Currency":"EUR","DisplayAmount":"21,60 €"}}]}},{"ASIN":"B07YV9YZ7V","DetailPageURL":"https://www.amazon.es/dp/B07YV9YZ7V?tag=topinalambricos-21&linkCode=osi&th=1&psc=1","Images":{"Primary":{"Small":{"Height":75,"URL":"https://m.media-amazon.com/images/I/31AHUq67D9L._SL75_.jpg","Width":60}}},"ItemInfo":{"ByLineInfo":{"Brand":{"DisplayValue":"Viceroy","Label":"Brand","Locale":"es_ES"},"Manufacturer":{"DisplayValue":"Viceroy Jewels","Label":"Manufacturer","Locale":"es_ES"}},"Title":{"DisplayValue":"Viceroy Pulsera Hombre","Label":"Title","Locale":"es_ES"}},"Offers":{"Summaries":[{"Condition":{"Value":"New"},"LowestPrice":{"Amount":26.0,"Currency":"EUR","DisplayAmount":"26,00 €"}}]}},{"ASIN":"B01N941NXI","DetailPageURL":"https://www.amazon.es/dp/B01N941NXI?tag=topinalambricos-21&linkCode=osi&th=1&psc=1","Images":{"Primary":{"Small":{"Height":71,"URL":"https://m.media-amazon.com/images/I/41VgjtRW20L._SL75_.jpg","Width":75}}},"ItemInfo":{"ByLineInfo":{"Brand":{"DisplayValue":"Viceroy","Label":"Brand","Locale":"es_ES"},"Manufacturer":{"DisplayValue":"Viceroy joyas","Label":"Manufacturer","Locale":"es_ES"}},"Title":{"DisplayValue":"Viceroy Pulsera 6371P09010 Hombre Fashion Acero","Label":"Title","Locale":"es_ES"}},"Offers":{"Summaries":[{"Condition":{"Value":"New"},"LowestPrice":{"Amount":26.0,"Currency":"EUR","DisplayAmount":"26,00 €"}}]}}],"SearchURL":"https://www.amazon.es/s?k=cuero+plata&rh=n%3A10440403031%2Cp_n_availability%3A-1&tag=topinalambricos-21&linkCode=osi","TotalResultCount":1000}},"106":{"SearchResult":{"Items":[{"ASIN":"B00IRIHNLG","DetailPageURL":"https://www.amazon.es/dp/B00IRIHNLG?tag=topinalambricos-21&linkCode=osi&th=1&psc=1","Images":{"Primary":{"Small":{"Height":75,"URL":"https://m.media-amazon.com/images/I/416FDvLTN4L._SL75_.jpg","Width":75}}},"ItemInfo":{"ByLineInfo":{"Brand":{"DisplayValue":"Fossil","Label":"Brand","Locale":"es_ES"},"Manufacturer":{"DisplayValue":"FOYBT","Label":"Manufacturer","Locale":"es_ES"}},"Title":{"DisplayValue":"Fossil Pulsera ónice de Mujer con Cuero, JA6379040","Label":"Title","Locale":"es_ES"}},"Offers":{"Summaries":[{"Condition":{"Value":"New"},"LowestPrice":{"Amount":26.1,"Currency":"EUR","DisplayAmount":"26,10 €"}}]}},{"ASIN":"B078KBN42J","DetailPageURL":"https://www.amazon.es/dp/B078KBN42J?tag=topinalambricos-21&linkCode=osi&th=1&psc=1","Images":{"Primary":{"Small":{"Height":75,"URL":"https://m.media-amazon.com/images/I/41zZMlabS9L._SL75_.jpg","Width":75}}},"ItemInfo":{"ByLineInfo":{"Brand":{"DisplayValue":"PANDORA","Label":"Brand","Locale":"es_ES"},"Manufacturer":{"DisplayValue":"Pandora","Label":"Manufacturer","Locale":"es_ES"}},"Title":{"DisplayValue":"PANDORA Pulsera Moments 590745CBK-D1 mujer cuero y plata","Label":"Title","Locale":"es_ES"}},"Offers":{"Summaries":[{"Condition":{"Value":"New"},"LowestPrice":{"Amount":43.12,"Currency":"EUR","DisplayAmount":"43,12 €"}},{"Condition":{"Value":"Used"},"LowestPrice":{"Amount":38.56,"Currency":"EUR","DisplayAmount":"38,56 €"}}]}},{"ASIN":"B0160CMRAW","DetailPageURL":"https://www.amazon.es/dp/B0160CMRAW?tag=topinalambricos-21&linkCode=osi&th=1&psc=1","Images":{"Primary":{"Small":{"Height":75,"URL":"https://m.media-amazon.com/images/I/418PdDMvg5L._SL75_.jpg","Width":75}}},"ItemInfo":{"ByLineInfo":{"Brand":{"DisplayValue":"TOUS","Label":"Brand","Locale":"es_ES"},"Manufacturer":{"DisplayValue":"TOUS","Label":"Manufacturer","Locale":"es_ES"}},"Title":{"DisplayValue":"TOUS Pulsera de cordón negro, plata y perlas TOUS Pearls","Label":"Title","Locale":"es_ES"}},"Offers":{"Summaries":[{"Condition":{"Value":"New"},"LowestPrice":{"Amount":39.0,"Currency":"EUR","DisplayAmount":"39,00 €"}}]}},{"ASIN":"B07DFJBM7X","DetailPageURL":"https://www.amazon.es/dp/B07DFJBM7X?tag=topinalambricos-21&linkCode=osi&th=1&psc=1","Images":{"Primary":{"Small":{"Height":75,"URL":"https://m.media-amazon.com/images/I/41mBQMX41bL._SL75_.jpg","Width":75}}},"ItemInfo":{"ByLineInfo":{"Brand":{"DisplayValue":"PANDORA","Label":"Brand","Locale":"es_ES"},"Manufacturer":{"DisplayValue":"Pandora","Label":"Manufacturer","Locale":"es_ES"}},"Title":{"DisplayValue":"PANDORA Pulsera 597225CBK-2 mujer plata cuero Pulsera Moments","Label":"Title","Locale":"es_ES"}},"Offers":{"Summaries":[{"Condition":{"Value":"New"},"LowestPrice":{"Amount":44.92,"Currency":"EUR","DisplayAmount":"44,92 €"}},{"Condition":{"Value":"Used"},"LowestPrice":{"Amount":38.2,"Currency":"EUR","DisplayAmount":"38,20 €"}}]}},{"ASIN":"B07TDB76SX","DetailPageURL":"https://www.amazon.es/dp/B07TDB76SX?tag=topinalambricos-21&linkCode=osi&th=1&psc=1","Images":{"Primary":{"Small":{"Height":75,"URL":"https://m.media-amazon.com/images/I/31Z9Gaq73XL._SL75_.jpg","Width":75}}},"ItemInfo":{"ByLineInfo":{"Brand":{"DisplayValue":"TOUS","Label":"Brand","Locale":"es_ES"},"Manufacturer":{"DisplayValue":"Joyería TOUS","Label":"Manufacturer","Locale":"es_ES"}},"Title":{"DisplayValue":"TOUS Pulsera de Cordón Marrón Ajustable y Acero para Mujer con Motivo Oso, Joven e Informal, Colección Super Micro","Label":"Title","Locale":"es_ES"}},"Offers":{"Summaries":[{"Condition":{"Value":"New"},"LowestPrice":{"Amount":39.0,"Currency":"EUR","DisplayAmount":"39,00 €"}}]}},{"ASIN":"B07F2G8J3Q","DetailPageURL":"https://www.amazon.es/dp/B07F2G8J3Q?tag=topinalambricos-21&linkCode=osi&th=1&psc=1","Images":{"Primary":{"Small":{"Height":75,"URL":"https://m.media-amazon.com/images/I/31j7DBBpBQL._SL75_.jpg","Width":75}}},"ItemInfo":{"ByLineInfo":{"Brand":{"DisplayValue":"TOUS","Label":"Brand","Locale":"es_ES"},"Manufacturer":{"DisplayValue":"TOUS","Label":"Manufacturer","Locale":"es_ES"}},"Title":{"DisplayValue":"TOUS Pulsera de Plata de Primera Ley para Mujer con Perla y Motivo de Oso, 17,5 cm de Largo, Atemporal y Clásica, Colección Camee","Label":"Title","Locale":"es_ES"}},"Offers":{"Summaries":[{"Condition":{"Value":"New"},"LowestPrice":{"Amount":49.0,"Currency":"EUR","DisplayAmount":"49,00 €"}}]}},{"ASIN":"B08KQHVYN4","DetailPageURL":"https://www.amazon.es/dp/B08KQHVYN4?tag=topinalambricos-21&linkCode=osi&th=1&psc=1","Images":{"Primary":{"Small":{"Height":75,"URL":"https://m.media-amazon.com/images/I/21VmmKmsKJL._SL75_.jpg","Width":45}}},"ItemInfo":{"ByLineInfo":{"Brand":{"DisplayValue":"Lotus Style","Label":"Brand","Locale":"es_ES"},"Manufacturer":{"DisplayValue":"LOTUS","Label":"Manufacturer","Locale":"es_ES"}},"Title":{"DisplayValue":"Lotus Style Pulsera modelo LS2170-2/1 de la colección Millennial en acero para señora","Label":"Title","Locale":"es_ES"}},"Offers":{"Summaries":[{"Condition":{"Value":"Used"},"LowestPrice":{"Amount":17.88,"Currency":"EUR","DisplayAmount":"17,88 €"}},{"Condition":{"Value":"New"},"LowestPrice":{"Amount":18.95,"Currency":"EUR","DisplayAmount":"18,95 €"}}]}},{"ASIN":"B0B7XBRC1N","DetailPageURL":"https://www.amazon.es/dp/B0B7XBRC1N?tag=topinalambricos-21&linkCode=osi&th=1&psc=1","Images":{"Primary":{"Small":{"Height":75,"URL":"https://m.media-amazon.com/images/I/31g7ixK8z6L._SL75_.jpg","Width":75}}},"ItemInfo":{"ByLineInfo":{"Brand":{"DisplayValue":"GLOWDAS","Label":"Brand","Locale":"es_ES"},"Manufacturer":{"DisplayValue":"by GLOWDAS Leather Bracelet fits Pandora Charms Beads","Label":"Manufacturer","Locale":"es_ES"}},"Title":{"DisplayValue":"Pulsera cuero trenzado negro de 18cm con cierre de langosta de plata 925, pulsera de cordón de cuero tejida a mano apto con cuentas de Pandora charms, para hacer brazalete de cuentas san valentin","Label":"Title","Locale":"es_ES"}},"Offers":{"Summaries":[{"Condition":{"Value":"New"},"LowestPrice":{"Amount":22.91,"Currency":"EUR","DisplayAmount":"22,91 €"}}]}},{"ASIN":"B08HJ3DBBW","DetailPageURL":"https://www.amazon.es/dp/B08HJ3DBBW?tag=topinalambricos-21&linkCode=osi&th=1&psc=1","Images":{"Primary":{"Small":{"Height":75,"URL":"https://m.media-amazon.com/images/I/21jrTz3qrmL._SL75_.jpg","Width":45}}},"ItemInfo":{"ByLineInfo":{"Brand":{"DisplayValue":"Lotus Style","Label":"Brand","Locale":"es_ES"},"Manufacturer":{"DisplayValue":"LOTUS","Label":"Manufacturer","Locale":"es_ES"}},"Title":{"DisplayValue":"Lotus Style Pulsera modelo LS2169-2/1 de la colección Millennial en acero para señora, Plata","Label":"Title","Locale":"es_ES"}},"Offers":{"Summaries":[{"Condition":{"Value":"New"},"LowestPrice":{"Amount":15.39,"Currency":"EUR","DisplayAmount":"15,39 €"}}]}},{"ASIN":"B07P66QGRQ","DetailPageURL":"https://www.amazon.es/dp/B07P66QGRQ?tag=topinalambricos-21&linkCode=osi&th=1&psc=1","Images":{"Primary":{"Small":{"Height":75,"URL":"https://m.media-amazon.com/images/I/41p2cWjw+WL._SL75_.jpg","Width":75}}},"ItemInfo":{"ByLineInfo":{"Brand":{"DisplayValue":"Lotus","Label":"Brand","Locale":"es_ES"},"Manufacturer":{"DisplayValue":"Lotus Style","Label":"Manufacturer","Locale":"es_ES"}},"Title":{"DisplayValue":"Pulsera de piel Lotus Style para mujer, color negro, LS1961-2/3, JLS1961-2-3","Label":"Title","Locale":"es_ES"}},"Offers":{"Summaries":[{"Condition":{"Value":"New"},"LowestPrice":{"Amount":24.0,"Currency":"EUR","DisplayAmount":"24,00 €"}}]}}],"SearchURL":"https://www.amazon.es/s?k=cuero+plata&rh=n%3A10440375031%2Cp_n_availability%3A-1&tag=topinalambricos-21&linkCode=osi","TotalResultCount":1000}},"108":{"SearchResult":{"Items":[{"ASIN":"B0BGFVWC1Q","DetailPageURL":"https://www.amazon.es/dp/B0BGFVWC1Q?tag=topinalambricos-21&linkCode=osi&th=1&psc=1","Images":{"Primary":{"Small":{"Height":75,"URL":"https://m.media-amazon.com/images/I/41L6kyzHtvL._SL75_.jpg","Width":75}}},"ItemInfo":{"ByLineInfo":{"Brand":{"DisplayValue":"arana's","Label":"Brand","Locale":"es_ES"},"Manufacturer":{"DisplayValue":"arana's","Label":"Manufacturer","Locale":"es_ES"}},"Title":{"DisplayValue":"arana's - Pulsera para Mujer | Cuero Rojo Genuino Trenzado | Nudo Marinero | Cierre Zamak (Rojo, 16)","Label":"Title","Locale":"es_ES"}},"Offers":{"Summaries":[{"Condition":{"Value":"New"},"LowestPrice":{"Amount":14.95,"Currency":"EUR","DisplayAmount":"14,95 €"}}]}},{"ASIN":"B0BNQXXLWT","DetailPageURL":"https://www.amazon.es/dp/B0BNQXXLWT?tag=topinalambricos-21&linkCode=osi&th=1&psc=1","Images":{"Primary":{"Small":{"Height":75,"URL":"https://m.media-amazon.com/images/I/21Ij8OVFeTL._SL75_.jpg","Width":58}}},"ItemInfo":{"ByLineInfo":{"Brand":{"DisplayValue":"Genérico","Label":"Brand","Locale":"es_ES"}},"Title":{"DisplayValue":"Genérico PULSERA CICLON ZAMAK MARIPOSA Y CUERO NARANJA 221123-06-0","Label":"Title","Locale":"es_ES"}},"Offers":{"Summaries":[{"Condition":{"Value":"New"},"LowestPrice":{"Amount":42.5,"Currency":"EUR","DisplayAmount":"42,50 €"}}]}},{"ASIN":"B0BNCBM69D","DetailPageURL":"https://www.amazon.es/dp/B0BNCBM69D?tag=topinalambricos-21&linkCode=osi&th=1&psc=1","Images":{"Primary":{"Small":{"Height":75,"URL":"https://m.media-amazon.com/images/I/21joMHmM3CL._SL75_.jpg","Width":58}}},"ItemInfo":{"ByLineInfo":{"Brand":{"DisplayValue":"Genérico","Label":"Brand","Locale":"es_ES"}},"Title":{"DisplayValue":"Genérico PULSERA CICLON CUERO ROSA MARIPOSAS ZAMAK 221124-09-0","Label":"Title","Locale":"es_ES"}},"Offers":{"Summaries":[{"Condition":{"Value":"New"},"LowestPrice":{"Amount":36.5,"Currency":"EUR","DisplayAmount":"36,50 €"}}]}},{"ASIN":"B09MWG6QPL","DetailPageURL":"https://www.amazon.es/dp/B09MWG6QPL?tag=topinalambricos-21&linkCode=osi&th=1&psc=1","Images":{"Primary":{"Small":{"Height":75,"URL":"https://m.media-amazon.com/images/I/31iYQrViXML._SL75_.jpg","Width":75}}},"ItemInfo":{"ByLineInfo":{"Brand":{"DisplayValue":"CICLON","Label":"Brand","Locale":"es_ES"}},"Title":{"DisplayValue":"PULSERA CICLON ZAMAK Y CUERO COLGANTE BOLA FUCSIA 213117-32-0","Label":"Title","Locale":"es_ES"}},"Offers":{"Summaries":[{"Condition":{"Value":"New"},"LowestPrice":{"Amount":27.07,"Currency":"EUR","DisplayAmount":"27,07 €"}}]}},{"ASIN":"B09MTRJ2XD","DetailPageURL":"https://www.amazon.es/dp/B09MTRJ2XD?tag=topinalambricos-21&linkCode=osi&th=1&psc=1","Images":{"Primary":{"Small":{"Height":75,"URL":"https://m.media-amazon.com/images/I/31kuguOKHUL._SL75_.jpg","Width":75}}},"ItemInfo":{"ByLineInfo":{"Brand":{"DisplayValue":"CICLON","Label":"Brand","Locale":"es_ES"}},"Title":{"DisplayValue":"PULSERA CICLON ZAMAK DORADO CUERO MARRON INFINITO ORO198","Label":"Title","Locale":"es_ES"}},"Offers":{"Summaries":[{"Condition":{"Value":"New"},"LowestPrice":{"Amount":37.0,"Currency":"EUR","DisplayAmount":"37,00 €"}}]}},{"ASIN":"B0BNCBYV6Z","DetailPageURL":"https://www.amazon.es/dp/B0BNCBYV6Z?tag=topinalambricos-21&linkCode=osi&th=1&psc=1","Images":{"Primary":{"Small":{"Height":75,"URL":"https://m.media-amazon.com/images/I/21LBcaZ52DL._SL75_.jpg","Width":58}}},"ItemInfo":{"ByLineInfo":{"Brand":{"DisplayValue":"Genérico","Label":"Brand","Locale":"es_ES"}},"Title":{"DisplayValue":"Genérico PULSERA CICLON CUERO AZUL MARIPOSAS ZAMAK 221124-12-0","Label":"Title","Locale":"es_ES"}},"Offers":{"Summaries":[{"Condition":{"Value":"New"},"LowestPrice":{"Amount":36.5,"Currency":"EUR","DisplayAmount":"36,50 €"}}]}},{"ASIN":"B0BNQYF3VT","DetailPageURL":"https://www.amazon.es/dp/B0BNQYF3VT?tag=topinalambricos-21&linkCode=osi&th=1&psc=1","Images":{"Primary":{"Small":{"Height":75,"URL":"https://m.media-amazon.com/images/I/21MaLcLJaEL._SL75_.jpg","Width":58}}},"ItemInfo":{"ByLineInfo":{"Brand":{"DisplayValue":"Genérico","Label":"Brand","Locale":"es_ES"}},"Title":{"DisplayValue":"Genérico PULSERA CICLON ZAMAK MARIPOSA Y CUERO ROSA 221123-09-0","Label":"Title","Locale":"es_ES"}},"Offers":{"Summaries":[{"Condition":{"Value":"New"},"LowestPrice":{"Amount":42.5,"Currency":"EUR","DisplayAmount":"42,50 €"}}]}},{"ASIN":"B0BNCBRLNS","DetailPageURL":"https://www.amazon.es/dp/B0BNCBRLNS?tag=topinalambricos-21&linkCode=osi&th=1&psc=1","Images":{"Primary":{"Small":{"Height":75,"URL":"https://m.media-amazon.com/images/I/21O3HnF6rrL._SL75_.jpg","Width":58}}},"ItemInfo":{"ByLineInfo":{"Brand":{"DisplayValue":"Genérico","Label":"Brand","Locale":"es_ES"}},"Title":{"DisplayValue":"Genérico PULSERA CICLON CUERO MARRON MARIPOSAS ZAMAK 221124-20-0","Label":"Title","Locale":"es_ES"}},"Offers":{"Summaries":[{"Condition":{"Value":"New"},"LowestPrice":{"Amount":36.5,"Currency":"EUR","DisplayAmount":"36,50 €"}}]}},{"ASIN":"B0BHRHBWVL","DetailPageURL":"https://www.amazon.es/dp/B0BHRHBWVL?tag=topinalambricos-21&linkCode=osi&th=1&psc=1","Images":{"Primary":{"Small":{"Height":75,"URL":"https://m.media-amazon.com/images/I/31Po6nIX7lL._SL75_.jpg","Width":75}}},"ItemInfo":{"ByLineInfo":{"Brand":{"DisplayValue":"Genérico","Label":"Brand","Locale":"es_ES"},"Manufacturer":{"DisplayValue":"ARTESANIAS CHE_VERE (Hecho a mano)","Label":"Manufacturer","Locale":"es_ES"}},"Title":{"DisplayValue":"Genérico Pulsera de Cuero Charms, para Mujer en Negro Marrón, Cierre de Enganche, Acero Inoxidable 316 (18 CM, Estilo 2 P)","Label":"Title","Locale":"es_ES"}},"Offers":{"Summaries":[{"Condition":{"Value":"New"},"LowestPrice":{"Amount":13.99,"Currency":"EUR","DisplayAmount":"13,99 €"}}]}},{"ASIN":"B0BNP1VBVM","DetailPageURL":"https://www.amazon.es/dp/B0BNP1VBVM?tag=topinalambricos-21&linkCode=osi&th=1&psc=1","Images":{"Primary":{"Small":{"Height":75,"URL":"https://m.media-amazon.com/images/I/11qKDBkjhNL._SL75_.jpg","Width":58}}},"ItemInfo":{"ByLineInfo":{"Brand":{"DisplayValue":"Genérico","Label":"Brand","Locale":"es_ES"}},"Title":{"DisplayValue":"Genérico PULSERA CICLON ESLABON CALABROTE ZAMAK 22M108-00-3","Label":"Title","Locale":"es_ES"}},"Offers":{"Summaries":[{"Condition":{"Value":"New"},"LowestPrice":{"Amount":36.5,"Currency":"EUR","DisplayAmount":"36,50 €"}}]}}],"SearchURL":"https://www.amazon.es/s?k=cuero+zamak&rh=n%3A10440375031%2Cp_n_availability%3A-1&tag=topinalambricos-21&linkCode=osi","TotalResultCount":46}},"109":{"SearchResult":{"Items":[{"ASIN":"B09TJP9YX3","DetailPageURL":"https://www.amazon.es/dp/B09TJP9YX3?tag=topinalambricos-21&linkCode=osi&th=1&psc=1","Images":{"Primary":{"Small":{"Height":75,"URL":"https://m.media-amazon.com/images/I/317V1BQTVZL._SL75_.jpg","Width":75}}},"ItemInfo":{"ByLineInfo":{"Brand":{"DisplayValue":"Niluxe Design","Label":"Brand","Locale":"es_ES"}},"Title":{"DisplayValue":"Pulsera de cuero hombre y zamak bañado en plata, genuino cuero trenzado Bonito para lucir e ideal para regalar","Label":"Title","Locale":"es_ES"}},"Offers":{"Summaries":[{"Condition":{"Value":"New"},"LowestPrice":{"Amount":16.25,"Currency":"EUR","DisplayAmount":"16,25 € (16,25 € / unidad)","PricePerUnit":16.25}}]}},{"ASIN":"B0C2TR8WW4","DetailPageURL":"https://www.amazon.es/dp/B0C2TR8WW4?tag=topinalambricos-21&linkCode=osi&th=1&psc=1","Images":{"Primary":{"Small":{"Height":75,"URL":"https://m.media-amazon.com/images/I/5131xHhzd-L._SL75_.jpg","Width":75}}},"ItemInfo":{"ByLineInfo":{"Brand":{"DisplayValue":"Dochais","Label":"Brand","Locale":"es_ES"}},"Title":{"DisplayValue":"Dochais 2 Piezas Cuero Pulseras para Hombre Mujer, Pulsera Árbol de La Vida, Retro Tejida Pulsera de Cuero Multicapa, Trenzado Pulsera Perlas con puño de muñeca y Hebilla Magnética","Label":"Title","Locale":"es_ES"}},"Offers":{"Summaries":[{"Condition":{"Value":"New"},"LowestPrice":{"Amount":14.99,"Currency":"EUR","DisplayAmount":"14,99 €"}}]}},{"ASIN":"B01ANLC95O","DetailPageURL":"https://www.amazon.es/dp/B01ANLC95O?tag=topinalambricos-21&linkCode=osi&th=1&psc=1","Images":{"Primary":{"Small":{"Height":75,"URL":"https://m.media-amazon.com/images/I/31fVgyzEViL._SL75_.jpg","Width":73}}},"ItemInfo":{"ByLineInfo":{"Brand":{"DisplayValue":"BeGenuine Store","Label":"Brand","Locale":"es_ES"},"Manufacturer":{"DisplayValue":"BeGenuine","Label":"Manufacturer","Locale":"es_ES"}},"Title":{"DisplayValue":"Pulsera de Cuero para Hombre Cruz Horizontal Lateral Ajustables Brazalete de Acero Minimalista cor Plata","Label":"Title","Locale":"es_ES"}},"Offers":{"Summaries":[{"Condition":{"Value":"New"},"LowestPrice":{"Amount":17.99,"Currency":"EUR","DisplayAmount":"17,99 €"}}]}},{"ASIN":"B08CDZMJVT","DetailPageURL":"https://www.amazon.es/dp/B08CDZMJVT?tag=topinalambricos-21&linkCode=osi&th=1&psc=1","Images":{"Primary":{"Small":{"Height":75,"URL":"https://m.media-amazon.com/images/I/41TfyAZySYL._SL75_.jpg","Width":75}}},"ItemInfo":{"ByLineInfo":{"Brand":{"DisplayValue":"JOSVIL","Label":"Brand","Locale":"es_ES"}},"Title":{"DisplayValue":"JOSVIL Pulsera españa para hombre de cuero con cordon nudo marinero. Pulsera de españa fabricada artesanalmente con cuero legítimo y cierre en zamak.","Label":"Title","Locale":"es_ES"}},"Offers":{"Summaries":[{"Condition":{"Value":"New"},"LowestPrice":{"Amount":9.95,"Currency":"EUR","DisplayAmount":"9,95 €"}}]}},{"ASIN":"B0963F4L6W","DetailPageURL":"https://www.amazon.es/dp/B0963F4L6W?tag=topinalambricos-21&linkCode=osi&th=1&psc=1","Images":{"Primary":{"Small":{"Height":75,"URL":"https://m.media-amazon.com/images/I/41yybFqJXWS._SL75_.jpg","Width":75}}},"ItemInfo":{"ByLineInfo":{"Brand":{"DisplayValue":"Lam Hub Fong","Label":"Brand","Locale":"es_ES"},"Manufacturer":{"DisplayValue":"Lam Hub Fong","Label":"Manufacturer","Locale":"es_ES"}},"Title":{"DisplayValue":"Lam Hub Fong Pulsera Hombre Personalizada con 1-5 Nombres Grabado Cuentas Cuero Pulsera para Amigo Familia Padre Hijo Regalo para Aniversario Día de San Valentín Día del padre (5 nombres)","Label":"Title","Locale":"es_ES"}},"Offers":{"Summaries":[{"Condition":{"Value":"New"},"LowestPrice":{"Amount":25.99,"Currency":"EUR","DisplayAmount":"25,99 €"}}]}},{"ASIN":"B0BP5VCG51","DetailPageURL":"https://www.amazon.es/dp/B0BP5VCG51?tag=topinalambricos-21&linkCode=osi&th=1&psc=1","Images":{"Primary":{"Small":{"Height":75,"URL":"https://m.media-amazon.com/images/I/41O2Cbh45TL._SL75_.jpg","Width":75}}},"ItemInfo":{"ByLineInfo":{"Brand":{"DisplayValue":"YORDACHE","Label":"Brand","Locale":"es_ES"},"Manufacturer":{"DisplayValue":"YORDACHE","Label":"Manufacturer","Locale":"es_ES"}},"Title":{"DisplayValue":"YORDACHE - Pulsera Cuero Hombre - Pulsera Hombre Cuero - Color Negro - Fabricado en España - Hechas a Mano - Regalo para Hombre (20 cm, Negro)","Label":"Title","Locale":"es_ES"}},"Offers":{"Summaries":[{"Condition":{"Value":"New"},"LowestPrice":{"Amount":27.99,"Currency":"EUR","DisplayAmount":"27,99 €"}}]}},{"ASIN":"B09X9VKRFF","DetailPageURL":"https://www.amazon.es/dp/B09X9VKRFF?tag=topinalambricos-21&linkCode=osi&th=1&psc=1","Images":{"Primary":{"Small":{"Height":75,"URL":"https://m.media-amazon.com/images/I/31YGyt6YcQL._SL75_.jpg","Width":75}}},"ItemInfo":{"ByLineInfo":{"Brand":{"DisplayValue":"OTXIXTO","Label":"Brand","Locale":"es_ES"},"Manufacturer":{"DisplayValue":"OTXIXTO","Label":"Manufacturer","Locale":"es_ES"}},"Title":{"DisplayValue":"OTXIXTO Personalizado 4 Nombres Pulseras Identificación Personalizada para Mujeres Hombres Cuero Genuino Perlas de Acero Inoxidable Brazalete Trenzado Dama de Honor Regalos Mejor Amigo(Plata Perlas","Label":"Title","Locale":"es_ES"}},"Offers":{"Summaries":[{"Condition":{"Value":"New"},"LowestPrice":{"Amount":15.99,"Currency":"EUR","DisplayAmount":"15,99 €"}}]}},{"ASIN":"B09K721TJV","DetailPageURL":"https://www.amazon.es/dp/B09K721TJV?tag=topinalambricos-21&linkCode=osi&th=1&psc=1","Images":{"Primary":{"Small":{"Height":75,"URL":"https://m.media-amazon.com/images/I/41IoHo8YCPL._SL75_.jpg","Width":75}}},"ItemInfo":{"ByLineInfo":{"Brand":{"DisplayValue":"lorajewel","Label":"Brand","Locale":"es_ES"},"Manufacturer":{"DisplayValue":"lorajewel","Label":"Manufacturer","Locale":"es_ES"}},"Title":{"DisplayValue":"lorajewel Pulsera personalizada para hombre con nombre Pulsera de cuero Cuentas de acero inoxidable Papá Hijo Joyas de Navidad para el Día del Padre","Label":"Title","Locale":"es_ES"}},"Offers":{"Summaries":[{"Condition":{"Value":"New"},"LowestPrice":{"Amount":19.99,"Currency":"EUR","DisplayAmount":"19,99 €"}}]}},{"ASIN":"B0BNT74V4C","DetailPageURL":"https://www.amazon.es/dp/B0BNT74V4C?tag=topinalambricos-21&linkCode=osi&th=1&psc=1","Images":{"Primary":{"Small":{"Height":75,"URL":"https://m.media-amazon.com/images/I/41+vD-VhuqL._SL75_.jpg","Width":75}}},"ItemInfo":{"ByLineInfo":{"Brand":{"DisplayValue":"YORDACHE","Label":"Brand","Locale":"es_ES"},"Manufacturer":{"DisplayValue":"YORDACHE","Label":"Manufacturer","Locale":"es_ES"}},"Title":{"DisplayValue":"YORDACHE - Pulsera Cuero Hombre - Pulsera Hombre Cuero - Color Marron - Fabricado totalmente en España - Acabado de las Pulseras totalmente Artesanal - Regalo para Hombre (L 20 cm, Marron)","Label":"Title","Locale":"es_ES"}},"Offers":{"Summaries":[{"Condition":{"Value":"New"},"LowestPrice":{"Amount":29.99,"Currency":"EUR","DisplayAmount":"29,99 €"}}]}},{"ASIN":"B08PDLNB7J","DetailPageURL":"https://www.amazon.es/dp/B08PDLNB7J?tag=topinalambricos-21&linkCode=osi&th=1&psc=1","Images":{"Primary":{"Small":{"Height":49,"URL":"https://m.media-amazon.com/images/I/318RQPUmITL._SL75_.jpg","Width":75}}},"ItemInfo":{"ByLineInfo":{"Brand":{"DisplayValue":"AZZANO","Label":"Brand","Locale":"es_ES"},"Manufacturer":{"DisplayValue":"AZZANO","Label":"Manufacturer","Locale":"es_ES"}},"Title":{"DisplayValue":"AZZANO Pulsera Hombre Piedra Volcánica Negra y Madera PAU Brasil y Zamak Bañado en Oro Viejo 5 Micras","Label":"Title","Locale":"es_ES"}},"Offers":{"Summaries":[{"Condition":{"Value":"New"},"LowestPrice":{"Amount":14.2,"Currency":"EUR","DisplayAmount":"14,20 €"}}]}}],"SearchURL":"https://www.amazon.es/s?k=cuero+zamak&rh=n%3A10440403031%2Cp_n_availability%3A-1&tag=topinalambricos-21&linkCode=osi","TotalResultCount":41}},"110":{"SearchResult":{"Items":[{"ASIN":"B0160CMRAW","DetailPageURL":"https://www.amazon.es/dp/B0160CMRAW?tag=topinalambricos-21&linkCode=osi&th=1&psc=1","Images":{"Primary":{"Small":{"Height":75,"URL":"https://m.media-amazon.com/images/I/418PdDMvg5L._SL75_.jpg","Width":75}}},"ItemInfo":{"ByLineInfo":{"Brand":{"DisplayValue":"TOUS","Label":"Brand","Locale":"es_ES"},"Manufacturer":{"DisplayValue":"TOUS","Label":"Manufacturer","Locale":"es_ES"}},"Title":{"DisplayValue":"TOUS Pulsera de cordón negro, plata y perlas TOUS Pearls","Label":"Title","Locale":"es_ES"}},"Offers":{"Summaries":[{"Condition":{"Value":"New"},"LowestPrice":{"Amount":39.0,"Currency":"EUR","DisplayAmount":"39,00 €"}}]}},{"ASIN":"B073YQ324S","DetailPageURL":"https://www.amazon.es/dp/B073YQ324S?tag=topinalambricos-21&linkCode=osi&th=1&psc=1","Images":{"Primary":{"Small":{"Height":75,"URL":"https://m.media-amazon.com/images/I/314SNxwK9eL._SL75_.jpg","Width":75}}},"ItemInfo":{"ByLineInfo":{"Brand":{"DisplayValue":"TOUS","Label":"Brand","Locale":"es_ES"},"Manufacturer":{"DisplayValue":"TOUS","Label":"Manufacturer","Locale":"es_ES"}},"Title":{"DisplayValue":"TOUS Pulsera de Oro y Perlas cultivadas barrocas Pearls","Label":"Title","Locale":"es_ES"}},"Offers":{"Summaries":[{"Condition":{"Value":"New"},"LowestPrice":{"Amount":39.0,"Currency":"EUR","DisplayAmount":"39,00 €"}}]}},{"ASIN":"B07TDB76SX","DetailPageURL":"https://www.amazon.es/dp/B07TDB76SX?tag=topinalambricos-21&linkCode=osi&th=1&psc=1","Images":{"Primary":{"Small":{"Height":75,"URL":"https://m.media-amazon.com/images/I/31Z9Gaq73XL._SL75_.jpg","Width":75}}},"ItemInfo":{"ByLineInfo":{"Brand":{"DisplayValue":"TOUS","Label":"Brand","Locale":"es_ES"},"Manufacturer":{"DisplayValue":"Joyería TOUS","Label":"Manufacturer","Locale":"es_ES"}},"Title":{"DisplayValue":"TOUS Pulsera de Cordón Marrón Ajustable y Acero para Mujer con Motivo Oso, Joven e Informal, Colección Super Micro","Label":"Title","Locale":"es_ES"}},"Offers":{"Summaries":[{"Condition":{"Value":"New"},"LowestPrice":{"Amount":39.0,"Currency":"EUR","DisplayAmount":"39,00 €"}}]}},{"ASIN":"B09SV59WLB","DetailPageURL":"https://www.amazon.es/dp/B09SV59WLB?tag=topinalambricos-21&linkCode=osi&th=1&psc=1","Images":{"Primary":{"Small":{"Height":75,"URL":"https://m.media-amazon.com/images/I/31NiJz8LkZL._SL75_.jpg","Width":75}}},"ItemInfo":{"ByLineInfo":{"Brand":{"DisplayValue":"TOUS","Label":"Brand","Locale":"es_ES"}},"Title":{"DisplayValue":"TOUS Pulsera de plata y perlas TOUS Icon Color","Label":"Title","Locale":"es_ES"}},"Offers":{"Summaries":[{"Condition":{"Value":"New"},"LowestPrice":{"Amount":69.0,"Currency":"EUR","DisplayAmount":"69,00 €"}}]}},{"ASIN":"B0BQ78KJVL","DetailPageURL":"https://www.amazon.es/dp/B0BQ78KJVL?tag=topinalambricos-21&linkCode=osi&th=1&psc=1","Images":{"Primary":{"Small":{"Height":75,"URL":"https://m.media-amazon.com/images/I/517nAOKt2lL._SL75_.jpg","Width":75}}},"ItemInfo":{"ByLineInfo":{"Brand":{"DisplayValue":"Aucuu","Label":"Brand","Locale":"es_ES"},"Manufacturer":{"DisplayValue":"Aucuu","Label":"Manufacturer","Locale":"es_ES"}},"Title":{"DisplayValue":"Aucuu Pulseras de Cuero Inspiradoras del Árbol de la Vida para Mujeres, Pulseras de Cuero para Niñas Adolescentes, Regalos de Joyería de Cumpleaños para el Día de San Valentín/Gris Claro","Label":"Title","Locale":"es_ES"}},"Offers":{"Summaries":[{"Condition":{"Value":"New"},"LowestPrice":{"Amount":4.99,"Currency":"EUR","DisplayAmount":"4,99 €"}}]}},{"ASIN":"B07ZHNWDB8","DetailPageURL":"https://www.amazon.es/dp/B07ZHNWDB8?tag=topinalambricos-21&linkCode=osi&th=1&psc=1","Images":{"Primary":{"Small":{"Height":75,"URL":"https://m.media-amazon.com/images/I/41AOd6uXeZL._SL75_.jpg","Width":75}}},"ItemInfo":{"ByLineInfo":{"Brand":{"DisplayValue":"Planetys","Label":"Brand","Locale":"es_ES"},"Manufacturer":{"DisplayValue":"Planetys","Label":"Manufacturer","Locale":"es_ES"}},"Title":{"DisplayValue":"Planetys - Pulsera Roca Volcánica Piedra de Lava Cuero Genuino Trenzado Negro y Acero Inoxidable","Label":"Title","Locale":"es_ES"}},"Offers":{"Summaries":[{"Condition":{"Value":"New"},"LowestPrice":{"Amount":9.9,"Currency":"EUR","DisplayAmount":"9,90 €"}}]}},{"ASIN":"B087Q3X5C8","DetailPageURL":"https://www.amazon.es/dp/B087Q3X5C8?tag=topinalambricos-21&linkCode=osi&th=1&psc=1","Images":{"Primary":{"Small":{"Height":75,"URL":"https://m.media-amazon.com/images/I/41XzcwO4RgL._SL75_.jpg","Width":75}}},"ItemInfo":{"ByLineInfo":{"Brand":{"DisplayValue":"Bohend","Label":"Brand","Locale":"es_ES"},"Manufacturer":{"DisplayValue":"Bohend","Label":"Manufacturer","Locale":"es_ES"}},"Title":{"DisplayValue":"Bohend Boho Capas Turquesa Pulseras perlas Elástico Cadena de manos Bohemia Madera Cristal Pulsera Joyería Para Mujeres Y Chicas","Label":"Title","Locale":"es_ES"}},"Offers":{"Summaries":[{"Condition":{"Value":"New"},"LowestPrice":{"Amount":9.99,"Currency":"EUR","DisplayAmount":"9,99 €"}}]}},{"ASIN":"B07K72L9SR","DetailPageURL":"https://www.amazon.es/dp/B07K72L9SR?tag=topinalambricos-21&linkCode=osi&th=1&psc=1","Images":{"Primary":{"Small":{"Height":75,"URL":"https://m.media-amazon.com/images/I/51bh6RBD6wL._SL75_.jpg","Width":56}}},"ItemInfo":{"ByLineInfo":{"Brand":{"DisplayValue":"sailimue","Label":"Brand","Locale":"es_ES"}},"Title":{"DisplayValue":"sailimue Cuero Pulsera Árbol La Vida para Mujeres Pulsera Tejida Pulseras Perlas Vintage","Label":"Title","Locale":"es_ES"}},"Offers":{"Summaries":[{"Condition":{"Value":"New"},"LowestPrice":{"Amount":15.99,"Currency":"EUR","DisplayAmount":"15,99 €"}}]}},{"ASIN":"B0894Y3872","DetailPageURL":"https://www.amazon.es/dp/B0894Y3872?tag=topinalambricos-21&linkCode=osi&th=1&psc=1","Images":{"Primary":{"Small":{"Height":75,"URL":"https://m.media-amazon.com/images/I/31MPHw25ksL._SL75_.jpg","Width":75}}},"ItemInfo":{"ByLineInfo":{"Brand":{"DisplayValue":"MASBARATA","Label":"Brand","Locale":"es_ES"},"Manufacturer":{"DisplayValue":"MASBARATA.ES","Label":"Manufacturer","Locale":"es_ES"}},"Title":{"DisplayValue":"MASBARATA Pulsera Cuero con Perla DE Plata DE Ley 925/1000.","Label":"Title","Locale":"es_ES"}},"Offers":{"Summaries":[{"Condition":{"Value":"New"},"LowestPrice":{"Amount":9.99,"Currency":"EUR","DisplayAmount":"9,99 €"}}]}},{"ASIN":"B00WG9U2R4","DetailPageURL":"https://www.amazon.es/dp/B00WG9U2R4?tag=topinalambricos-21&linkCode=osi&th=1&psc=1","Images":{"Primary":{"Small":{"Height":75,"URL":"https://m.media-amazon.com/images/I/516nj6jHUHL._SL75_.jpg","Width":75}}},"ItemInfo":{"ByLineInfo":{"Brand":{"DisplayValue":"Morella","Label":"Brand","Locale":"es_ES"},"Manufacturer":{"DisplayValue":"Tradict GmbH","Label":"Manufacturer","Locale":"es_ES"}},"Title":{"DisplayValue":"Morella Pulsera de Cuero Trenzada de Color café con Cuerda de Perlas de Madera y Colgante Charms Hoja para Damas","Label":"Title","Locale":"es_ES"}},"Offers":{"Summaries":[{"Condition":{"Value":"New"},"LowestPrice":{"Amount":10.95,"Currency":"EUR","DisplayAmount":"10,95 €"}}]}}],"SearchURL":"https://www.amazon.es/s?k=cuero+perlas&rh=n%3A10440375031%2Cp_n_availability%3A-1&tag=topinalambricos-21&linkCode=osi","TotalResultCount":1000}},"111":{"SearchResult":{"Items":[{"ASIN":"B08HLZMCXH","DetailPageURL":"https://www.amazon.es/dp/B08HLZMCXH?tag=topinalambricos-21&linkCode=osi&th=1&psc=1","Images":{"Primary":{"Small":{"Height":75,"URL":"https://m.media-amazon.com/images/I/31yOcuSa-uL._SL75_.jpg","Width":75}}},"ItemInfo":{"ByLineInfo":{"Brand":{"DisplayValue":"BBDMind","Label":"Brand","Locale":"es_ES"},"Manufacturer":{"DisplayValue":"Zhaoyin","Label":"Manufacturer","Locale":"es_ES"}},"Title":{"DisplayValue":"Cierre de bayoneta de plata de ley, cierre de tubo, cierre de pegamento, cierre de bayoneta de plata 925, cierre para cordón de cuero, cierre a presión.","Label":"Title","Locale":"es_ES"}},"Offers":{"Summaries":[{"Condition":{"Value":"New"},"LowestPrice":{"Amount":17.51,"Currency":"EUR","DisplayAmount":"17,51 €"}}]}},{"ASIN":"B08BYS5VMR","DetailPageURL":"https://www.amazon.es/dp/B08BYS5VMR?tag=topinalambricos-21&linkCode=osi&th=1&psc=1","Images":{"Primary":{"Small":{"Height":75,"URL":"https://m.media-amazon.com/images/I/3115X7fUmIL._SL75_.jpg","Width":75}}},"ItemInfo":{"ByLineInfo":{"Brand":{"DisplayValue":"The Cork Collection","Label":"Brand","Locale":"es_ES"},"Manufacturer":{"DisplayValue":"The Cork Collection","Label":"Manufacturer","Locale":"es_ES"}},"Title":{"DisplayValue":"The Eco Owl - 5 unidades para cierre de cuero de 15 mm, para 15 mm, redondo, plata envejecida, cierre de broche de presión de joyería","Label":"Title","Locale":"es_ES"}},"Offers":{"Summaries":[{"Condition":{"Value":"New"},"LowestPrice":{"Amount":8.0,"Currency":"EUR","DisplayAmount":"8,00 €"}}]}},{"ASIN":"B08BYS8R6S","DetailPageURL":"https://www.amazon.es/dp/B08BYS8R6S?tag=topinalambricos-21&linkCode=osi&th=1&psc=1","Images":{"Primary":{"Small":{"Height":75,"URL":"https://m.media-amazon.com/images/I/31hxmQzrA9L._SL75_.jpg","Width":75}}},"ItemInfo":{"ByLineInfo":{"Brand":{"DisplayValue":"The Cork Collection","Label":"Brand","Locale":"es_ES"},"Manufacturer":{"DisplayValue":"The Cork Collection","Label":"Manufacturer","Locale":"es_ES"}},"Title":{"DisplayValue":"The Eco Owl 10 unidades para cierre de cuero de 9 mm, para 9 mm, redondo, plata envejecida, cierre de broche de presión para joyas D-6-235","Label":"Title","Locale":"es_ES"}},"Offers":{"Summaries":[{"Condition":{"Value":"New"},"LowestPrice":{"Amount":8.0,"Currency":"EUR","DisplayAmount":"8,00 €"}}]}},{"ASIN":"B08BYS77PY","DetailPageURL":"https://www.amazon.es/dp/B08BYS77PY?tag=topinalambricos-21&linkCode=osi&th=1&psc=1","Images":{"Primary":{"Small":{"Height":75,"URL":"https://m.media-amazon.com/images/I/31tFHQNUdJL._SL75_.jpg","Width":75}}},"ItemInfo":{"ByLineInfo":{"Brand":{"DisplayValue":"The Cork Collection","Label":"Brand","Locale":"es_ES"},"Manufacturer":{"DisplayValue":"The Cork Collection","Label":"Manufacturer","Locale":"es_ES"}},"Title":{"DisplayValue":"The Eco Owl 10 unidades para cierre de cuero de 5 mm, para 5 mm, redondo, plata envejecida, cierre de broche de presión de joyería","Label":"Title","Locale":"es_ES"}},"Offers":{"Summaries":[{"Condition":{"Value":"New"},"LowestPrice":{"Amount":13.0,"Currency":"EUR","DisplayAmount":"13,00 €"}}]}},{"ASIN":"B08BYRPRMZ","DetailPageURL":"https://www.amazon.es/dp/B08BYRPRMZ?tag=topinalambricos-21&linkCode=osi&th=1&psc=1","Images":{"Primary":{"Small":{"Height":75,"URL":"https://m.media-amazon.com/images/I/31nBv5VI3CL._SL75_.jpg","Width":75}}},"ItemInfo":{"ByLineInfo":{"Brand":{"DisplayValue":"The Cork Collection","Label":"Brand","Locale":"es_ES"},"Manufacturer":{"DisplayValue":"The Cork Collection","Label":"Manufacturer","Locale":"es_ES"}},"Title":{"DisplayValue":"The Eco Owl 10 unidades para cierre de cuero de 5 mm, para 5 mm, redondo, plata envejecida, cierre de broche de presión de joyería","Label":"Title","Locale":"es_ES"}},"Offers":{"Summaries":[{"Condition":{"Value":"New"},"LowestPrice":{"Amount":17.0,"Currency":"EUR","DisplayAmount":"17,00 €"}}]}},{"ASIN":"B08BYRFR67","DetailPageURL":"https://www.amazon.es/dp/B08BYRFR67?tag=topinalambricos-21&linkCode=osi&th=1&psc=1","Images":{"Primary":{"Small":{"Height":75,"URL":"https://m.media-amazon.com/images/I/31wLtjlwc-L._SL75_.jpg","Width":75}}},"ItemInfo":{"ByLineInfo":{"Brand":{"DisplayValue":"The Cork Collection","Label":"Brand","Locale":"es_ES"},"Manufacturer":{"DisplayValue":"The Cork Collection","Label":"Manufacturer","Locale":"es_ES"}},"Title":{"DisplayValue":"The Eco Owl 10 unidades para cierre de cuero de 9 mm, para 9 mm, redondo, plata envejecida, cierre de broche de presión de joyería","Label":"Title","Locale":"es_ES"}},"Offers":{"Summaries":[{"Condition":{"Value":"New"},"LowestPrice":{"Amount":9.0,"Currency":"EUR","DisplayAmount":"9,00 €"}}]}},{"ASIN":"B00D9W8HNS","DetailPageURL":"https://www.amazon.es/dp/B00D9W8HNS?tag=topinalambricos-21&linkCode=osi&th=1&psc=1","Images":{"Primary":{"Small":{"Height":75,"URL":"https://m.media-amazon.com/images/I/51Ihb-ic62L._SL75_.jpg","Width":75}}},"ItemInfo":{"ByLineInfo":{"Brand":{"DisplayValue":"MATERIA by Matthias Wagner","Label":"Brand","Locale":"es_ES"},"Manufacturer":{"DisplayValue":"MATERIA by Matthias Wagner","Label":"Manufacturer","Locale":"es_ES"}},"Title":{"DisplayValue":"Materia plata cierre de mosquetón de plata de ley 925 de pescado - para cambiar para abalorios pulseras/cuero Pulseras & cadenas #1348","Label":"Title","Locale":"es_ES"}},"Offers":{"Summaries":[{"Condition":{"Value":"New"},"LowestPrice":{"Amount":43.22,"Currency":"EUR","DisplayAmount":"43,22 €"}}]}},{"ASIN":"B09X2MMR9S","DetailPageURL":"https://www.amazon.es/dp/B09X2MMR9S?tag=topinalambricos-21&linkCode=osi&th=1&psc=1","Images":{"Primary":{"Small":{"Height":75,"URL":"https://m.media-amazon.com/images/I/31MGnqg+aLL._SL75_.jpg","Width":75}}},"ItemInfo":{"ByLineInfo":{"Brand":{"DisplayValue":"Luxylei","Label":"Brand","Locale":"es_ES"},"Manufacturer":{"DisplayValue":"Luxylei","Label":"Manufacturer","Locale":"es_ES"}},"Title":{"DisplayValue":"Luxylei Tabla De Cierre De Cuero Clip De Cierre 12 Pares De Cierre De Bloqueo Pin De Cierre para Poncho Cape Cardigan Wrap Wrap Accesorios De Chal","Label":"Title","Locale":"es_ES"}},"Offers":{"Summaries":[{"Condition":{"Value":"New"},"LowestPrice":{"Amount":14.56,"Currency":"EUR","DisplayAmount":"14,56 €"}}]}},{"ASIN":"B09SDF2ZDW","DetailPageURL":"https://www.amazon.es/dp/B09SDF2ZDW?tag=topinalambricos-21&linkCode=osi&th=1&psc=1","Images":{"Primary":{"Small":{"Height":75,"URL":"https://m.media-amazon.com/images/I/31pEVpp0d-L._SL75_.jpg","Width":75}}},"ItemInfo":{"ByLineInfo":{"Brand":{"DisplayValue":"VOCOP","Label":"Brand","Locale":"es_ES"},"Manufacturer":{"DisplayValue":"VOCOP","Label":"Manufacturer","Locale":"es_ES"}},"Title":{"DisplayValue":"VOCOP Cierres magnéticos con Cierre de Langosta, Pulseras de Cuero, Conectores de Collar para Accesorios de fabricación de Joyas DIY","Label":"Title","Locale":"es_ES"}},"Offers":{"Summaries":[{"Condition":{"Value":"New"},"LowestPrice":{"Amount":8.17,"Currency":"EUR","DisplayAmount":"8,17 €"}}]}},{"ASIN":"B008ZVLGWM","DetailPageURL":"https://www.amazon.es/dp/B008ZVLGWM?tag=topinalambricos-21&linkCode=osi&th=1&psc=1","Images":{"Primary":{"Small":{"Height":75,"URL":"https://m.media-amazon.com/images/I/416VqWjsJUL._SL75_.jpg","Width":75}}},"ItemInfo":{"ByLineInfo":{"Brand":{"DisplayValue":"MATERIA by Matthias Wagner","Label":"Brand","Locale":"es_ES"},"Manufacturer":{"DisplayValue":"MATERIA by Matthias Wagner","Label":"Manufacturer","Locale":"es_ES"}},"Title":{"DisplayValue":"MATERIA joyería 925 plata de ley mosquetón pegadura diseño para cambiar para abalorios pulseras/cuero Pulseras #1463","Label":"Title","Locale":"es_ES"}},"Offers":{"Summaries":[{"Condition":{"Value":"New"},"LowestPrice":{"Amount":39.92,"Currency":"EUR","DisplayAmount":"39,92 €"}}]}}],"SearchURL":"https://www.amazon.es/s?k=cierres+cuero&rh=n%3A10440455031%2Cp_n_availability%3A-1&tag=topinalambricos-21&linkCode=osi","TotalResultCount":30}},"113":{"SearchResult":{"Items":[{"ASIN":"B0C4N477MC","DetailPageURL":"https://www.amazon.es/dp/B0C4N477MC?tag=topinalambricos-21&linkCode=osi&th=1&psc=1","Images":{"Primary":{"Small":{"Height":75,"URL":"https://m.media-amazon.com/images/I/313AAGfjoLL._SL75_.jpg","Width":75}}},"ItemInfo":{"ByLineInfo":{"Brand":{"DisplayValue":"LUZPAZ","Label":"Brand","Locale":"es_ES"},"Manufacturer":{"DisplayValue":"LUZPAZ","Label":"Manufacturer","Locale":"es_ES"}},"Title":{"DisplayValue":"LUZPAZ Colgantes de Concha de abulón Natural, Collar Artesanal de Concha de Forma Ovalada, dijes, joyería, Cuerda de Cuero, Collares de Moda, Regalo for Fiesta","Label":"Title","Locale":"es_ES"}},"Offers":{"Summaries":[{"Condition":{"Value":"New"},"LowestPrice":{"Amount":14.96,"Currency":"EUR","DisplayAmount":"14,96 €"}}]}},{"ASIN":"B07GTQG4YK","DetailPageURL":"https://www.amazon.es/dp/B07GTQG4YK?tag=topinalambricos-21&linkCode=osi&th=1&psc=1","Images":{"Primary":{"Small":{"Height":75,"URL":"https://m.media-amazon.com/images/I/314TVJshndL._SL75_.jpg","Width":75}}},"ItemInfo":{"ByLineInfo":{"Brand":{"DisplayValue":"HOMEYU","Label":"Brand","Locale":"es_ES"},"Manufacturer":{"DisplayValue":"HOMEYU®","Label":"Manufacturer","Locale":"es_ES"}},"Title":{"DisplayValue":"HOMEYU® Gargantilla de Cuero con Perla Artesanal 3 Collar de Perlas Gargantilla con Turquesa Individual Turquesa Azul para niña de 16\"Totalmente 4 Piezas","Label":"Title","Locale":"es_ES"}},"Offers":{"Summaries":[{"Condition":{"Value":"New"},"LowestPrice":{"Amount":4.99,"Currency":"EUR","DisplayAmount":"4,99 €"}}]}},{"ASIN":"B0C4GD788Q","DetailPageURL":"https://www.amazon.es/dp/B0C4GD788Q?tag=topinalambricos-21&linkCode=osi&th=1&psc=1","Images":{"Primary":{"Small":{"Height":75,"URL":"https://m.media-amazon.com/images/I/416eundqplL._SL75_.jpg","Width":75}}},"ItemInfo":{"ByLineInfo":{"Brand":{"DisplayValue":"LUZPAZ","Label":"Brand","Locale":"es_ES"},"Manufacturer":{"DisplayValue":"LUZPAZ","Label":"Manufacturer","Locale":"es_ES"}},"Title":{"DisplayValue":"LUZPAZ Collar de Colgantes de Concha de abulón Natural, Collar Artesanal de Concha de Gota de Agua, dijes, joyería, Cuerda de Cuero, Collares de Moda, Regalo for Fiesta","Label":"Title","Locale":"es_ES"}},"Offers":{"Summaries":[{"Condition":{"Value":"New"},"LowestPrice":{"Amount":13.91,"Currency":"EUR","DisplayAmount":"13,91 €"}}]}},{"ASIN":"B01BTMJGS4","DetailPageURL":"https://www.amazon.es/dp/B01BTMJGS4?tag=topinalambricos-21&linkCode=osi&th=1&psc=1","Images":{"Primary":{"Small":{"Height":75,"URL":"https://m.media-amazon.com/images/I/41L3hMB39lL._SL75_.jpg","Width":75}}},"ItemInfo":{"ByLineInfo":{"Brand":{"DisplayValue":"ISLAND PIERCINGS","Label":"Brand","Locale":"es_ES"},"Manufacturer":{"DisplayValue":"Island Piercings","Label":"Manufacturer","Locale":"es_ES"}},"Title":{"DisplayValue":"Colgante de madera de la marca ISLAND PIERCINGS con diseño de Ying-Yang. Hecho a mano, muy duradero. N285","Label":"Title","Locale":"es_ES"}},"Offers":{"Summaries":[{"Condition":{"Value":"New"},"LowestPrice":{"Amount":16.52,"Currency":"EUR","DisplayAmount":"16,52 €"}}]}},{"ASIN":"B0C5N6YDWM","DetailPageURL":"https://www.amazon.es/dp/B0C5N6YDWM?tag=topinalambricos-21&linkCode=osi&th=1&psc=1","Images":{"Primary":{"Small":{"Height":75,"URL":"https://m.media-amazon.com/images/I/31B3t+1V+5L._SL75_.jpg","Width":75}}},"ItemInfo":{"ByLineInfo":{"Manufacturer":{"DisplayValue":"chenningshangmao@","Label":"Manufacturer","Locale":"es_ES"}},"Title":{"DisplayValue":"Joyas Colgantes Collar Collar Colgante de Punta de Flecha Resistente Collar Artesanal Encanto Simple para Hombres y Mujeres Moda y sencillez Regalo cumpleaños Madre","Label":"Title","Locale":"es_ES"}},"Offers":{"Summaries":[{"Condition":{"Value":"New"},"LowestPrice":{"Amount":18.9,"Currency":"EUR","DisplayAmount":"18,90 €"}}]}},{"ASIN":"B00E7NO0CU","DetailPageURL":"https://www.amazon.es/dp/B00E7NO0CU?tag=topinalambricos-21&linkCode=osi&th=1&psc=1","Images":{"Primary":{"Small":{"Height":75,"URL":"https://m.media-amazon.com/images/I/51DBrT5FH9L._SL75_.jpg","Width":50}}},"ItemInfo":{"ByLineInfo":{"Brand":{"DisplayValue":"Kaltner Präsente","Label":"Brand","Locale":"es_ES"},"Manufacturer":{"DisplayValue":"Kaltner Präsente","Label":"Manufacturer","Locale":"es_ES"}},"Title":{"DisplayValue":"Kaltner Präsente - Collar de cuero para hombre y mujer con colgante en forma de aro en piedra sodalita","Label":"Title","Locale":"es_ES"}},"Offers":{"Summaries":[{"Condition":{"Value":"New"},"LowestPrice":{"Amount":21.95,"Currency":"EUR","DisplayAmount":"21,95 €"}}]}},{"ASIN":"B0C1VQDZTV","DetailPageURL":"https://www.amazon.es/dp/B0C1VQDZTV?tag=topinalambricos-21&linkCode=osi&th=1&psc=1","Images":{"Primary":{"Small":{"Height":75,"URL":"https://m.media-amazon.com/images/I/31lOtNV+pwL._SL75_.jpg","Width":75}}},"ItemInfo":{"ByLineInfo":{"Brand":{"DisplayValue":"ZLINXI","Label":"Brand","Locale":"es_ES"},"Manufacturer":{"DisplayValue":"ZLINXI","Label":"Manufacturer","Locale":"es_ES"}},"Title":{"DisplayValue":"ZLINXI Colgante de Jade, talismán, Colgante de Collar, Colgante de Collar de Borla Artesanal de Jade Natural Vintage, joyería de Moda for Mujer","Label":"Title","Locale":"es_ES"}},"Offers":{"Summaries":[{"Condition":{"Value":"New"},"LowestPrice":{"Amount":30.95,"Currency":"EUR","DisplayAmount":"30,95 €"}}]}},{"ASIN":"B0C23CPJVM","DetailPageURL":"https://www.amazon.es/dp/B0C23CPJVM?tag=topinalambricos-21&linkCode=osi&th=1&psc=1","Images":{"Primary":{"Small":{"Height":75,"URL":"https://m.media-amazon.com/images/I/41bpjs8cgIL._SL75_.jpg","Width":73}}},"ItemInfo":{"ByLineInfo":{"Brand":{"DisplayValue":"CAZARU","Label":"Brand","Locale":"es_ES"},"Manufacturer":{"DisplayValue":"CAZARU","Label":"Manufacturer","Locale":"es_ES"}},"Title":{"DisplayValue":"Cuerda de Cuero Tejida a Mano para Hombre y Mujer con Longitud de Cadena Ajustable, joyería para Mujer","Label":"Title","Locale":"es_ES"}},"Offers":{"Summaries":[{"Condition":{"Value":"New"},"LowestPrice":{"Amount":58.99,"Currency":"EUR","DisplayAmount":"58,99 €"}}]}},{"ASIN":"B0C5HV57RT","DetailPageURL":"https://www.amazon.es/dp/B0C5HV57RT?tag=topinalambricos-21&linkCode=osi&th=1&psc=1","Images":{"Primary":{"Small":{"Height":75,"URL":"https://m.media-amazon.com/images/I/41-OUKZ5PCL._SL75_.jpg","Width":75}}},"ItemInfo":{"ByLineInfo":{"Brand":{"DisplayValue":"Generic","Label":"Brand","Locale":"es_ES"}},"Title":{"DisplayValue":"Collar de ópalo de luna collar feminidad accesorios regalo de San Valentín LjS643, plata, Talla única","Label":"Title","Locale":"es_ES"}},"Offers":{"Summaries":[{"Condition":{"Value":"New"},"LowestPrice":{"Amount":8.43,"Currency":"EUR","DisplayAmount":"8,43 €"}}]}},{"ASIN":"B0932FWDRB","DetailPageURL":"https://www.amazon.es/dp/B0932FWDRB?tag=topinalambricos-21&linkCode=osi&th=1&psc=1","Images":{"Primary":{"Small":{"Height":75,"URL":"https://m.media-amazon.com/images/I/31ye4me+VSS._SL75_.jpg","Width":75}}},"ItemInfo":{"ByLineInfo":{"Brand":{"DisplayValue":"PINGGUO","Label":"Brand","Locale":"es_ES"},"Manufacturer":{"DisplayValue":"PINGGUO","Label":"Manufacturer","Locale":"es_ES"}},"Title":{"DisplayValue":"PINGGUO Botella de perfume de piedra natural sección colgante cuadrado flor de cerezo ágata para hacer joyas Ch DIY collar accesorio","Label":"Title","Locale":"es_ES"}},"Offers":{"Summaries":[{"Condition":{"Value":"New"},"LowestPrice":{"Amount":14.82,"Currency":"EUR","DisplayAmount":"14,82 €"}}]}}],"SearchURL":"https://www.amazon.es/s?k=cuero+artesanal&rh=n%3A5874964031%2Cp_n_availability%3A-1&tag=topinalambricos-21&linkCode=osi","TotalResultCount":39}},"114":{"SearchResult":{"Items":[{"ASIN":"B09785Q9FQ","DetailPageURL":"https://www.amazon.es/dp/B09785Q9FQ?tag=topinalambricos-21&linkCode=osi&th=1&psc=1","Images":{"Primary":{"Small":{"Height":75,"URL":"https://m.media-amazon.com/images/I/412xSOe36QS._SL75_.jpg","Width":75}}},"ItemInfo":{"ByLineInfo":{"Brand":{"DisplayValue":"COOLSTEELANDBEYOND","Label":"Brand","Locale":"es_ES"},"Manufacturer":{"DisplayValue":"COOLSTEELANDBEYOND","Label":"Manufacturer","Locale":"es_ES"}},"Title":{"DisplayValue":"COOLSTEELANDBEYOND Retro, Dobles Abierto Círculo Perla Colgantes Collar con Colgante de Hombre Mujer, Cordón de Marrón Cuero Ajustable","Label":"Title","Locale":"es_ES"}},"Offers":{"Summaries":[{"Condition":{"Value":"New"},"LowestPrice":{"Amount":14.99,"Currency":"EUR","DisplayAmount":"14,99 €"}}]}},{"ASIN":"B07Q347PZG","DetailPageURL":"https://www.amazon.es/dp/B07Q347PZG?tag=topinalambricos-21&linkCode=osi&th=1&psc=1","Images":{"Primary":{"Small":{"Height":75,"URL":"https://m.media-amazon.com/images/I/41wHxqk2wkL._SL75_.jpg","Width":75}}},"ItemInfo":{"ByLineInfo":{"Brand":{"DisplayValue":"COOLSTEELANDBEYOND","Label":"Brand","Locale":"es_ES"},"Manufacturer":{"DisplayValue":"COOLSTEELANDBEYOND","Label":"Manufacturer","Locale":"es_ES"}},"Title":{"DisplayValue":"COOLSTEELANDBEYOND Bronce Cruz Círculo Cuerno Colgante Colmillo Colgante, Hombre Mujer Collar con Colgante Ajustable Marrón Cordón de Cuero","Label":"Title","Locale":"es_ES"}},"Offers":{"Summaries":[{"Condition":{"Value":"New"},"LowestPrice":{"Amount":13.99,"Currency":"EUR","DisplayAmount":"13,99 €"}}]}},{"ASIN":"B0BDKD6Q73","DetailPageURL":"https://www.amazon.es/dp/B0BDKD6Q73?tag=topinalambricos-21&linkCode=osi&th=1&psc=1","Images":{"Primary":{"Small":{"Height":75,"URL":"https://m.media-amazon.com/images/I/41mASo0dL8L._SL75_.jpg","Width":75}}},"ItemInfo":{"ByLineInfo":{"Brand":{"DisplayValue":"REIOT","Label":"Brand","Locale":"es_ES"},"Manufacturer":{"DisplayValue":"REIOT","Label":"Manufacturer","Locale":"es_ES"}},"Title":{"DisplayValue":"REIOT Collar de triple espiral Collar de nudo celta para hombre en cordón de cuero encerado, amuleto irlandés de nudo celta vintage colgante triple espiral","Label":"Title","Locale":"es_ES"}},"Offers":{"Summaries":[{"Condition":{"Value":"New"},"LowestPrice":{"Amount":21.99,"Currency":"EUR","DisplayAmount":"21,99 €"}}]}},{"ASIN":"B09LQWW5DV","DetailPageURL":"https://www.amazon.es/dp/B09LQWW5DV?tag=topinalambricos-21&linkCode=osi&th=1&psc=1","Images":{"Primary":{"Small":{"Height":62,"URL":"https://m.media-amazon.com/images/I/51LF2l7dUpL._SL75_.jpg","Width":75}}},"ItemInfo":{"ByLineInfo":{"Brand":{"DisplayValue":"MILACOLATO","Label":"Brand","Locale":"es_ES"},"Manufacturer":{"DisplayValue":"MILACOLATO","Label":"Manufacturer","Locale":"es_ES"}},"Title":{"DisplayValue":"MILACOLATO 5 Piezas Collares para Hombres Cuero Vintage Collar de Cadena de Cubo de Plumas Collar de Cuero Ajustable para Hombres con Colgante de Joyería Negro","Label":"Title","Locale":"es_ES"}},"Offers":{"Summaries":[{"Condition":{"Value":"New"},"LowestPrice":{"Amount":18.99,"Currency":"EUR","DisplayAmount":"18,99 €"}}]}},{"ASIN":"B09GNGSLJW","DetailPageURL":"https://www.amazon.es/dp/B09GNGSLJW?tag=topinalambricos-21&linkCode=osi&th=1&psc=1","Images":{"Primary":{"Small":{"Height":75,"URL":"https://m.media-amazon.com/images/I/31-Q0wIqiBL._SL75_.jpg","Width":75}}},"ItemInfo":{"ByLineInfo":{"Brand":{"DisplayValue":"Aabellay","Label":"Brand","Locale":"es_ES"},"Manufacturer":{"DisplayValue":"Aabellay","Label":"Manufacturer","Locale":"es_ES"}},"Title":{"DisplayValue":"Aabellay Collar tribal de cuero para hombre, estilo bohemio vintage, doble capa, trenzado con cuentas de lobo y colgante de diente de lobo hipopótamo, cuerda de dientes de madera étnica, gargantilla","Label":"Title","Locale":"es_ES"}},"Offers":{"Summaries":[{"Condition":{"Value":"New"},"LowestPrice":{"Amount":10.39,"Currency":"EUR","DisplayAmount":"10,39 €"}}]}},{"ASIN":"B07V5GV6FS","DetailPageURL":"https://www.amazon.es/dp/B07V5GV6FS?tag=topinalambricos-21&linkCode=osi&th=1&psc=1","Images":{"Primary":{"Small":{"Height":75,"URL":"https://m.media-amazon.com/images/I/31y3iMZ+LnL._SL75_.jpg","Width":75}}},"ItemInfo":{"ByLineInfo":{"Brand":{"DisplayValue":"COAI","Label":"Brand","Locale":"es_ES"},"Manufacturer":{"DisplayValue":"COAI","Label":"Manufacturer","Locale":"es_ES"}},"Title":{"DisplayValue":"COAI Collar de Cuero Negro Genuino con Colgante Cruz de Obsidiana Negra Piedra Natural para Hombre","Label":"Title","Locale":"es_ES"}},"Offers":{"Summaries":[{"Condition":{"Value":"New"},"LowestPrice":{"Amount":25.3,"Currency":"EUR","DisplayAmount":"25,30 €"}}]}},{"ASIN":"B0BKSM676B","DetailPageURL":"https://www.amazon.es/dp/B0BKSM676B?tag=topinalambricos-21&linkCode=osi&th=1&psc=1","Images":{"Primary":{"Small":{"Height":75,"URL":"https://m.media-amazon.com/images/I/418-aJDFjaL._SL75_.jpg","Width":59}}},"ItemInfo":{"ByLineInfo":{"Brand":{"DisplayValue":"Morfetto","Label":"Brand","Locale":"es_ES"}},"Title":{"DisplayValue":"Morfetto 8 Piezas Collar de Cuero para Hombres y Mujeres Collar de Cordón de Cuero Negro Marrón Flecha Tribal Colgante de Pluma de Diente de Lobo Collar Llamativo para Hombres y Mujeres Negro","Label":"Title","Locale":"es_ES"}},"Offers":{"Summaries":[{"Condition":{"Value":"New"},"LowestPrice":{"Amount":17.99,"Currency":"EUR","DisplayAmount":"17,99 €"}}]}},{"ASIN":"B0B2L9GP3G","DetailPageURL":"https://www.amazon.es/dp/B0B2L9GP3G?tag=topinalambricos-21&linkCode=osi&th=1&psc=1","Images":{"Primary":{"Small":{"Height":42,"URL":"https://m.media-amazon.com/images/I/317gExtloYL._SL75_.jpg","Width":75}}},"ItemInfo":{"ByLineInfo":{"Brand":{"DisplayValue":"Générique","Label":"Brand","Locale":"es_ES"},"Manufacturer":{"DisplayValue":"Generic","Label":"Manufacturer","Locale":"es_ES"}},"Title":{"DisplayValue":"Collar de cadena de cordón de cuero negro para hombres y mujeres con collar de cordón de piel con cierre de plata de ley 925, Negro,Plata","Label":"Title","Locale":"es_ES"}},"Offers":{"Summaries":[{"Condition":{"Value":"New"},"LowestPrice":{"Amount":3.96,"Currency":"EUR","DisplayAmount":"3,96 €"}}]}},{"ASIN":"B09QMDKZKP","DetailPageURL":"https://www.amazon.es/dp/B09QMDKZKP?tag=topinalambricos-21&linkCode=osi&th=1&psc=1","Images":{"Primary":{"Small":{"Height":75,"URL":"https://m.media-amazon.com/images/I/41FlgPdyeXL._SL75_.jpg","Width":75}}},"ItemInfo":{"ByLineInfo":{"Brand":{"DisplayValue":"Jadive","Label":"Brand","Locale":"es_ES"},"Manufacturer":{"DisplayValue":"Jadive","Label":"Manufacturer","Locale":"es_ES"}},"Title":{"DisplayValue":"3 Cadenas de Cuero Cordón Trenzado de Colgante Negro Collar de Cuero Falso con Cierre de Acero Inoxidable Collar Básico Personalizable para Regalo Hombre San Valentín con Bolsa Terciopelo","Label":"Title","Locale":"es_ES"}},"Offers":{"Summaries":[{"Condition":{"Value":"New"},"LowestPrice":{"Amount":10.99,"Currency":"EUR","DisplayAmount":"10,99 €"}}]}},{"ASIN":"B001RIYA46","DetailPageURL":"https://www.amazon.es/dp/B001RIYA46?tag=topinalambricos-21&linkCode=osi&th=1&psc=1","Images":{"Primary":{"Small":{"Height":75,"URL":"https://m.media-amazon.com/images/I/31cZXeTd9yL._SL75_.jpg","Width":61}}},"ItemInfo":{"ByLineInfo":{"Brand":{"DisplayValue":"Fossil","Label":"Brand","Locale":"es_ES"},"Contributors":[{"Locale":"es_ES","Name":"Fossil","Role":"Diseñador","RoleType":"designer"}],"Manufacturer":{"DisplayValue":"Fossil","Label":"Manufacturer","Locale":"es_ES"}},"Title":{"DisplayValue":"Fossil Collar de Hombre con Piel auténtica JF84068040","Label":"Title","Locale":"es_ES"}},"Offers":{"Summaries":[{"Condition":{"Value":"New"},"LowestPrice":{"Amount":49.0,"Currency":"EUR","DisplayAmount":"49,00 €"}}]}}],"SearchURL":"https://www.amazon.es/s?k=cuero&rh=n%3A10440411031%2Cp_n_availability%3A-1&tag=topinalambricos-21&linkCode=osi","TotalResultCount":943}},"115":{"SearchResult":{"Items":[{"ASIN":"B07F2D98GB","DetailPageURL":"https://www.amazon.es/dp/B07F2D98GB?tag=topinalambricos-21&linkCode=osi&th=1&psc=1","Images":{"Primary":{"Small":{"Height":75,"URL":"https://m.media-amazon.com/images/I/31vlaXpRl0L._SL75_.jpg","Width":75}}},"ItemInfo":{"ByLineInfo":{"Brand":{"DisplayValue":"TOUS","Label":"Brand","Locale":"es_ES"},"Manufacturer":{"DisplayValue":"TOUS","Label":"Manufacturer","Locale":"es_ES"}},"Title":{"DisplayValue":"TOUS Gargantilla de Cuero para Mujer con Cierre en Plata de Primera Ley, 40 cm de Largo, Versátil y Clásica, Colección Chokers","Label":"Title","Locale":"es_ES"}},"Offers":{"Summaries":[{"Condition":{"Value":"New"},"LowestPrice":{"Amount":25.0,"Currency":"EUR","DisplayAmount":"25,00 €"}}]}},{"ASIN":"B0B7GGPN1X","DetailPageURL":"https://www.amazon.es/dp/B0B7GGPN1X?tag=topinalambricos-21&linkCode=osi&th=1&psc=1","Images":{"Primary":{"Small":{"Height":75,"URL":"https://m.media-amazon.com/images/I/21tMW+dvKSL._SL75_.jpg","Width":56}}},"ItemInfo":{"ByLineInfo":{"Brand":{"DisplayValue":"Genérico","Label":"Brand","Locale":"es_ES"}},"Title":{"DisplayValue":"Collar de cuero negro de 2mm para mujer y hombre con Cierre de plata 925, collar genuino liso de cordón de cuero, cadenas de cuero (Collar XS - 35cm)","Label":"Title","Locale":"es_ES"}},"Offers":{"Summaries":[{"Condition":{"Value":"New"},"LowestPrice":{"Amount":12.0,"Currency":"EUR","DisplayAmount":"12,00 €"}}]}},{"ASIN":"B0BBG3QK87","DetailPageURL":"https://www.amazon.es/dp/B0BBG3QK87?tag=topinalambricos-21&linkCode=osi&th=1&psc=1","Images":{"Primary":{"Small":{"Height":75,"URL":"https://m.media-amazon.com/images/I/41v3OKKfsZL._SL75_.jpg","Width":75}}},"ItemInfo":{"ByLineInfo":{"Brand":{"DisplayValue":"MINGSHOP","Label":"Brand","Locale":"es_ES"},"Manufacturer":{"DisplayValue":"MINGSHOP","Label":"Manufacturer","Locale":"es_ES"}},"Title":{"DisplayValue":"Collar de Cuero Oscuro Collar Ajustable de Cuero Punk - con Cuerda de tracción extraíble","Label":"Title","Locale":"es_ES"}},"Offers":{"Summaries":[{"Condition":{"Value":"New"},"LowestPrice":{"Amount":23.99,"Currency":"EUR","DisplayAmount":"23,99 €"}}]}},{"ASIN":"B0B594P8TB","DetailPageURL":"https://www.amazon.es/dp/B0B594P8TB?tag=topinalambricos-21&linkCode=osi&th=1&psc=1","Images":{"Primary":{"Small":{"Height":75,"URL":"https://m.media-amazon.com/images/I/31c0fEu4lRL._SL75_.jpg","Width":75}}},"ItemInfo":{"ByLineInfo":{"Brand":{"DisplayValue":"COAI","Label":"Brand","Locale":"es_ES"},"Manufacturer":{"DisplayValue":"COAI","Label":"Manufacturer","Locale":"es_ES"}},"Title":{"DisplayValue":"COAI Collar de Cuero Negro con Colgante Gota de Agua de Amatista Piedra Natural para Hombre y Mujer","Label":"Title","Locale":"es_ES"}},"Offers":{"Summaries":[{"Condition":{"Value":"New"},"LowestPrice":{"Amount":30.0,"Currency":"EUR","DisplayAmount":"30,00 €"}}]}},{"ASIN":"B0C14HZWGT","DetailPageURL":"https://www.amazon.es/dp/B0C14HZWGT?tag=topinalambricos-21&linkCode=osi&th=1&psc=1","Images":{"Primary":{"Small":{"Height":75,"URL":"https://m.media-amazon.com/images/I/419gZ9xD+AL._SL75_.jpg","Width":60}}},"ItemInfo":{"ByLineInfo":{"Brand":{"DisplayValue":"MILACOLATO","Label":"Brand","Locale":"es_ES"},"Manufacturer":{"DisplayValue":"MILACOLATO","Label":"Manufacturer","Locale":"es_ES"}},"Title":{"DisplayValue":"MILACOLATO Boho Colgante Collar de Cuero para Mujer Largo Collar Bohemio Traje Vintage Gargantilla Surtido Estilo Larga Borlas Wrap Collar Gargantilla Moderna Negro/Marrón","Label":"Title","Locale":"es_ES"}},"Offers":{"Summaries":[{"Condition":{"Value":"New"},"LowestPrice":{"Amount":11.99,"Currency":"EUR","DisplayAmount":"11,99 €"}}]}},{"ASIN":"B07SQBLN9B","DetailPageURL":"https://www.amazon.es/dp/B07SQBLN9B?tag=topinalambricos-21&linkCode=osi&th=1&psc=1","Images":{"Primary":{"Small":{"Height":45,"URL":"https://m.media-amazon.com/images/I/41CJH3cYcNL._SL75_.jpg","Width":75}}},"ItemInfo":{"ByLineInfo":{"Brand":{"DisplayValue":"Lola & Gala","Label":"Brand","Locale":"es_ES"},"Manufacturer":{"DisplayValue":"Yiwu Youtu Jewelry Co., Ltd","Label":"Manufacturer","Locale":"es_ES"}},"Title":{"DisplayValue":"Lote de 3 Cadenas de Cuero para Collar Hombre y Mujer - Cuero Genuino Liso con Doble Cierre Magnético y de Seguridad en Acero Inoxidable - Cordón Negro de 3 mm para Colgantes en 3 medidas diferentes","Label":"Title","Locale":"es_ES"}},"Offers":{"Summaries":[{"Condition":{"Value":"New"},"LowestPrice":{"Amount":17.2,"Currency":"EUR","DisplayAmount":"17,20 €"}}]}},{"ASIN":"B0B8VKRVHF","DetailPageURL":"https://www.amazon.es/dp/B0B8VKRVHF?tag=topinalambricos-21&linkCode=osi&th=1&psc=1","Images":{"Primary":{"Small":{"Height":75,"URL":"https://m.media-amazon.com/images/I/51jftoKE89L._SL75_.jpg","Width":75}}},"ItemInfo":{"ByLineInfo":{"Brand":{"DisplayValue":"Dervivea","Label":"Brand","Locale":"es_ES"},"Manufacturer":{"DisplayValue":"Dervivea","Label":"Manufacturer","Locale":"es_ES"}},"Title":{"DisplayValue":"Dervivea Bohemia Evil Eye Gargantilla Collar Cuerda de cuero negro Collar Vintage Ojo turco Colgante Collar Globos oculares redondos Collares Cadena Joyería para mujeres y niñas","Label":"Title","Locale":"es_ES"}},"Offers":{"Summaries":[{"Condition":{"Value":"New"},"LowestPrice":{"Amount":8.99,"Currency":"EUR","DisplayAmount":"8,99 € (8,99 € / unidad)","PricePerUnit":8.99}}]}},{"ASIN":"B09FX32S6F","DetailPageURL":"https://www.amazon.es/dp/B09FX32S6F?tag=topinalambricos-21&linkCode=osi&th=1&psc=1","Images":{"Primary":{"Small":{"Height":75,"URL":"https://m.media-amazon.com/images/I/41dfgRqjDgL._SL75_.jpg","Width":75}}},"ItemInfo":{"ByLineInfo":{"Brand":{"DisplayValue":"XiXiRan","Label":"Brand","Locale":"es_ES"}},"Title":{"DisplayValue":"XiXiRan Collar Gargantilla Punk, Gargantilla de Cuero Negro, Collar de Cuero Gótico, Gargantilla Punk Mujer, Choker Negro Cuero, Gargantilla Punk Rock, Collar Gótico Mujer, Collar Cuero Punk (4 Pcs)","Label":"Title","Locale":"es_ES"}},"Offers":{"Summaries":[{"Condition":{"Value":"New"},"LowestPrice":{"Amount":5.99,"Currency":"EUR","DisplayAmount":"5,99 €"}}]}},{"ASIN":"B09NXMZPTZ","DetailPageURL":"https://www.amazon.es/dp/B09NXMZPTZ?tag=topinalambricos-21&linkCode=osi&th=1&psc=1","Images":{"Primary":{"Small":{"Height":75,"URL":"https://m.media-amazon.com/images/I/31PjVW15FSL._SL75_.jpg","Width":75}}},"ItemInfo":{"ByLineInfo":{"Brand":{"DisplayValue":"COAI","Label":"Brand","Locale":"es_ES"},"Manufacturer":{"DisplayValue":"COAI","Label":"Manufacturer","Locale":"es_ES"}},"Title":{"DisplayValue":"COAI Collar de Cuero Negro con Colgante de Amatista Piedra Natural en Bruto para Hombre y Mujer","Label":"Title","Locale":"es_ES"}},"Offers":{"Summaries":[{"Condition":{"Value":"New"},"LowestPrice":{"Amount":27.5,"Currency":"EUR","DisplayAmount":"27,50 €"}}]}},{"ASIN":"B0BNF73ZL6","DetailPageURL":"https://www.amazon.es/dp/B0BNF73ZL6?tag=topinalambricos-21&linkCode=osi&th=1&psc=1","Images":{"Primary":{"Small":{"Height":75,"URL":"https://m.media-amazon.com/images/I/41hzktNB+wL._SL75_.jpg","Width":75}}},"ItemInfo":{"ByLineInfo":{"Brand":{"DisplayValue":"Yheakne","Label":"Brand","Locale":"es_ES"},"Manufacturer":{"DisplayValue":"Yheakne","Label":"Manufacturer","Locale":"es_ES"}},"Title":{"DisplayValue":"Yheakne Boho Collar De Cuero Largo Collar De Perlas Y Gota De Cuero Negro Envolver Collar De Gargantilla Gótica Atar Collar De La Cadena De Joyería Para Las Mujeres Y Las Niñas","Label":"Title","Locale":"es_ES"}},"Offers":{"Summaries":[{"Condition":{"Value":"New"},"LowestPrice":{"Amount":9.99,"Currency":"EUR","DisplayAmount":"9,99 € (9,99 € / unidad)","PricePerUnit":9.99}}]}}],"SearchURL":"https://www.amazon.es/s?k=cuero&rh=n%3A10440393031%2Cp_n_availability%3A-1&tag=topinalambricos-21&linkCode=osi","TotalResultCount":1000}},"116":{"SearchResult":{"Items":[{"ASIN":"B07F2D98GB","DetailPageURL":"https://www.amazon.es/dp/B07F2D98GB?tag=topinalambricos-21&linkCode=osi&th=1&psc=1","Images":{"Primary":{"Small":{"Height":75,"URL":"https://m.media-amazon.com/images/I/31vlaXpRl0L._SL75_.jpg","Width":75}}},"ItemInfo":{"ByLineInfo":{"Brand":{"DisplayValue":"TOUS","Label":"Brand","Locale":"es_ES"},"Manufacturer":{"DisplayValue":"TOUS","Label":"Manufacturer","Locale":"es_ES"}},"Title":{"DisplayValue":"TOUS Gargantilla de Cuero para Mujer con Cierre en Plata de Primera Ley, 40 cm de Largo, Versátil y Clásica, Colección Chokers","Label":"Title","Locale":"es_ES"}},"Offers":{"Summaries":[{"Condition":{"Value":"New"},"LowestPrice":{"Amount":25.0,"Currency":"EUR","DisplayAmount":"25,00 €"}}]}},{"ASIN":"B083FVLDYN","DetailPageURL":"https://www.amazon.es/dp/B083FVLDYN?tag=topinalambricos-21&linkCode=osi&th=1&psc=1","Images":{"Primary":{"Small":{"Height":75,"URL":"https://m.media-amazon.com/images/I/417vAphvuXL._SL75_.jpg","Width":75}}},"ItemInfo":{"ByLineInfo":{"Brand":{"DisplayValue":"Comius Sharp","Label":"Brand","Locale":"es_ES"},"Manufacturer":{"DisplayValue":"Comius Sharp","Label":"Manufacturer","Locale":"es_ES"}},"Title":{"DisplayValue":"Comius Sharp Collar de Gargantilla, 4 Piezas Gótico Gargantillas de Cuero Collar Gargantilla de Estilo Punk Collar Juego de Gargantilla de Cuero PU","Label":"Title","Locale":"es_ES"}},"Offers":{"Summaries":[{"Condition":{"Value":"New"},"LowestPrice":{"Amount":11.69,"Currency":"EUR","DisplayAmount":"11,69 €"}}]}},{"ASIN":"B0B6J48NBQ","DetailPageURL":"https://www.amazon.es/dp/B0B6J48NBQ?tag=topinalambricos-21&linkCode=osi&th=1&psc=1","Images":{"Primary":{"Small":{"Height":75,"URL":"https://m.media-amazon.com/images/I/41+gwT7OgJL._SL75_.jpg","Width":75}}},"ItemInfo":{"ByLineInfo":{"Brand":{"DisplayValue":"Dochais","Label":"Brand","Locale":"es_ES"}},"Title":{"DisplayValue":"Dochais 8 Piezas Collar Terciopelo Punk, Gargantilla Punk Gótica Encaje Negra, Ajustable Clavícula Punk Collar, PU Collar de Gargantilla de Cuero para Fiesta Halloween Club","Label":"Title","Locale":"es_ES"}},"Offers":{"Summaries":[{"Condition":{"Value":"New"},"LowestPrice":{"Amount":14.99,"Currency":"EUR","DisplayAmount":"14,99 €"}}]}},{"ASIN":"B08PV1BGWS","DetailPageURL":"https://www.amazon.es/dp/B08PV1BGWS?tag=topinalambricos-21&linkCode=osi&th=1&psc=1","Images":{"Primary":{"Small":{"Height":75,"URL":"https://m.media-amazon.com/images/I/415GSLkffRL._SL75_.jpg","Width":75}}},"ItemInfo":{"ByLineInfo":{"Brand":{"DisplayValue":"Handcess","Label":"Brand","Locale":"es_ES"},"Manufacturer":{"DisplayValue":"Handcess","Label":"Manufacturer","Locale":"es_ES"}},"Title":{"DisplayValue":"Handcess Punk Collar en capas Gargantilla de barra de plata Collares de terciopelo negro Cadena para mujeres y niñas","Label":"Title","Locale":"es_ES"}},"Offers":{"Summaries":[{"Condition":{"Value":"New"},"LowestPrice":{"Amount":9.99,"Currency":"EUR","DisplayAmount":"9,99 €"}}]}},{"ASIN":"B0BRMVJDWX","DetailPageURL":"https://www.amazon.es/dp/B0BRMVJDWX?tag=topinalambricos-21&linkCode=osi&th=1&psc=1","Images":{"Primary":{"Small":{"Height":75,"URL":"https://m.media-amazon.com/images/I/41rK80mkoDL._SL75_.jpg","Width":75}}},"ItemInfo":{"ByLineInfo":{"Brand":{"DisplayValue":"Dervivea","Label":"Brand","Locale":"es_ES"},"Manufacturer":{"DisplayValue":"Dervivea","Label":"Manufacturer","Locale":"es_ES"}},"Title":{"DisplayValue":"Dervivea Boho Collar Gargantilla Estrella De Cuero Negro Collar De Cordón De Cuero Collar Colgante Estrella Del Norte Collar De Cuerda Fina Negro Joyas Para Mujeres Y Niñas","Label":"Title","Locale":"es_ES"}},"Offers":{"Summaries":[{"Condition":{"Value":"New"},"LowestPrice":{"Amount":8.99,"Currency":"EUR","DisplayAmount":"8,99 € (8,99 € / unidad)","PricePerUnit":8.99}}]}},{"ASIN":"B0926152VD","DetailPageURL":"https://www.amazon.es/dp/B0926152VD?tag=topinalambricos-21&linkCode=osi&th=1&psc=1","Images":{"Primary":{"Small":{"Height":75,"URL":"https://m.media-amazon.com/images/I/51a1SfJCCNS._SL75_.jpg","Width":75}}},"ItemInfo":{"ByLineInfo":{"Brand":{"DisplayValue":"NOCHME","Label":"Brand","Locale":"es_ES"}},"Title":{"DisplayValue":"NOCHME Choker Cuero Gargantillas De Piel Para Mujer Y Niña, Ajustable Vintage Goth, Punk Gotico Rock Juego De Collar Necklace Para Mujeres, Hombres Y Niñas, Negro","Label":"Title","Locale":"es_ES"}},"Offers":{"Summaries":[{"Condition":{"Value":"New"},"LowestPrice":{"Amount":12.55,"Currency":"EUR","DisplayAmount":"12,55 €"}}]}},{"ASIN":"B01N5BO4E3","DetailPageURL":"https://www.amazon.es/dp/B01N5BO4E3?tag=topinalambricos-21&linkCode=osi&th=1&psc=1","Images":{"Primary":{"Small":{"Height":75,"URL":"https://m.media-amazon.com/images/I/31vsJJugOhL._SL75_.jpg","Width":75}}},"ItemInfo":{"ByLineInfo":{"Brand":{"DisplayValue":"TOUS","Label":"Brand","Locale":"es_ES"},"Manufacturer":{"DisplayValue":"TOUS","Label":"Manufacturer","Locale":"es_ES"}},"Title":{"DisplayValue":"TOUS Gargantilla de Plata de Primera Ley para Mujer con Bolas Intercaladas,Versátil e atemporal, Colección CHAIN","Label":"Title","Locale":"es_ES"}},"Offers":{"Summaries":[{"Condition":{"Value":"New"},"LowestPrice":{"Amount":25.0,"Currency":"EUR","DisplayAmount":"25,00 €"}}]}},{"ASIN":"B071H8G7KD","DetailPageURL":"https://www.amazon.es/dp/B071H8G7KD?tag=topinalambricos-21&linkCode=osi&th=1&psc=1","Images":{"Primary":{"Small":{"Height":75,"URL":"https://m.media-amazon.com/images/I/31ufqCcy74L._SL75_.jpg","Width":75}}},"ItemInfo":{"ByLineInfo":{"Brand":{"DisplayValue":"TOUS","Label":"Brand","Locale":"es_ES"},"Manufacturer":{"DisplayValue":"TOUS","Label":"Manufacturer","Locale":"es_ES"}},"Title":{"DisplayValue":"TOUS Gargantilla de Plata con Bolas de 1,4 mm, 40 cm Chain","Label":"Title","Locale":"es_ES"}},"Offers":{"Summaries":[{"Condition":{"Value":"New"},"LowestPrice":{"Amount":19.0,"Currency":"EUR","DisplayAmount":"19,00 €"}}]}},{"ASIN":"B01KB2TTR6","DetailPageURL":"https://www.amazon.es/dp/B01KB2TTR6?tag=topinalambricos-21&linkCode=osi&th=1&psc=1","Images":{"Primary":{"Small":{"Height":67,"URL":"https://m.media-amazon.com/images/I/31iIz35oOJL._SL75_.jpg","Width":75}}},"ItemInfo":{"ByLineInfo":{"Brand":{"DisplayValue":"TOUS","Label":"Brand","Locale":"es_ES"},"Manufacturer":{"DisplayValue":"TOUS","Label":"Manufacturer","Locale":"es_ES"}},"Title":{"DisplayValue":"TOUS Collar de plata TOUS Color","Label":"Title","Locale":"es_ES"}},"Offers":{"Summaries":[{"Condition":{"Value":"New"},"LowestPrice":{"Amount":65.0,"Currency":"EUR","DisplayAmount":"65,00 €"}}]}},{"ASIN":"B0C246CR69","DetailPageURL":"https://www.amazon.es/dp/B0C246CR69?tag=topinalambricos-21&linkCode=osi&th=1&psc=1","Images":{"Primary":{"Small":{"Height":75,"URL":"https://m.media-amazon.com/images/I/41sd5s+D7XL._SL75_.jpg","Width":75}}},"ItemInfo":{"ByLineInfo":{"Brand":{"DisplayValue":"Generic","Label":"Brand","Locale":"es_ES"},"Manufacturer":{"DisplayValue":"Wanghuaner","Label":"Manufacturer","Locale":"es_ES"}},"Title":{"DisplayValue":"Wanghuaner Collar Cruzado Collar Tribal de Cuero para Mujeres Hombres Estilo Bohemio Vintage Collar de Gargantilla de Cuentas de Madera étnica para joyería Colgante Cruzada","Label":"Title","Locale":"es_ES"}},"Offers":{"Summaries":[{"Condition":{"Value":"New"},"LowestPrice":{"Amount":7.99,"Currency":"EUR","DisplayAmount":"7,99 €"}}]}}],"SearchURL":"https://www.amazon.es/s?k=gargantilla+cuero&rh=n%3A10440393031%2Cp_n_availability%3A-1&tag=topinalambricos-21&linkCode=osi","TotalResultCount":1000}},"117":{"SearchResult":{"Items":[{"ASIN":"B07DT7SRTM","DetailPageURL":"https://www.amazon.es/dp/B07DT7SRTM?tag=topinalambricos-21&linkCode=osi&th=1&psc=1","Images":{"Primary":{"Small":{"Height":45,"URL":"https://m.media-amazon.com/images/I/31mrgoM-NQL._SL75_.jpg","Width":75}}},"ItemInfo":{"ByLineInfo":{"Brand":{"DisplayValue":"HUNTER","Label":"Brand","Locale":"es_ES"},"Manufacturer":{"DisplayValue":"HUNTER","Label":"Manufacturer","Locale":"es_ES"}},"Title":{"DisplayValue":"HUNTER Solid Education Collar de Entrenamiento para Perros, Cuero, Suave, Antideslizante, 50 (M), Negro","Label":"Title","Locale":"es_ES"}},"Offers":{"Summaries":[{"Condition":{"Value":"Used"},"LowestPrice":{"Amount":21.37,"Currency":"EUR","DisplayAmount":"21,37 €"}},{"Condition":{"Value":"New"},"LowestPrice":{"Amount":26.0,"Currency":"EUR","DisplayAmount":"26,00 €"}}]}},{"ASIN":"B0B7JF63W8","DetailPageURL":"https://www.amazon.es/dp/B0B7JF63W8?tag=topinalambricos-21&linkCode=osi&th=1&psc=1","Images":{"Primary":{"Small":{"Height":49,"URL":"https://m.media-amazon.com/images/I/21Dkj8ewnFL._SL75_.jpg","Width":75}}},"ItemInfo":{"ByLineInfo":{"Brand":{"DisplayValue":"bub's","Label":"Brand","Locale":"es_ES"},"Manufacturer":{"DisplayValue":"curtits i tallers sala s.l.","Label":"Manufacturer","Locale":"es_ES"}},"Title":{"DisplayValue":"Collar BUB'S de Cuero Vacuno Origen Europa engrasado y ablandado, Tacto Suave y Alta Resistencia. Curticion Vegetal (Talla XL, Negro)","Label":"Title","Locale":"es_ES"}},"Offers":{"Summaries":[{"Condition":{"Value":"New"},"LowestPrice":{"Amount":9.9,"Currency":"EUR","DisplayAmount":"9,90 €"}}]}},{"ASIN":"B09K7BWKS7","DetailPageURL":"https://www.amazon.es/dp/B09K7BWKS7?tag=topinalambricos-21&linkCode=osi&th=1&psc=1","Images":{"Primary":{"Small":{"Height":75,"URL":"https://m.media-amazon.com/images/I/41gLuQtfQ6L._SL75_.jpg","Width":75}}},"ItemInfo":{"ByLineInfo":{"Brand":{"DisplayValue":"PET ARTIST","Label":"Brand","Locale":"es_ES"},"Manufacturer":{"DisplayValue":"Happierpet","Label":"Manufacturer","Locale":"es_ES"}},"Title":{"DisplayValue":"PET ARTIST Collar para Perro de Cuero Personalizado,Collar para Perro de Cuero Enrollado con Placa de identificación para Perros medianos,pequeños y Grandes,Rosado,S","Label":"Title","Locale":"es_ES"}},"Offers":{"Summaries":[{"Condition":{"Value":"New"},"LowestPrice":{"Amount":13.99,"Currency":"EUR","DisplayAmount":"13,99 €"}}]}},{"ASIN":"B099WY91VX","DetailPageURL":"https://www.amazon.es/dp/B099WY91VX?tag=topinalambricos-21&linkCode=osi&th=1&psc=1","Images":{"Primary":{"Small":{"Height":62,"URL":"https://m.media-amazon.com/images/I/41ZcNlWb5YL._SL75_.jpg","Width":75}}},"ItemInfo":{"ByLineInfo":{"Brand":{"DisplayValue":"YOJAN PIEL","Label":"Brand","Locale":"es_ES"},"Manufacturer":{"DisplayValue":"YOJAN PIEL","Label":"Manufacturer","Locale":"es_ES"}},"Title":{"DisplayValue":"Collar De Cuero para Perros | Collar Perro | Collar Piel | Collar Bandera España (Grande - Contorno Cuello 35 A 45 CM.)","Label":"Title","Locale":"es_ES"}},"Offers":{"Summaries":[{"Condition":{"Value":"Used"},"LowestPrice":{"Amount":14.65,"Currency":"EUR","DisplayAmount":"14,65 €"}},{"Condition":{"Value":"New"},"LowestPrice":{"Amount":11.95,"Currency":"EUR","DisplayAmount":"11,95 €"}}]}},{"ASIN":"B08Y6PKW65","DetailPageURL":"https://www.amazon.es/dp/B08Y6PKW65?tag=topinalambricos-21&linkCode=osi&th=1&psc=1","Images":{"Primary":{"Small":{"Height":75,"URL":"https://m.media-amazon.com/images/I/41DFHIVJf3L._SL75_.jpg","Width":75}}},"ItemInfo":{"ByLineInfo":{"Brand":{"DisplayValue":"HEELE","Label":"Brand","Locale":"es_ES"},"Manufacturer":{"DisplayValue":"HEELE","Label":"Manufacturer","Locale":"es_ES"}},"Title":{"DisplayValue":"HEELE Collar Perro, Collar de Perro Acolchado de Cuero, Collar Suave en Cuero Genuino, Perros Pequeños, Medianos y Grandes, Rojo, M","Label":"Title","Locale":"es_ES"}},"Offers":{"Summaries":[{"Condition":{"Value":"New"},"LowestPrice":{"Amount":15.99,"Currency":"EUR","DisplayAmount":"15,99 €"}}]}},{"ASIN":"B0936TDHSD","DetailPageURL":"https://www.amazon.es/dp/B0936TDHSD?tag=topinalambricos-21&linkCode=osi&th=1&psc=1","Images":{"Primary":{"Small":{"Height":75,"URL":"https://m.media-amazon.com/images/I/41PO4ByHWuS._SL75_.jpg","Width":75}}},"ItemInfo":{"ByLineInfo":{"Brand":{"DisplayValue":"QWBWAN","Label":"Brand","Locale":"es_ES"},"Manufacturer":{"DisplayValue":"QWBWAN","Label":"Manufacturer","Locale":"es_ES"}},"Title":{"DisplayValue":"Collar de Perro de Cuero Genuino con Tachuelas Collares Ajustables para Mascotas Lo Mejor para Perros de Razas Pequeñas, Medianas, Grandes y Extra Grandes （Marrón） (M)","Label":"Title","Locale":"es_ES"}},"Offers":{"Summaries":[{"Condition":{"Value":"New"},"LowestPrice":{"Amount":20.99,"Currency":"EUR","DisplayAmount":"20,99 €"}}]}},{"ASIN":"B076QBSPDW","DetailPageURL":"https://www.amazon.es/dp/B076QBSPDW?tag=topinalambricos-21&linkCode=osi&th=1&psc=1","Images":{"Primary":{"Small":{"Height":75,"URL":"https://m.media-amazon.com/images/I/41S2NugVZIL._SL75_.jpg","Width":75}}},"ItemInfo":{"ByLineInfo":{"Brand":{"DisplayValue":"Newtensina","Label":"Brand","Locale":"es_ES"},"Manufacturer":{"DisplayValue":"Newtensina","Label":"Manufacturer","Locale":"es_ES"}},"Title":{"DisplayValue":"Newtensina Moda Perro Collar y Correa Conjunto Correas de Nylon Tejidas Collar de Bling Collar de Cuero Diamante Cachorro con Correa para Perros","Label":"Title","Locale":"es_ES"}},"Offers":{"Summaries":[{"Condition":{"Value":"New"},"LowestPrice":{"Amount":15.97,"Currency":"EUR","DisplayAmount":"15,97 €"}}]}},{"ASIN":"B0B3XYB2VN","DetailPageURL":"https://www.amazon.es/dp/B0B3XYB2VN?tag=topinalambricos-21&linkCode=osi&th=1&psc=1","Images":{"Primary":{"Small":{"Height":75,"URL":"https://m.media-amazon.com/images/I/31gCMrgK22L._SL75_.jpg","Width":67}}},"ItemInfo":{"ByLineInfo":{"Brand":{"DisplayValue":"Jack & Russell","Label":"Brand","Locale":"es_ES"},"Manufacturer":{"DisplayValue":"Jack & Russell","Label":"Manufacturer","Locale":"es_ES"}},"Title":{"DisplayValue":"Collar de piel de búfalo, robusto y elegante collar de cuero graso, collar de piel para perros pequeños y grandes Héctor marrón (L (41-51cm))","Label":"Title","Locale":"es_ES"}},"Offers":{"Summaries":[{"Condition":{"Value":"New"},"LowestPrice":{"Amount":16.9,"Currency":"EUR","DisplayAmount":"16,90 €"}}]}},{"ASIN":"B096SDTP3P","DetailPageURL":"https://www.amazon.es/dp/B096SDTP3P?tag=topinalambricos-21&linkCode=osi&th=1&psc=1","Images":{"Primary":{"Small":{"Height":75,"URL":"https://m.media-amazon.com/images/I/41P3ZWNmDrL._SL75_.jpg","Width":75}}},"ItemInfo":{"ByLineInfo":{"Brand":{"DisplayValue":"BFRLBFQ","Label":"Brand","Locale":"es_ES"},"Manufacturer":{"DisplayValue":"BFRLBFQ","Label":"Manufacturer","Locale":"es_ES"}},"Title":{"DisplayValue":"Collar de perro de cuero genuino reflectante acolchado suave para collares de perro de raza mediana grande y extra grande (marrón XL (cuello 51,5 cm-63,5 cm))","Label":"Title","Locale":"es_ES"}},"Offers":{"Summaries":[{"Condition":{"Value":"New"},"LowestPrice":{"Amount":22.99,"Currency":"EUR","DisplayAmount":"22,99 €"}}]}},{"ASIN":"B018W2CZGE","DetailPageURL":"https://www.amazon.es/dp/B018W2CZGE?tag=topinalambricos-21&linkCode=osi&th=1&psc=1","Images":{"Primary":{"Small":{"Height":75,"URL":"https://m.media-amazon.com/images/I/51jnmPhl5WL._SL75_.jpg","Width":75}}},"ItemInfo":{"ByLineInfo":{"Brand":{"DisplayValue":"CollarDirect","Label":"Brand","Locale":"es_ES"},"Manufacturer":{"DisplayValue":"CollarDirect","Label":"Manufacturer","Locale":"es_ES"}},"Title":{"DisplayValue":"CollarDirect Collar Perro Cuero Redondo, Collar Resistente Antienredos para Cachorros Suave y Acolchado, Piel Genuina Hecho a Mano para Perros Grandes Pequeños y Medianos, Collares para Gato","Label":"Title","Locale":"es_ES"}},"Offers":{"Summaries":[{"Condition":{"Value":"New"},"LowestPrice":{"Amount":17.84,"Currency":"EUR","DisplayAmount":"17,84 €"}}]}}],"SearchURL":"https://www.amazon.es/s?k=cuero&rh=n%3A13442193031%2Cp_n_availability%3A-1&tag=topinalambricos-21&linkCode=osi","TotalResultCount":1000}},"119":{"SearchResult":{"Items":[{"ASIN":"B089M9QWYY","DetailPageURL":"https://www.amazon.es/dp/B089M9QWYY?tag=topinalambricos-21&linkCode=osi&th=1&psc=1","Images":{"Primary":{"Small":{"Height":75,"URL":"https://m.media-amazon.com/images/I/31zm+atcN4L._SL75_.jpg","Width":75}}},"ItemInfo":{"ByLineInfo":{"Brand":{"DisplayValue":"Harilla","Label":"Brand","Locale":"es_ES"},"Manufacturer":{"DisplayValue":"Harilla","Label":"Manufacturer","Locale":"es_ES"}},"Title":{"DisplayValue":"Gargantilla de con Cordón de Material Cuero Negro de 2x3 Mm","Label":"Title","Locale":"es_ES"}},"Offers":{"Summaries":[{"Condition":{"Value":"New"},"LowestPrice":{"Amount":9.99,"Currency":"EUR","DisplayAmount":"9,99 €"}}]}},{"ASIN":"B096ZW8T34","DetailPageURL":"https://www.amazon.es/dp/B096ZW8T34?tag=topinalambricos-21&linkCode=osi&th=1&psc=1","Images":{"Primary":{"Small":{"Height":75,"URL":"https://m.media-amazon.com/images/I/41Ri0aIfXyS._SL75_.jpg","Width":75}}},"ItemInfo":{"ByLineInfo":{"Brand":{"DisplayValue":"CeFoney","Label":"Brand","Locale":"es_ES"},"Manufacturer":{"DisplayValue":"CeFoney","Label":"Manufacturer","Locale":"es_ES"}},"Title":{"DisplayValue":"CeFoney Collar de cuero de estilo retro con cordón colgante de aleación de película collar colgante estilo retro anillos ajustables colgantes cordón cadena collar para amigos regalo","Label":"Title","Locale":"es_ES"}},"Offers":{"Summaries":[{"Condition":{"Value":"New"},"LowestPrice":{"Amount":5.39,"Currency":"EUR","DisplayAmount":"5,39 €"}}]}},{"ASIN":"B07BLWMNY6","DetailPageURL":"https://www.amazon.es/dp/B07BLWMNY6?tag=topinalambricos-21&linkCode=osi&th=1&psc=1","Images":{"Primary":{"Small":{"Height":75,"URL":"https://m.media-amazon.com/images/I/61IzJ6mjYgL._SL75_.jpg","Width":75}}},"ItemInfo":{"ByLineInfo":{"Brand":{"DisplayValue":"AONER","Label":"Brand","Locale":"es_ES"}},"Title":{"DisplayValue":"AONER 100pcs 49cm Cuerda Cordones de Collar Ajustable Negro Collar de Cadena Colgante + Broche de Langosta para Bricolaje Collares Pulsera (100pcs Negros)","Label":"Title","Locale":"es_ES"}},"Offers":{"Summaries":[{"Condition":{"Value":"New"},"LowestPrice":{"Amount":14.99,"Currency":"EUR","DisplayAmount":"14,99 € (0,15 € / Count)","PricePerUnit":0.15}}]}},{"ASIN":"B08X4G2NQ7","DetailPageURL":"https://www.amazon.es/dp/B08X4G2NQ7?tag=topinalambricos-21&linkCode=osi&th=1&psc=1","Images":{"Primary":{"Small":{"Height":75,"URL":"https://m.media-amazon.com/images/I/51IpZ7BYhrL._SL75_.jpg","Width":75}}},"ItemInfo":{"ByLineInfo":{"Brand":{"DisplayValue":"Cheriswelry","Label":"Brand","Locale":"es_ES"},"Manufacturer":{"DisplayValue":"Cheriswelry","Label":"Manufacturer","Locale":"es_ES"}},"Title":{"DisplayValue":"Cheriswelry - 128 piezas de cordón de cuero de aleación tibetana, extremos de cordón, cuentas, tapas de cordón de tubo, cierres de bucle de columna para pegar en borlas, hacer joyas (4 colores)","Label":"Title","Locale":"es_ES"}},"Offers":{"Summaries":[{"Condition":{"Value":"New"},"LowestPrice":{"Amount":19.98,"Currency":"EUR","DisplayAmount":"19,98 €"}}]}},{"ASIN":"B0829W1XTC","DetailPageURL":"https://www.amazon.es/dp/B0829W1XTC?tag=topinalambricos-21&linkCode=osi&th=1&psc=1","Images":{"Primary":{"Small":{"Height":75,"URL":"https://m.media-amazon.com/images/I/51SjiHkZB+L._SL75_.jpg","Width":75}}},"ItemInfo":{"ByLineInfo":{"Manufacturer":{"DisplayValue":"Xiuyer","Label":"Manufacturer","Locale":"es_ES"}},"Title":{"DisplayValue":"Collar de Cordón Cera,Xiuyer 50 Piezas 2mm Negro Collares de Cuero de imitación de Cuerda Encerada Trenzado con Cadena de Extensión y Broche de Langosta para Bricolaje Pulsera Joyería","Label":"Title","Locale":"es_ES"}},"Offers":{"Summaries":[{"Condition":{"Value":"New"},"LowestPrice":{"Amount":14.99,"Currency":"EUR","DisplayAmount":"14,99 € (0,30 € / unidad)","PricePerUnit":0.3}}]}},{"ASIN":"B07FFMCZFH","DetailPageURL":"https://www.amazon.es/dp/B07FFMCZFH?tag=topinalambricos-21&linkCode=osi&th=1&psc=1","Images":{"Primary":{"Small":{"Height":75,"URL":"https://m.media-amazon.com/images/I/41ThUu-pbWL._SL75_.jpg","Width":75}}},"ItemInfo":{"ByLineInfo":{"Brand":{"DisplayValue":"PH PandaHall","Label":"Brand","Locale":"es_ES"}},"Title":{"DisplayValue":"PandaHall Elite Fabricación de Collar de Bricolaje, con Colgantes de Jaula de Alambre de Hierro, Cadena de Cordón de Cuero de Imitación, Plata, 15x14 mm, Agujero: 5 mm","Label":"Title","Locale":"es_ES"}},"Offers":{"Summaries":[{"Condition":{"Value":"New"},"LowestPrice":{"Amount":10.39,"Currency":"EUR","DisplayAmount":"10,39 €"}}]}},{"ASIN":"B0BPMC9CKQ","DetailPageURL":"https://www.amazon.es/dp/B0BPMC9CKQ?tag=topinalambricos-21&linkCode=osi&th=1&psc=1","Images":{"Primary":{"Small":{"Height":75,"URL":"https://m.media-amazon.com/images/I/51bCvNW5H4L._SL75_.jpg","Width":75}}},"ItemInfo":{"ByLineInfo":{"Brand":{"DisplayValue":"SUPERFINDINGS","Label":"Brand","Locale":"es_ES"},"Manufacturer":{"DisplayValue":"SUPERFINDINGS","Label":"Manufacturer","Locale":"es_ES"}},"Title":{"DisplayValue":"SUPERFINDINGS Todo14m Trenzado PU Cordones de Cuero 7Colores Redondo Trenzado Correa Cuero Genuino Doblado Bolo Tie Cuerda Cuerda Cordón para Joyas Y Diseños Artesanales Ancho：4mm","Label":"Title","Locale":"es_ES"}},"Offers":{"Summaries":[{"Condition":{"Value":"New"},"LowestPrice":{"Amount":12.59,"Currency":"EUR","DisplayAmount":"12,59 €"}}]}},{"ASIN":"B07K1SBGZM","DetailPageURL":"https://www.amazon.es/dp/B07K1SBGZM?tag=topinalambricos-21&linkCode=osi&th=1&psc=1","Images":{"Primary":{"Small":{"Height":75,"URL":"https://m.media-amazon.com/images/I/51qg3bTsybL._SL75_.jpg","Width":75}}},"ItemInfo":{"ByLineInfo":{"Brand":{"DisplayValue":"Febbya","Label":"Brand","Locale":"es_ES"},"Manufacturer":{"DisplayValue":"Febbya","Label":"Manufacturer","Locale":"es_ES"}},"Title":{"DisplayValue":"Febbya Cinta de algodón, cordón de algodón Encerado, 2 mm, Paquete de 50 Unidades, Redondas, cordón de algodón con Cierre de mosquetón y Cadena para fabricación de Joyas, Colgante, Collar Negro","Label":"Title","Locale":"es_ES"}},"Offers":{"Summaries":[{"Condition":{"Value":"New"},"LowestPrice":{"Amount":9.99,"Currency":"EUR","DisplayAmount":"9,99 € (0,20 € / unidad)","PricePerUnit":0.2}}]}},{"ASIN":"B09VXRS5JN","DetailPageURL":"https://www.amazon.es/dp/B09VXRS5JN?tag=topinalambricos-21&linkCode=osi&th=1&psc=1","Images":{"Primary":{"Small":{"Height":75,"URL":"https://m.media-amazon.com/images/I/316mNA1baTL._SL75_.jpg","Width":75}}},"ItemInfo":{"ByLineInfo":{"Brand":{"DisplayValue":"SM SunniMix","Label":"Brand","Locale":"es_ES"},"Manufacturer":{"DisplayValue":"SM SunniMix","Label":"Manufacturer","Locale":"es_ES"}},"Title":{"DisplayValue":"SM SunniMix Collar de Material Cuero Punk Vintage Colgante de Cadena de Cuello de Cordón de Material Cuero Ajustable - Color, marrón, Tal como se Describe","Label":"Title","Locale":"es_ES"}},"Offers":{"Summaries":[{"Condition":{"Value":"New"},"LowestPrice":{"Amount":9.89,"Currency":"EUR","DisplayAmount":"9,89 €"}}]}},{"ASIN":"B08B4GZCMX","DetailPageURL":"https://www.amazon.es/dp/B08B4GZCMX?tag=topinalambricos-21&linkCode=osi&th=1&psc=1","Images":{"Primary":{"Small":{"Height":75,"URL":"https://m.media-amazon.com/images/I/6141IhLrx2L._SL75_.jpg","Width":75}}},"ItemInfo":{"ByLineInfo":{"Brand":{"DisplayValue":"Craftdady","Label":"Brand","Locale":"es_ES"},"Manufacturer":{"DisplayValue":"Craftdady","Label":"Manufacturer","Locale":"es_ES"}},"Title":{"DisplayValue":"Craftdady 100 tapas de extremo de cordón de plata envejecida, 10 estilos, pegamento de metal tibetano vinatge en cuero engarzado terminator extremidades para hacer joyas de borla","Label":"Title","Locale":"es_ES"}},"Offers":{"Summaries":[{"Condition":{"Value":"New"},"LowestPrice":{"Amount":16.99,"Currency":"EUR","DisplayAmount":"16,99 €"}}]}}],"SearchURL":"https://www.amazon.es/s?k=cordones+colgantes+cuero&rh=n%3A4358140031%2Cp_n_availability%3A-1&tag=topinalambricos-21&linkCode=osi","TotalResultCount":115}},"120":{"SearchResult":{"Items":[{"ASIN":"B07VRNBHX5","DetailPageURL":"https://www.amazon.es/dp/B07VRNBHX5?tag=topinalambricos-21&linkCode=osi&th=1&psc=1","Images":{"Primary":{"Small":{"Height":75,"URL":"https://m.media-amazon.com/images/I/51S0b8Jwj7L._SL75_.jpg","Width":75}}},"ItemInfo":{"ByLineInfo":{"Brand":{"DisplayValue":"Artibetter","Label":"Brand","Locale":"es_ES"},"Manufacturer":{"DisplayValue":"Artibetter","Label":"Manufacturer","Locale":"es_ES"}},"Title":{"DisplayValue":"Artibetter Terminales del cordón de los casquillos de extremo del barril 100pcs para la fabricación de la joyería del cordón de cuero","Label":"Title","Locale":"es_ES"}},"Offers":{"Summaries":[{"Condition":{"Value":"New"},"LowestPrice":{"Amount":10.31,"Currency":"EUR","DisplayAmount":"10,31 €"}}]}},{"ASIN":"B0B6Q194T5","DetailPageURL":"https://www.amazon.es/dp/B0B6Q194T5?tag=topinalambricos-21&linkCode=osi&th=1&psc=1","Images":{"Primary":{"Small":{"Height":75,"URL":"https://m.media-amazon.com/images/I/516XvONYo3L._SL75_.jpg","Width":75}}},"ItemInfo":{"ByLineInfo":{"Brand":{"DisplayValue":"HOSD","Label":"Brand","Locale":"es_ES"},"Manufacturer":{"DisplayValue":"asdasdHOSD","Label":"Manufacturer","Locale":"es_ES"}},"Title":{"DisplayValue":"HOSD como 50 PCS Joyas Que Hace Grandes Perlas de Metal de Agujero encantos Handcrafts Spacer Beads European Beads Suelta Espaciador para Bricolaje Pulsera D715 (Color : 8YY605497-B)","Label":"Title","Locale":"es_ES"}},"Offers":{"Summaries":[{"Condition":{"Value":"New"},"LowestPrice":{"Amount":42.87,"Currency":"EUR","DisplayAmount":"42,87 €"}}]}}],"SearchURL":"https://www.amazon.es/s?k=cordones+tiras+pulseras+cuero&rh=n%3A4358140031%2Cp_n_availability%3A-1&tag=topinalambricos-21&linkCode=osi","TotalResultCount":2}},"121":{"SearchResult":{"Items":[{"ASIN":"B0993DR58H","DetailPageURL":"https://www.amazon.es/dp/B0993DR58H?tag=topinalambricos-21&linkCode=osi&th=1&psc=1","Images":{"Primary":{"Small":{"Height":75,"URL":"https://m.media-amazon.com/images/I/41b6Qj6SvAS._SL75_.jpg","Width":75}}},"ItemInfo":{"ByLineInfo":{"Brand":{"DisplayValue":"GORGECRAFT","Label":"Brand","Locale":"es_ES"},"Manufacturer":{"DisplayValue":"GORGECRAFT","Label":"Manufacturer","Locale":"es_ES"}},"Title":{"DisplayValue":"GORGECRAFT Tiras de Correas de Cuero de 2 Pulgada de Ancho Cordón Plano de Bricolaje Correa de Cuero de 78 Pulgadas de Largo para Hacer Correa de Bolso Cinturón de Cuero Asas de Muebles Blanco","Label":"Title","Locale":"es_ES"}},"Offers":{"Summaries":[{"Condition":{"Value":"New"},"LowestPrice":{"Amount":15.99,"Currency":"EUR","DisplayAmount":"15,99 €"}}]}},{"ASIN":"B09XDYLRPM","DetailPageURL":"https://www.amazon.es/dp/B09XDYLRPM?tag=topinalambricos-21&linkCode=osi&th=1&psc=1","Images":{"Primary":{"Small":{"Height":75,"URL":"https://m.media-amazon.com/images/I/31S06k2YpTL._SL75_.jpg","Width":75}}},"ItemInfo":{"ByLineInfo":{"Brand":{"DisplayValue":"Tiiyee","Label":"Brand","Locale":"es_ES"},"Manufacturer":{"DisplayValue":"Tiiyee","Label":"Manufacturer","Locale":"es_ES"}},"Title":{"DisplayValue":"Cortador de Cuero de Madera Ajustable, Herramientas Profesionales para Peletería, Cinturón de Tira de Cuero, Artesanal con Accesorio con Calibre con 5 Cuchillas Cortar a Mano Color de Original","Label":"Title","Locale":"es_ES"}},"Offers":{"Summaries":[{"Condition":{"Value":"New"},"LowestPrice":{"Amount":20.79,"Currency":"EUR","DisplayAmount":"20,79 €"}}]}},{"ASIN":"B0B1CTTH16","DetailPageURL":"https://www.amazon.es/dp/B0B1CTTH16?tag=topinalambricos-21&linkCode=osi&th=1&psc=1","Images":{"Primary":{"Small":{"Height":75,"URL":"https://m.media-amazon.com/images/I/51snrdi1jfL._SL75_.jpg","Width":75}}},"ItemInfo":{"ByLineInfo":{"Brand":{"DisplayValue":"GORGECRAFT","Label":"Brand","Locale":"es_ES"},"Manufacturer":{"DisplayValue":"GORGECRAFT","Label":"Manufacturer","Locale":"es_ES"}},"Title":{"DisplayValue":"GORGECRAFT Tira de Correa de Cuero Marrón Oscuro de 1 pulgada de Ancho Y 79 pulgadas de Largo Tiras de Cinturón de Cuero Envoltura de Un Solo Lado Cordón Plano para Bricolaje Proyectos de Manualidades","Label":"Title","Locale":"es_ES"}},"Offers":{"Summaries":[{"Condition":{"Value":"New"},"LowestPrice":{"Amount":13.19,"Currency":"EUR","DisplayAmount":"13,19 €"}}]}},{"ASIN":"B0B1CVV4ZP","DetailPageURL":"https://www.amazon.es/dp/B0B1CVV4ZP?tag=topinalambricos-21&linkCode=osi&th=1&psc=1","Images":{"Primary":{"Small":{"Height":75,"URL":"https://m.media-amazon.com/images/I/51Biv-Lgi6L._SL75_.jpg","Width":75}}},"ItemInfo":{"ByLineInfo":{"Brand":{"DisplayValue":"GORGECRAFT","Label":"Brand","Locale":"es_ES"},"Manufacturer":{"DisplayValue":"GORGECRAFT","Label":"Manufacturer","Locale":"es_ES"}},"Title":{"DisplayValue":"GORGECRAFT Correa de Cuero Negro de 0.5 Pulgada de Ancho Y 79 Pulgadas de Largo Patrón de Lichi Tiras de Cinturón de Cuero Envoltura Cordón Plano de Un Solo Lado para Proyectos de Manualidades","Label":"Title","Locale":"es_ES"}},"Offers":{"Summaries":[{"Condition":{"Value":"New"},"LowestPrice":{"Amount":9.89,"Currency":"EUR","DisplayAmount":"9,89 €"}}]}},{"ASIN":"B0BR3WXVXF","DetailPageURL":"https://www.amazon.es/dp/B0BR3WXVXF?tag=topinalambricos-21&linkCode=osi&th=1&psc=1","Images":{"Primary":{"Small":{"Height":75,"URL":"https://m.media-amazon.com/images/I/51aLbdXKJ-L._SL75_.jpg","Width":75}}},"ItemInfo":{"ByLineInfo":{"Brand":{"DisplayValue":"GORGECRAFT","Label":"Brand","Locale":"es_ES"},"Manufacturer":{"DisplayValue":"GORGECRAFT","Label":"Manufacturer","Locale":"es_ES"}},"Title":{"DisplayValue":"GORGECRAFT Correa de Cuero Mate de 0.5 Pulgada de Ancho Y 79 Pulgadas de Largo, Tiras de Cinturón de Cuero Planas Marrones para Manualidades, Ropa, Envoltorios de Joyas, Bolsos, Manijas de Muebles","Label":"Title","Locale":"es_ES"}},"Offers":{"Summaries":[{"Condition":{"Value":"New"},"LowestPrice":{"Amount":5.79,"Currency":"EUR","DisplayAmount":"5,79 €"}}]}},{"ASIN":"B0B3D6NW6C","DetailPageURL":"https://www.amazon.es/dp/B0B3D6NW6C?tag=topinalambricos-21&linkCode=osi&th=1&psc=1","Images":{"Primary":{"Small":{"Height":75,"URL":"https://m.media-amazon.com/images/I/51xMGSBcp7L._SL75_.jpg","Width":75}}},"ItemInfo":{"ByLineInfo":{"Brand":{"DisplayValue":"GORGECRAFT","Label":"Brand","Locale":"es_ES"},"Manufacturer":{"DisplayValue":"GORGECRAFT","Label":"Manufacturer","Locale":"es_ES"}},"Title":{"DisplayValue":"GORGECRAFT Correa de Tira de Piel de Doble Cara Negra de 118 Pulgada, 1.18 Pulgadas de Ancho, Correa de Piel Lisa, Cordón Plano para Proyectos de Manualidades, Fabricación de Ropa, Cinturones","Label":"Title","Locale":"es_ES"}},"Offers":{"Summaries":[{"Condition":{"Value":"New"},"LowestPrice":{"Amount":12.19,"Currency":"EUR","DisplayAmount":"12,19 €"}}]}},{"ASIN":"B0B1CVXC93","DetailPageURL":"https://www.amazon.es/dp/B0B1CVXC93?tag=topinalambricos-21&linkCode=osi&th=1&psc=1","Images":{"Primary":{"Small":{"Height":75,"URL":"https://m.media-amazon.com/images/I/51FPmfu1M8L._SL75_.jpg","Width":75}}},"ItemInfo":{"ByLineInfo":{"Brand":{"DisplayValue":"GORGECRAFT","Label":"Brand","Locale":"es_ES"},"Manufacturer":{"DisplayValue":"GORGECRAFT","Label":"Manufacturer","Locale":"es_ES"}},"Title":{"DisplayValue":"GORGECRAFT Tira de Correa de Cuero Marrón Oscuro 1 Pulgada de Ancho 79 Pulgadas de Largo Cinturón de Cuero Envoltura de Un Solo Lado Cordón Plano para Bricolaje Proyectos de Manualidades Envoltura","Label":"Title","Locale":"es_ES"}},"Offers":{"Summaries":[{"Condition":{"Value":"New"},"LowestPrice":{"Amount":13.19,"Currency":"EUR","DisplayAmount":"13,19 €"}}]}},{"ASIN":"B08Q74Y7LC","DetailPageURL":"https://www.amazon.es/dp/B08Q74Y7LC?tag=topinalambricos-21&linkCode=osi&th=1&psc=1","Images":{"Primary":{"Small":{"Height":75,"URL":"https://m.media-amazon.com/images/I/31W1gcP6jnL._SL75_.jpg","Width":75}}},"ItemInfo":{"ByLineInfo":{"Brand":{"DisplayValue":"Fdit","Label":"Brand","Locale":"es_ES"},"Manufacturer":{"DisplayValue":"Fdit","Label":"Manufacturer","Locale":"es_ES"}},"Title":{"DisplayValue":"Herramienta de corte de tiras de cuero de mano para corte de cinturón Mini máquina de corte manual para accesorios de corte manual de dedo de cinturón","Label":"Title","Locale":"es_ES"}},"Offers":{"Summaries":[{"Condition":{"Value":"New"},"LowestPrice":{"Amount":14.43,"Currency":"EUR","DisplayAmount":"14,43 €"}}]}},{"ASIN":"B07YZFNRSC","DetailPageURL":"https://www.amazon.es/dp/B07YZFNRSC?tag=topinalambricos-21&linkCode=osi&th=1&psc=1","Images":{"Primary":{"Small":{"Height":75,"URL":"https://m.media-amazon.com/images/I/41qE3bJDhbL._SL75_.jpg","Width":75}}},"ItemInfo":{"ByLineInfo":{"Brand":{"DisplayValue":"Hztyyier","Label":"Brand","Locale":"es_ES"}},"Title":{"DisplayValue":"Cortador de correa de cuero de bricolaje herramientas para cuero Cordón Cordón de encaje Fabricante de tiras Cortador de alambre de corte giratorio para cinturón de tiras cortador de tiras para cuero","Label":"Title","Locale":"es_ES"}},"Offers":{"Summaries":[{"Condition":{"Value":"New"},"LowestPrice":{"Amount":13.99,"Currency":"EUR","DisplayAmount":"13,99 €"}}]}},{"ASIN":"B08NCZGM8B","DetailPageURL":"https://www.amazon.es/dp/B08NCZGM8B?tag=topinalambricos-21&linkCode=osi&th=1&psc=1","Images":{"Primary":{"Small":{"Height":75,"URL":"https://m.media-amazon.com/images/I/41kM6+jLGCL._SL75_.jpg","Width":75}}},"ItemInfo":{"ByLineInfo":{"Brand":{"DisplayValue":"tooloflife","Label":"Brand","Locale":"es_ES"},"Manufacturer":{"DisplayValue":"tooloflife","Label":"Manufacturer","Locale":"es_ES"}},"Title":{"DisplayValue":"Tira de Correa de Cuero de 2 m x 1,5 cm Multiusos para Manualidades, Bolsos, proyectos de joyería Artesanal, Cinturones, Detalles de Ropa, estantes de Pared DIY 2 Rollos, Rojo","Label":"Title","Locale":"es_ES"}},"Offers":{"Summaries":[{"Condition":{"Value":"New"},"LowestPrice":{"Amount":12.69,"Currency":"EUR","DisplayAmount":"12,69 €"}}]}}],"SearchURL":"https://www.amazon.es/s?k=tiras+cinturones&rh=n%3A4358254031%2Cp_n_availability%3A-1&tag=topinalambricos-21&linkCode=osi","TotalResultCount":290}},"122":{"SearchResult":{"Items":[{"ASIN":"B08GRG683J","DetailPageURL":"https://www.amazon.es/dp/B08GRG683J?tag=topinalambricos-21&linkCode=osi&th=1&psc=1","Images":{"Primary":{"Small":{"Height":75,"URL":"https://m.media-amazon.com/images/I/51gwqZWfjzL._SL75_.jpg","Width":75}}},"ItemInfo":{"ByLineInfo":{"Brand":{"DisplayValue":"PandaHall","Label":"Brand","Locale":"es_ES"},"Manufacturer":{"DisplayValue":"PandaHall","Label":"Manufacturer","Locale":"es_ES"}},"Title":{"DisplayValue":"PandaHall Cordón de cuero trenzado de 4 metros de 5 mm, color negro, redondo, para hacer pulseras, collares, joyas","Label":"Title","Locale":"es_ES"}},"Offers":{"Summaries":[{"Condition":{"Value":"New"},"LowestPrice":{"Amount":13.99,"Currency":"EUR","DisplayAmount":"13,99 €"}}]}},{"ASIN":"B09MFMG2TH","DetailPageURL":"https://www.amazon.es/dp/B09MFMG2TH?tag=topinalambricos-21&linkCode=osi&th=1&psc=1","Images":{"Primary":{"Small":{"Height":75,"URL":"https://m.media-amazon.com/images/I/51z9a+j6hDL._SL75_.jpg","Width":75}}},"ItemInfo":{"ByLineInfo":{"Brand":{"DisplayValue":"UYST","Label":"Brand","Locale":"es_ES"},"Manufacturer":{"DisplayValue":"UYST","Label":"Manufacturer","Locale":"es_ES"}},"Title":{"DisplayValue":"10m Cordón de Cuero Trenzado Cordones de Cuero Redondos Cuero para Pulsera Collar Ancho 3 mm para Envolver Regalos Hacer Joyas Collar de Cuentas Brazalete Manualidades de Bricolaje Negro marrón","Label":"Title","Locale":"es_ES"}},"Offers":{"Summaries":[{"Condition":{"Value":"New"},"LowestPrice":{"Amount":11.99,"Currency":"EUR","DisplayAmount":"11,99 € (6,00 € / unidad)","PricePerUnit":6.0}}]}},{"ASIN":"B01NALB40V","DetailPageURL":"https://www.amazon.es/dp/B01NALB40V?tag=topinalambricos-21&linkCode=osi&th=1&psc=1","Images":{"Primary":{"Small":{"Height":56,"URL":"https://m.media-amazon.com/images/I/51D+oVL6srL._SL75_.jpg","Width":75}}},"ItemInfo":{"ByLineInfo":{"Brand":{"DisplayValue":"esnado","Label":"Brand","Locale":"es_ES"},"Manufacturer":{"DisplayValue":"esnado","Label":"Manufacturer","Locale":"es_ES"}},"Title":{"DisplayValue":"esnado Cuerda de piel redonda trenzada, 4 mm, color marrón oscuro, 3 m, longitud a elegir","Label":"Title","Locale":"es_ES"}},"Offers":{"Summaries":[{"Condition":{"Value":"New"},"LowestPrice":{"Amount":9.25,"Currency":"EUR","DisplayAmount":"9,25 €"}}]}},{"ASIN":"B0925LSD7V","DetailPageURL":"https://www.amazon.es/dp/B0925LSD7V?tag=topinalambricos-21&linkCode=osi&th=1&psc=1","Images":{"Primary":{"Small":{"Height":75,"URL":"https://m.media-amazon.com/images/I/51llNhjKMyL._SL75_.jpg","Width":75}}},"ItemInfo":{"ByLineInfo":{"Brand":{"DisplayValue":"Aprilye","Label":"Brand","Locale":"es_ES"},"Manufacturer":{"DisplayValue":"Aprilye","Label":"Manufacturer","Locale":"es_ES"}},"Title":{"DisplayValue":"7 Piezas Cuerda de Cuero Gamuza de 2 mm x 5 m, Cordón de Cuero Trenzado con 100 Clips para la Fabricación de Joyas de Collar de Bricolaje - 7 Colores","Label":"Title","Locale":"es_ES"}},"Offers":{"Summaries":[{"Condition":{"Value":"New"},"LowestPrice":{"Amount":9.99,"Currency":"EUR","DisplayAmount":"9,99 € (1,43 € / unidad)","PricePerUnit":1.43}}]}},{"ASIN":"B01ICVHMH2","DetailPageURL":"https://www.amazon.es/dp/B01ICVHMH2?tag=topinalambricos-21&linkCode=osi&th=1&psc=1","Images":{"Primary":{"Small":{"Height":75,"URL":"https://m.media-amazon.com/images/I/51W9faTAVBL._SL75_.jpg","Width":75}}},"ItemInfo":{"ByLineInfo":{"Brand":{"DisplayValue":"PH PandaHall","Label":"Brand","Locale":"es_ES"},"Manufacturer":{"DisplayValue":"PandaHall","Label":"Manufacturer","Locale":"es_ES"}},"Title":{"DisplayValue":"PandaHall Elite Precio por 1 Bolsa Cordon de Cuero Trenzado de Reborn, Negro, 3mm","Label":"Title","Locale":"es_ES"}},"Offers":{"Summaries":[{"Condition":{"Value":"New"},"LowestPrice":{"Amount":12.89,"Currency":"EUR","DisplayAmount":"12,89 €"}}]}},{"ASIN":"B09LQ8T3KY","DetailPageURL":"https://www.amazon.es/dp/B09LQ8T3KY?tag=topinalambricos-21&linkCode=osi&th=1&psc=1","Images":{"Primary":{"Small":{"Height":75,"URL":"https://m.media-amazon.com/images/I/51gS2lY8lFL._SL75_.jpg","Width":75}}},"ItemInfo":{"ByLineInfo":{"Brand":{"DisplayValue":"HHEETTT","Label":"Brand","Locale":"es_ES"},"Manufacturer":{"DisplayValue":"HHEETTT","Label":"Manufacturer","Locale":"es_ES"}},"Title":{"DisplayValue":"Cordón De Cuero Trenzado Cuero Para Pulseras Tiras De Cuero Cordón De Collar Para Pulsera 7 Colores 7 Piezas De Hilo De Cinta Para Manualidades De Joyería De Collar De Pulsera De Bricolaje, 5 M X 3 Mm","Label":"Title","Locale":"es_ES"}},"Offers":{"Summaries":[{"Condition":{"Value":"New"},"LowestPrice":{"Amount":13.99,"Currency":"EUR","DisplayAmount":"13,99 € (0,40 € / metro)","PricePerUnit":0.4}}]}},{"ASIN":"B08TW8WZ9B","DetailPageURL":"https://www.amazon.es/dp/B08TW8WZ9B?tag=topinalambricos-21&linkCode=osi&th=1&psc=1","Images":{"Primary":{"Small":{"Height":75,"URL":"https://m.media-amazon.com/images/I/51CYYAM+ruL._SL75_.jpg","Width":75}}},"ItemInfo":{"ByLineInfo":{"Brand":{"DisplayValue":"FLOFIA","Label":"Brand","Locale":"es_ES"},"Manufacturer":{"DisplayValue":"FLOFIA","Label":"Manufacturer","Locale":"es_ES"}},"Title":{"DisplayValue":"FLOFIA 3mm*20m Cordón de Cuero Plano 4 Colores, Banda Cintas de Cuero Leather Cord Tira Cuero para Colgante Pulsera Collar Manualidades Colores Mixtos","Label":"Title","Locale":"es_ES"}},"Offers":{"Summaries":[{"Condition":{"Value":"New"},"LowestPrice":{"Amount":12.99,"Currency":"EUR","DisplayAmount":"12,99 €"}}]}},{"ASIN":"B07JJT6R84","DetailPageURL":"https://www.amazon.es/dp/B07JJT6R84?tag=topinalambricos-21&linkCode=osi&th=1&psc=1","Images":{"Primary":{"Small":{"Height":75,"URL":"https://m.media-amazon.com/images/I/51hkddfKTJL._SL75_.jpg","Width":75}}},"ItemInfo":{"ByLineInfo":{"Brand":{"DisplayValue":"Perlin","Label":"Brand","Locale":"es_ES"},"Manufacturer":{"DisplayValue":"Perlin","Label":"Manufacturer","Locale":"es_ES"}},"Title":{"DisplayValue":"Perlin C62 - Collar de cuero trenzado, 10 unidades, con cierre de mosquetón y cadena de extensión, para adornos y manualidades, fabricación de joyas","Label":"Title","Locale":"es_ES"}},"Offers":{"Summaries":[{"Condition":{"Value":"New"},"LowestPrice":{"Amount":11.58,"Currency":"EUR","DisplayAmount":"11,58 €"}}]}},{"ASIN":"B078K7J2LW","DetailPageURL":"https://www.amazon.es/dp/B078K7J2LW?tag=topinalambricos-21&linkCode=osi&th=1&psc=1","Images":{"Primary":{"Small":{"Height":75,"URL":"https://m.media-amazon.com/images/I/51vlXbAkuAL._SL75_.jpg","Width":75}}},"ItemInfo":{"ByLineInfo":{"Brand":{"DisplayValue":"rosenice","Label":"Brand","Locale":"es_ES"},"Manufacturer":{"DisplayValue":"ROSENICE","Label":"Manufacturer","Locale":"es_ES"}},"Title":{"DisplayValue":"rosenice Cordón de cuero trenzado de 3 mm para pulseras, joyas, manualidades, 2 metros (marrón oscuro)","Label":"Title","Locale":"es_ES"}},"Offers":{"Summaries":[{"Condition":{"Value":"New"},"LowestPrice":{"Amount":10.99,"Currency":"EUR","DisplayAmount":"10,99 €"}}]}},{"ASIN":"B01ICVHLZA","DetailPageURL":"https://www.amazon.es/dp/B01ICVHLZA?tag=topinalambricos-21&linkCode=osi&th=1&psc=1","Images":{"Primary":{"Small":{"Height":75,"URL":"https://m.media-amazon.com/images/I/51FEWx11rKL._SL75_.jpg","Width":75}}},"ItemInfo":{"ByLineInfo":{"Brand":{"DisplayValue":"PH PandaHall","Label":"Brand","Locale":"es_ES"},"Manufacturer":{"DisplayValue":"PandaHall","Label":"Manufacturer","Locale":"es_ES"}},"Title":{"DisplayValue":"PandaHall Elite Precio por 1 Bolsa Cuerda Trenzada de Cuero Genuino, Negro, 6mm","Label":"Title","Locale":"es_ES"}},"Offers":{"Summaries":[{"Condition":{"Value":"New"},"LowestPrice":{"Amount":12.19,"Currency":"EUR","DisplayAmount":"12,19 €"}}]}}],"SearchURL":"https://www.amazon.es/s?k=trenza+cuero&rh=p_n_availability%3A-1&tag=topinalambricos-21&linkCode=osi","TotalResultCount":306}},"124":{"SearchResult":{"Items":[{"ASIN":"B09QMDKZKP","DetailPageURL":"https://www.amazon.es/dp/B09QMDKZKP?tag=topinalambricos-21&linkCode=osi&th=1&psc=1","Images":{"Primary":{"Small":{"Height":75,"URL":"https://m.media-amazon.com/images/I/41FlgPdyeXL._SL75_.jpg","Width":75}}},"ItemInfo":{"ByLineInfo":{"Brand":{"DisplayValue":"Jadive","Label":"Brand","Locale":"es_ES"},"Manufacturer":{"DisplayValue":"Jadive","Label":"Manufacturer","Locale":"es_ES"}},"Title":{"DisplayValue":"3 Cadenas de Cuero Cordón Trenzado de Colgante Negro Collar de Cuero Falso con Cierre de Acero Inoxidable Collar Básico Personalizable para Regalo Hombre San Valentín con Bolsa Terciopelo","Label":"Title","Locale":"es_ES"}},"Offers":{"Summaries":[{"Condition":{"Value":"New"},"LowestPrice":{"Amount":10.99,"Currency":"EUR","DisplayAmount":"10,99 €"}}]}},{"ASIN":"B00EE6I9WM","DetailPageURL":"https://www.amazon.es/dp/B00EE6I9WM?tag=topinalambricos-21&linkCode=osi&th=1&psc=1","Images":{"Primary":{"Small":{"Height":75,"URL":"https://m.media-amazon.com/images/I/312KVHuebVL._SL75_.jpg","Width":47}}},"ItemInfo":{"ByLineInfo":{"Brand":{"DisplayValue":"Fossil","Label":"Brand","Locale":"es_ES"},"Contributors":[{"Locale":"es_ES","Name":"Fossil","Role":"Diseñador","RoleType":"designer"}],"Manufacturer":{"DisplayValue":"Fossil","Label":"Manufacturer","Locale":"es_ES"}},"Title":{"DisplayValue":"Fossil, Collar de cuero y acero inoxidable, para Hombre","Label":"Title","Locale":"es_ES"}},"Offers":{"Summaries":[{"Condition":{"Value":"New"},"LowestPrice":{"Amount":34.75,"Currency":"EUR","DisplayAmount":"34,75 €"}}]}},{"ASIN":"B07V5GV6FS","DetailPageURL":"https://www.amazon.es/dp/B07V5GV6FS?tag=topinalambricos-21&linkCode=osi&th=1&psc=1","Images":{"Primary":{"Small":{"Height":75,"URL":"https://m.media-amazon.com/images/I/31y3iMZ+LnL._SL75_.jpg","Width":75}}},"ItemInfo":{"ByLineInfo":{"Brand":{"DisplayValue":"COAI","Label":"Brand","Locale":"es_ES"},"Manufacturer":{"DisplayValue":"COAI","Label":"Manufacturer","Locale":"es_ES"}},"Title":{"DisplayValue":"COAI Collar de Cuero Negro Genuino con Colgante Cruz de Obsidiana Negra Piedra Natural para Hombre","Label":"Title","Locale":"es_ES"}},"Offers":{"Summaries":[{"Condition":{"Value":"New"},"LowestPrice":{"Amount":25.3,"Currency":"EUR","DisplayAmount":"25,30 €"}}]}},{"ASIN":"B07Z5S2KZV","DetailPageURL":"https://www.amazon.es/dp/B07Z5S2KZV?tag=topinalambricos-21&linkCode=osi&th=1&psc=1","Images":{"Primary":{"Small":{"Height":75,"URL":"https://m.media-amazon.com/images/I/412h-04JMeL._SL75_.jpg","Width":75}}},"ItemInfo":{"ByLineInfo":{"Brand":{"DisplayValue":"CUOKA MIRACLE","Label":"Brand","Locale":"es_ES"},"Manufacturer":{"DisplayValue":"CUOKA MIRACLE","Label":"Manufacturer","Locale":"es_ES"}},"Title":{"DisplayValue":"Collar con Colgante Nudo Celta de plata de ley 925 para hombres y mujeres, Collar con cordón de cuero negro con Colgante de Nudo Celta Irlandés para Amuleto Eterno e Infinito (Nudo Celta -1)","Label":"Title","Locale":"es_ES"}},"Offers":{"Summaries":[{"Condition":{"Value":"New"},"LowestPrice":{"Amount":30.99,"Currency":"EUR","DisplayAmount":"30,99 €"}}]}},{"ASIN":"B00591HCEW","DetailPageURL":"https://www.amazon.es/dp/B00591HCEW?tag=topinalambricos-21&linkCode=osi&th=1&psc=1","Images":{"Primary":{"Small":{"Height":56,"URL":"https://m.media-amazon.com/images/I/31OPllIckEL._SL75_.jpg","Width":75}}},"ItemInfo":{"ByLineInfo":{"Brand":{"DisplayValue":"LOTUS STYLE","Label":"Brand","Locale":"es_ES"},"Contributors":[{"Locale":"es_ES","Name":"LOTUS Style","Role":"Diseñador","RoleType":"designer"}],"Manufacturer":{"DisplayValue":"Festina Lotus SA.","Label":"Manufacturer","Locale":"es_ES"}},"Title":{"DisplayValue":"LOTUS STYLE Collar LS1316-1/2 Men In Black Acero inoxidable 316l 500.00 mm Hombre","Label":"Title","Locale":"es_ES"}},"Offers":{"Summaries":[{"Condition":{"Value":"New"},"LowestPrice":{"Amount":34.0,"Currency":"EUR","DisplayAmount":"34,00 €"}}]}},{"ASIN":"B0B2L9GP3G","DetailPageURL":"https://www.amazon.es/dp/B0B2L9GP3G?tag=topinalambricos-21&linkCode=osi&th=1&psc=1","Images":{"Primary":{"Small":{"Height":42,"URL":"https://m.media-amazon.com/images/I/317gExtloYL._SL75_.jpg","Width":75}}},"ItemInfo":{"ByLineInfo":{"Brand":{"DisplayValue":"Générique","Label":"Brand","Locale":"es_ES"},"Manufacturer":{"DisplayValue":"Generic","Label":"Manufacturer","Locale":"es_ES"}},"Title":{"DisplayValue":"Collar de cadena de cordón de cuero negro para hombres y mujeres con collar de cordón de piel con cierre de plata de ley 925, Negro,Plata","Label":"Title","Locale":"es_ES"}},"Offers":{"Summaries":[{"Condition":{"Value":"New"},"LowestPrice":{"Amount":3.96,"Currency":"EUR","DisplayAmount":"3,96 €"}}]}},{"ASIN":"B01M6CMB8L","DetailPageURL":"https://www.amazon.es/dp/B01M6CMB8L?tag=topinalambricos-21&linkCode=osi&th=1&psc=1","Images":{"Primary":{"Small":{"Height":75,"URL":"https://m.media-amazon.com/images/I/418NVUaHVIL._SL75_.jpg","Width":75}}},"ItemInfo":{"ByLineInfo":{"Brand":{"DisplayValue":"COOLSTEELANDBEYOND","Label":"Brand","Locale":"es_ES"},"Manufacturer":{"DisplayValue":"COOLSTEELANDBEYOND","Label":"Manufacturer","Locale":"es_ES"}},"Title":{"DisplayValue":"COOLSTEELANDBEYOND Estilo Retro, Pluma Collar con Colgante de Hombre Mujer, con Cordón de Marrón Cuero Ajustable","Label":"Title","Locale":"es_ES"}},"Offers":{"Summaries":[{"Condition":{"Value":"New"},"LowestPrice":{"Amount":16.99,"Currency":"EUR","DisplayAmount":"16,99 €"}}]}},{"ASIN":"B004RMGER0","DetailPageURL":"https://www.amazon.es/dp/B004RMGER0?tag=topinalambricos-21&linkCode=osi&th=1&psc=1","Images":{"Primary":{"Small":{"Height":75,"URL":"https://m.media-amazon.com/images/I/41Q+nqttO0L._SL75_.jpg","Width":75}}},"ItemInfo":{"ByLineInfo":{"Brand":{"DisplayValue":"Fossil","Label":"Brand","Locale":"es_ES"},"Manufacturer":{"DisplayValue":"FOYBT","Label":"Manufacturer","Locale":"es_ES"}},"Title":{"DisplayValue":"Fossil Vintage Casual Collar de hombre en Cuero y Acero Inoxidable, JF85832040","Label":"Title","Locale":"es_ES"}},"Offers":{"Summaries":[{"Condition":{"Value":"New"},"LowestPrice":{"Amount":31.99,"Currency":"EUR","DisplayAmount":"31,99 €"}}]}},{"ASIN":"B07Q347PZG","DetailPageURL":"https://www.amazon.es/dp/B07Q347PZG?tag=topinalambricos-21&linkCode=osi&th=1&psc=1","Images":{"Primary":{"Small":{"Height":75,"URL":"https://m.media-amazon.com/images/I/41wHxqk2wkL._SL75_.jpg","Width":75}}},"ItemInfo":{"ByLineInfo":{"Brand":{"DisplayValue":"COOLSTEELANDBEYOND","Label":"Brand","Locale":"es_ES"},"Manufacturer":{"DisplayValue":"COOLSTEELANDBEYOND","Label":"Manufacturer","Locale":"es_ES"}},"Title":{"DisplayValue":"COOLSTEELANDBEYOND Bronce Cruz Círculo Cuerno Colgante Colmillo Colgante, Hombre Mujer Collar con Colgante Ajustable Marrón Cordón de Cuero","Label":"Title","Locale":"es_ES"}},"Offers":{"Summaries":[{"Condition":{"Value":"New"},"LowestPrice":{"Amount":13.99,"Currency":"EUR","DisplayAmount":"13,99 €"}}]}},{"ASIN":"B0BLP1QB18","DetailPageURL":"https://www.amazon.es/dp/B0BLP1QB18?tag=topinalambricos-21&linkCode=osi&th=1&psc=1","Images":{"Primary":{"Small":{"Height":75,"URL":"https://m.media-amazon.com/images/I/51kNq7ZvgGL._SL75_.jpg","Width":75}}},"ItemInfo":{"ByLineInfo":{"Brand":{"DisplayValue":"GNAUMORE","Label":"Brand","Locale":"es_ES"},"Manufacturer":{"DisplayValue":"GNAUMORE","Label":"Manufacturer","Locale":"es_ES"}},"Title":{"DisplayValue":"Collar de Cordón para Hombre,Collar de Cordón para Hombre Cadena de Cuero,Collar de Cuero Negro de 2mm para Mujer y Hombre,Collar Genuino de cordón de Cuero, 2mm Grosor 45cm ,60cm Largo [Marrón]","Label":"Title","Locale":"es_ES"}},"Offers":{"Summaries":[{"Condition":{"Value":"New"},"LowestPrice":{"Amount":3.99,"Currency":"EUR","DisplayAmount":"3,99 €"}}]}}],"SearchURL":"https://www.amazon.es/s?k=colgante+cuero&rh=n%3A10440411031%2Cp_n_availability%3A-1&tag=topinalambricos-21&linkCode=osi","TotalResultCount":1000}},"125":{"SearchResult":{"Items":[{"ASIN":"B07F2D98GB","DetailPageURL":"https://www.amazon.es/dp/B07F2D98GB?tag=topinalambricos-21&linkCode=osi&th=1&psc=1","Images":{"Primary":{"Small":{"Height":75,"URL":"https://m.media-amazon.com/images/I/31vlaXpRl0L._SL75_.jpg","Width":75}}},"ItemInfo":{"ByLineInfo":{"Brand":{"DisplayValue":"TOUS","Label":"Brand","Locale":"es_ES"},"Manufacturer":{"DisplayValue":"TOUS","Label":"Manufacturer","Locale":"es_ES"}},"Title":{"DisplayValue":"TOUS Gargantilla de Cuero para Mujer con Cierre en Plata de Primera Ley, 40 cm de Largo, Versátil y Clásica, Colección Chokers","Label":"Title","Locale":"es_ES"}},"Offers":{"Summaries":[{"Condition":{"Value":"New"},"LowestPrice":{"Amount":25.0,"Currency":"EUR","DisplayAmount":"25,00 €"}}]}},{"ASIN":"B0B5V6ZYHW","DetailPageURL":"https://www.amazon.es/dp/B0B5V6ZYHW?tag=topinalambricos-21&linkCode=osi&th=1&psc=1","Images":{"Primary":{"Small":{"Height":75,"URL":"https://m.media-amazon.com/images/I/4146im4JMPL._SL75_.jpg","Width":75}}},"ItemInfo":{"ByLineInfo":{"Brand":{"DisplayValue":"GNAUMORE","Label":"Brand","Locale":"es_ES"},"Manufacturer":{"DisplayValue":"GNAUMORE","Label":"Manufacturer","Locale":"es_ES"}},"Title":{"DisplayValue":"GNAUMORE Collar de cordón de Cuero con Cierre de Plata de,Collar de Cordón Encerado con Broche,Collar Negro Cordón,para Collar Pulsera Fabricación de Joyas","Label":"Title","Locale":"es_ES"}},"Offers":{"Summaries":[{"Condition":{"Value":"New"},"LowestPrice":{"Amount":5.99,"Currency":"EUR","DisplayAmount":"5,99 €"}}]}},{"ASIN":"B0B6PDCF8T","DetailPageURL":"https://www.amazon.es/dp/B0B6PDCF8T?tag=topinalambricos-21&linkCode=osi&th=1&psc=1","Images":{"Primary":{"Small":{"Height":75,"URL":"https://m.media-amazon.com/images/I/415oLlSyZuL._SL75_.jpg","Width":75}}},"ItemInfo":{"ByLineInfo":{"Brand":{"DisplayValue":"MILACOLATO","Label":"Brand","Locale":"es_ES"},"Manufacturer":{"DisplayValue":"MILACOLATO","Label":"Manufacturer","Locale":"es_ES"}},"Title":{"DisplayValue":"MILACOLATO Joyería Bohemia Multicapa Turquesa Larga Gargantilla Collar Pendientes Colgantes Cuerdas de Cáñamo Cuentas Cuero Gargantilla Wrap Pulsera Western Native American Jewelry Set para Mujer","Label":"Title","Locale":"es_ES"}},"Offers":{"Summaries":[{"Condition":{"Value":"New"},"LowestPrice":{"Amount":11.99,"Currency":"EUR","DisplayAmount":"11,99 €"}}]}},{"ASIN":"B0B7GHDKRC","DetailPageURL":"https://www.amazon.es/dp/B0B7GHDKRC?tag=topinalambricos-21&linkCode=osi&th=1&psc=1","Images":{"Primary":{"Small":{"Height":75,"URL":"https://m.media-amazon.com/images/I/21tMW+dvKSL._SL75_.jpg","Width":56}}},"ItemInfo":{"ByLineInfo":{"Brand":{"DisplayValue":"Genérico","Label":"Brand","Locale":"es_ES"}},"Title":{"DisplayValue":"Collar de cuero negro de 2mm para mujer y hombre con Cierre de plata 925, collar genuino liso de cordón de cuero, cadenas de cuero (Collar M - 45cm)","Label":"Title","Locale":"es_ES"}},"Offers":{"Summaries":[{"Condition":{"Value":"New"},"LowestPrice":{"Amount":14.0,"Currency":"EUR","DisplayAmount":"14,00 €"}}]}},{"ASIN":"B09VYQH3HW","DetailPageURL":"https://www.amazon.es/dp/B09VYQH3HW?tag=topinalambricos-21&linkCode=osi&th=1&psc=1","Images":{"Primary":{"Small":{"Height":42,"URL":"https://m.media-amazon.com/images/I/317gExtloYL._SL75_.jpg","Width":75}}},"ItemInfo":{"ByLineInfo":{"Brand":{"DisplayValue":"U-M","Label":"Brand","Locale":"es_ES"},"Manufacturer":{"DisplayValue":"U-M","Label":"Manufacturer","Locale":"es_ES"}},"Title":{"DisplayValue":"U-M Collar de Cadena de cordón de Cuero Negro para Hombres y Mujeres con Collar de cordón de Cuero con Cierre de Plata de Ley 925. hábil y Profesional","Label":"Title","Locale":"es_ES"}},"Offers":{"Summaries":[{"Condition":{"Value":"New"},"LowestPrice":{"Amount":2.5,"Currency":"EUR","DisplayAmount":"2,50 €"}}]}},{"ASIN":"B0BX9LQT9P","DetailPageURL":"https://www.amazon.es/dp/B0BX9LQT9P?tag=topinalambricos-21&linkCode=osi&th=1&psc=1","Images":{"Primary":{"Small":{"Height":75,"URL":"https://m.media-amazon.com/images/I/218PcG1f78L._SL75_.jpg","Width":75}}},"ItemInfo":{"ByLineInfo":{"Brand":{"DisplayValue":"COAI","Label":"Brand","Locale":"es_ES"},"Manufacturer":{"DisplayValue":"COAI","Label":"Manufacturer","Locale":"es_ES"}},"Title":{"DisplayValue":"COAI Collar de Cuero Negro Unisex con Colgante Gota de Agua de Piedra Aguamarina Natural","Label":"Title","Locale":"es_ES"}},"Offers":{"Summaries":[{"Condition":{"Value":"New"},"LowestPrice":{"Amount":35.0,"Currency":"EUR","DisplayAmount":"35,00 €"}}]}},{"ASIN":"B0C14HZWGT","DetailPageURL":"https://www.amazon.es/dp/B0C14HZWGT?tag=topinalambricos-21&linkCode=osi&th=1&psc=1","Images":{"Primary":{"Small":{"Height":75,"URL":"https://m.media-amazon.com/images/I/419gZ9xD+AL._SL75_.jpg","Width":60}}},"ItemInfo":{"ByLineInfo":{"Brand":{"DisplayValue":"MILACOLATO","Label":"Brand","Locale":"es_ES"},"Manufacturer":{"DisplayValue":"MILACOLATO","Label":"Manufacturer","Locale":"es_ES"}},"Title":{"DisplayValue":"MILACOLATO Boho Colgante Collar de Cuero para Mujer Largo Collar Bohemio Traje Vintage Gargantilla Surtido Estilo Larga Borlas Wrap Collar Gargantilla Moderna Negro/Marrón","Label":"Title","Locale":"es_ES"}},"Offers":{"Summaries":[{"Condition":{"Value":"New"},"LowestPrice":{"Amount":11.99,"Currency":"EUR","DisplayAmount":"11,99 €"}}]}},{"ASIN":"B07HYYDY5D","DetailPageURL":"https://www.amazon.es/dp/B07HYYDY5D?tag=topinalambricos-21&linkCode=osi&th=1&psc=1","Images":{"Primary":{"Small":{"Height":75,"URL":"https://m.media-amazon.com/images/I/31NPiMG4IKL._SL75_.jpg","Width":60}}},"ItemInfo":{"ByLineInfo":{"Brand":{"DisplayValue":"UNO de 50","Label":"Brand","Locale":"es_ES"},"Manufacturer":{"DisplayValue":"UNOde50","Label":"Manufacturer","Locale":"es_ES"}},"Title":{"DisplayValue":"Collar Largo Compuesto por Varias Tiras de Cuero marrón rematadas en pequeñas Plumas, bañadas en Plata, Que le Dan Movimiento a la Joya.","Label":"Title","Locale":"es_ES"}},"Offers":{"Summaries":[{"Condition":{"Value":"New"},"LowestPrice":{"Amount":150.0,"Currency":"EUR","DisplayAmount":"150,00 €"}}]}},{"ASIN":"B0B8VKRVHF","DetailPageURL":"https://www.amazon.es/dp/B0B8VKRVHF?tag=topinalambricos-21&linkCode=osi&th=1&psc=1","Images":{"Primary":{"Small":{"Height":75,"URL":"https://m.media-amazon.com/images/I/51jftoKE89L._SL75_.jpg","Width":75}}},"ItemInfo":{"ByLineInfo":{"Brand":{"DisplayValue":"Dervivea","Label":"Brand","Locale":"es_ES"},"Manufacturer":{"DisplayValue":"Dervivea","Label":"Manufacturer","Locale":"es_ES"}},"Title":{"DisplayValue":"Dervivea Bohemia Evil Eye Gargantilla Collar Cuerda de cuero negro Collar Vintage Ojo turco Colgante Collar Globos oculares redondos Collares Cadena Joyería para mujeres y niñas","Label":"Title","Locale":"es_ES"}},"Offers":{"Summaries":[{"Condition":{"Value":"New"},"LowestPrice":{"Amount":8.99,"Currency":"EUR","DisplayAmount":"8,99 € (8,99 € / unidad)","PricePerUnit":8.99}}]}},{"ASIN":"B09NXMZPTZ","DetailPageURL":"https://www.amazon.es/dp/B09NXMZPTZ?tag=topinalambricos-21&linkCode=osi&th=1&psc=1","Images":{"Primary":{"Small":{"Height":75,"URL":"https://m.media-amazon.com/images/I/31PjVW15FSL._SL75_.jpg","Width":75}}},"ItemInfo":{"ByLineInfo":{"Brand":{"DisplayValue":"COAI","Label":"Brand","Locale":"es_ES"},"Manufacturer":{"DisplayValue":"COAI","Label":"Manufacturer","Locale":"es_ES"}},"Title":{"DisplayValue":"COAI Collar de Cuero Negro con Colgante de Amatista Piedra Natural en Bruto para Hombre y Mujer","Label":"Title","Locale":"es_ES"}},"Offers":{"Summaries":[{"Condition":{"Value":"New"},"LowestPrice":{"Amount":27.5,"Currency":"EUR","DisplayAmount":"27,50 €"}}]}}],"SearchURL":"https://www.amazon.es/s?k=colgante+cuero&rh=n%3A10440393031%2Cp_n_availability%3A-1&tag=topinalambricos-21&linkCode=osi","TotalResultCount":1000}},"127":{"SearchResult":{"Items":[{"ASIN":"B072FGD4XS","DetailPageURL":"https://www.amazon.es/dp/B072FGD4XS?tag=topinalambricos-21&linkCode=osi&th=1&psc=1","Images":{"Primary":{"Small":{"Height":75,"URL":"https://m.media-amazon.com/images/I/41FfYim3v6L._SL75_.jpg","Width":75}}},"ItemInfo":{"ByLineInfo":{"Brand":{"DisplayValue":"Fullmosa","Label":"Brand","Locale":"es_ES"},"Manufacturer":{"DisplayValue":"Fullmosa","Label":"Manufacturer","Locale":"es_ES"}},"Title":{"DisplayValue":"Fullmosa Axus Correa Piel para Correa Reloj,Correa/Banda/Pulsera/Strap 14mm 16mm 18mm 19mm 20mm 22mm 24mm Para Samsung Galaxy Watch 5/4/3,Huawei GT2,Garmin Watch","Label":"Title","Locale":"es_ES"}},"Offers":{"Summaries":[{"Condition":{"Value":"New"},"LowestPrice":{"Amount":18.49,"Currency":"EUR","DisplayAmount":"18,49 €"}}]}},{"ASIN":"B07HDLM2SM","DetailPageURL":"https://www.amazon.es/dp/B07HDLM2SM?tag=topinalambricos-21&linkCode=osi&th=1&psc=1","Images":{"Primary":{"Small":{"Height":75,"URL":"https://m.media-amazon.com/images/I/51CLbk8huAL._SL75_.jpg","Width":75}}},"ItemInfo":{"ByLineInfo":{"Brand":{"DisplayValue":"FOUUA","Label":"Brand","Locale":"es_ES"},"Manufacturer":{"DisplayValue":"NUCCE","Label":"Manufacturer","Locale":"es_ES"}},"Title":{"DisplayValue":"FOUUA Correa de reloj Correa de cuero genuino Correa de reloj Correa de pulsera de repuesto en relieve de cocodrilo Oro Plata 12 13 14 15 16 17 18 19 20 21 22 24 mm","Label":"Title","Locale":"es_ES"}},"Offers":{"Summaries":[{"Condition":{"Value":"New"},"LowestPrice":{"Amount":14.99,"Currency":"EUR","DisplayAmount":"14,99 €"}}]}},{"ASIN":"B07RPLN17B","DetailPageURL":"https://www.amazon.es/dp/B07RPLN17B?tag=topinalambricos-21&linkCode=osi&th=1&psc=1","Images":{"Primary":{"Small":{"Height":75,"URL":"https://m.media-amazon.com/images/I/41UhIM78w1L._SL75_.jpg","Width":75}}},"ItemInfo":{"ByLineInfo":{"Brand":{"DisplayValue":"Fullmosa","Label":"Brand","Locale":"es_ES"},"Manufacturer":{"DisplayValue":"Fullmosa","Label":"Manufacturer","Locale":"es_ES"}},"Title":{"DisplayValue":"Fullmosa Correa de Reloj 22/20 mm, Correa de Cuero de Liberación Rápida, Correa de Repuesto para Hombres/Mujeres, Correa de reloj para Samsung Galaxy Watch/Huawei Smart Watch/Fossil Watch","Label":"Title","Locale":"es_ES"}},"Offers":{"Summaries":[{"Condition":{"Value":"New"},"LowestPrice":{"Amount":16.99,"Currency":"EUR","DisplayAmount":"16,99 €"}}]}},{"ASIN":"B07THYWLB1","DetailPageURL":"https://www.amazon.es/dp/B07THYWLB1?tag=topinalambricos-21&linkCode=osi&th=1&psc=1","Images":{"Primary":{"Small":{"Height":75,"URL":"https://m.media-amazon.com/images/I/41aVr0VzMmL._SL75_.jpg","Width":75}}},"ItemInfo":{"ByLineInfo":{"Brand":{"DisplayValue":"BRISMASSI ESETTI","Label":"Brand","Locale":"es_ES"},"Manufacturer":{"DisplayValue":"BRISMASSI ESETTI","Label":"Manufacturer","Locale":"es_ES"}},"Title":{"DisplayValue":"B&E Correa de Reloj de Cuero de Liberación Rápida - Correas de Estilo Elegante para Hombres y Mujeres para Relojes Tradicionales e Inteligentes - 18 mm 20 mm 22 mm de Ancho Disponible-BN22","Label":"Title","Locale":"es_ES"}},"Offers":{"Summaries":[{"Condition":{"Value":"New"},"LowestPrice":{"Amount":24.99,"Currency":"EUR","DisplayAmount":"24,99 €"}}]}},{"ASIN":"B07TK2ZVKS","DetailPageURL":"https://www.amazon.es/dp/B07TK2ZVKS?tag=topinalambricos-21&linkCode=osi&th=1&psc=1","Images":{"Primary":{"Small":{"Height":75,"URL":"https://m.media-amazon.com/images/I/51dnOMLPbHL._SL75_.jpg","Width":75}}},"ItemInfo":{"ByLineInfo":{"Brand":{"DisplayValue":"CNYMANY","Label":"Brand","Locale":"es_ES"},"Manufacturer":{"DisplayValue":"CNYMANY","Label":"Manufacturer","Locale":"es_ES"}},"Title":{"DisplayValue":"CNYMANY 22mm Banda de Reloj Balística Universal, Correa de Repuesto de Correa Tejida de Lona de Nylon Cierre de Hebilla Cierre Ajustable para Smart-Watch Sport Fitness Tracker - Verde","Label":"Title","Locale":"es_ES"}},"Offers":{"Summaries":[{"Condition":{"Value":"New"},"LowestPrice":{"Amount":9.49,"Currency":"EUR","DisplayAmount":"9,49 €"}}]}},{"ASIN":"B07FF2TRZ7","DetailPageURL":"https://www.amazon.es/dp/B07FF2TRZ7?tag=topinalambricos-21&linkCode=osi&th=1&psc=1","Images":{"Primary":{"Small":{"Height":75,"URL":"https://m.media-amazon.com/images/I/41sCzGK0xvL._SL75_.jpg","Width":75}}},"ItemInfo":{"ByLineInfo":{"Brand":{"DisplayValue":"BINLUN","Label":"Brand","Locale":"es_ES"},"Manufacturer":{"DisplayValue":"BINLUN","Label":"Manufacturer","Locale":"es_ES"}},"Title":{"DisplayValue":"BINLUN Correas de Relojes Cuero de Liberación Rápida Correa Reloj de Piel de Repuesto 12mm 13mm 14mm 17mm 18mm 19mm 20mm 22mm Correas para Relojes de Hombre y Mujer en Negro Marrón Rojo","Label":"Title","Locale":"es_ES"}},"Offers":{"Summaries":[{"Condition":{"Value":"New"},"LowestPrice":{"Amount":16.98,"Currency":"EUR","DisplayAmount":"16,98 €"}}]}},{"ASIN":"B07FK1YQ1F","DetailPageURL":"https://www.amazon.es/dp/B07FK1YQ1F?tag=topinalambricos-21&linkCode=osi&th=1&psc=1","Images":{"Primary":{"Small":{"Height":75,"URL":"https://m.media-amazon.com/images/I/41EdhIyThmL._SL75_.jpg","Width":75}}},"ItemInfo":{"ByLineInfo":{"Brand":{"DisplayValue":"BINLUN","Label":"Brand","Locale":"es_ES"},"Manufacturer":{"DisplayValue":"BINLUN","Label":"Manufacturer","Locale":"es_ES"}},"Title":{"DisplayValue":"BINLUN Correa Reloj de Piel de Liberación Rápida Correas de Relojes de Cuero de Repuesto para Hombres y Mujeres con 12 Colores (10mm 12mm 14mm 15mm 16mm 17mm 18mm 19mm 20mm 21mm 22mm 23mm)","Label":"Title","Locale":"es_ES"}},"Offers":{"Summaries":[{"Condition":{"Value":"New"},"LowestPrice":{"Amount":15.89,"Currency":"EUR","DisplayAmount":"15,89 €"}}]}},{"ASIN":"B07FF6NPTV","DetailPageURL":"https://www.amazon.es/dp/B07FF6NPTV?tag=topinalambricos-21&linkCode=osi&th=1&psc=1","Images":{"Primary":{"Small":{"Height":75,"URL":"https://m.media-amazon.com/images/I/41oBCXCmwDL._SL75_.jpg","Width":75}}},"ItemInfo":{"ByLineInfo":{"Brand":{"DisplayValue":"BINLUN","Label":"Brand","Locale":"es_ES"},"Manufacturer":{"DisplayValue":"BINLUN","Label":"Manufacturer","Locale":"es_ES"}},"Title":{"DisplayValue":"BINLUN Correas de Relojes Cuero de Liberación Rápida Correa Reloj de Piel de Repuesto Correas para Relojes de Hombre y Mujer 12mm 14mm 16mm 18mm 20mm 22mm 24mm con 4 Colores","Label":"Title","Locale":"es_ES"}},"Offers":{"Summaries":[{"Condition":{"Value":"New"},"LowestPrice":{"Amount":16.99,"Currency":"EUR","DisplayAmount":"16,99 €"}}]}},{"ASIN":"B08ZNKB88M","DetailPageURL":"https://www.amazon.es/dp/B08ZNKB88M?tag=topinalambricos-21&linkCode=osi&th=1&psc=1","Images":{"Primary":{"Small":{"Height":75,"URL":"https://m.media-amazon.com/images/I/41h6bLoFsnL._SL75_.jpg","Width":75}}},"ItemInfo":{"ByLineInfo":{"Brand":{"DisplayValue":"ahayo","Label":"Brand","Locale":"es_ES"}},"Title":{"DisplayValue":"AHayo Correa para reloj Garmin Fenix 6X Pro/de piel de zafiro, QuickFit de 26 mm de piel auténtica con correa de silicona ondulada transpirable para Fenix 5X/5X Plus, 26mm, Cuero silicona","Label":"Title","Locale":"es_ES"}},"Offers":{"Summaries":[{"Condition":{"Value":"New"},"LowestPrice":{"Amount":25.99,"Currency":"EUR","DisplayAmount":"25,99 €"}}]}},{"ASIN":"B098PGQ21H","DetailPageURL":"https://www.amazon.es/dp/B098PGQ21H?tag=topinalambricos-21&linkCode=osi&th=1&psc=1","Images":{"Primary":{"Small":{"Height":49,"URL":"https://m.media-amazon.com/images/I/21TqUStNv3L._SL75_.jpg","Width":75}}},"ItemInfo":{"ByLineInfo":{"Brand":{"DisplayValue":"SAMSUNG","Label":"Brand","Locale":"es_ES"},"Manufacturer":{"DisplayValue":"Samsung","Label":"Manufacturer","Locale":"es_ES"}},"Title":{"DisplayValue":"SAMSUNG Watch Band","Label":"Title","Locale":"es_ES"}},"Offers":{"Summaries":[{"Condition":{"Value":"New"},"LowestPrice":{"Amount":9.9,"Currency":"EUR","DisplayAmount":"9,90 €"}},{"Condition":{"Value":"Used"},"LowestPrice":{"Amount":24.9,"Currency":"EUR","DisplayAmount":"24,90 €"}}]}}],"SearchURL":"https://www.amazon.es/s?k=correa+reloj+piel&rh=p_n_availability%3A-1&tag=topinalambricos-21&linkCode=osi","TotalResultCount":306}},"129":{"SearchResult":{"Items":[{"ASIN":"B09474SDPD","DetailPageURL":"https://www.amazon.es/dp/B09474SDPD?tag=topinalambricos-21&linkCode=osi&th=1&psc=1","Images":{"Primary":{"Small":{"Height":75,"URL":"https://m.media-amazon.com/images/I/41MAmTjZO9L._SL75_.jpg","Width":52}}},"ItemInfo":{"ByLineInfo":{"Brand":{"DisplayValue":"Citizen","Label":"Brand","Locale":"es_ES"},"Manufacturer":{"DisplayValue":"Citizen","Label":"Manufacturer","Locale":"es_ES"}},"Title":{"DisplayValue":"Citizen Reloj Analógico para Hombres de Japonés automático con Correa en Cuero NH8390-20LE","Label":"Title","Locale":"es_ES"}},"Offers":{"Summaries":[{"Condition":{"Value":"New"},"LowestPrice":{"Amount":177.79,"Currency":"EUR","DisplayAmount":"177,79 €"}}]}},{"ASIN":"B07RPYDLRD","DetailPageURL":"https://www.amazon.es/dp/B07RPYDLRD?tag=topinalambricos-21&linkCode=osi&th=1&psc=1","Images":{"Primary":{"Small":{"Height":75,"URL":"https://m.media-amazon.com/images/I/41fjRUU7xaL._SL75_.jpg","Width":45}}},"ItemInfo":{"ByLineInfo":{"Brand":{"DisplayValue":"LOTUS","Label":"Brand","Locale":"es_ES"},"Manufacturer":{"DisplayValue":"Lotus","Label":"Manufacturer","Locale":"es_ES"}},"Title":{"DisplayValue":"Lotus Reloj Analógico para Hombre de Cuarzo con Correa en Cuero 18671/3","Label":"Title","Locale":"es_ES"}},"Offers":{"Summaries":[{"Condition":{"Value":"New"},"LowestPrice":{"Amount":58.65,"Currency":"EUR","DisplayAmount":"58,65 €"}},{"Condition":{"Value":"Used"},"LowestPrice":{"Amount":55.93,"Currency":"EUR","DisplayAmount":"55,93 €"}}]}},{"ASIN":"B01M6AWQHB","DetailPageURL":"https://www.amazon.es/dp/B01M6AWQHB?tag=topinalambricos-21&linkCode=osi&th=1&psc=1","Images":{"Primary":{"Small":{"Height":75,"URL":"https://m.media-amazon.com/images/I/41jG0KphWyL._SL75_.jpg","Width":45}}},"ItemInfo":{"ByLineInfo":{"Brand":{"DisplayValue":"Festina","Label":"Brand","Locale":"es_ES"},"Manufacturer":{"DisplayValue":"Festina","Label":"Manufacturer","Locale":"es_ES"}},"Title":{"DisplayValue":"Festina Reloj Multiesfera para Hombre de Cuarzo con Correa en Cuero F16986/2","Label":"Title","Locale":"es_ES"}},"Offers":{"Summaries":[{"Condition":{"Value":"New"},"LowestPrice":{"Amount":79.0,"Currency":"EUR","DisplayAmount":"79,00 €"}}]}},{"ASIN":"B07JNWTMPR","DetailPageURL":"https://www.amazon.es/dp/B07JNWTMPR?tag=topinalambricos-21&linkCode=osi&th=1&psc=1","Images":{"Primary":{"Small":{"Height":75,"URL":"https://m.media-amazon.com/images/I/41a9DF6CMtL._SL75_.jpg","Width":45}}},"ItemInfo":{"ByLineInfo":{"Brand":{"DisplayValue":"LOTUS","Label":"Brand","Locale":"es_ES"},"Manufacturer":{"DisplayValue":"Lotus","Label":"Manufacturer","Locale":"es_ES"}},"Title":{"DisplayValue":"Reloj LOTUS Para Hombre 18589/3 Outlet Caja de Acero inoxidable 316l Negro Correa de Cuero Negro","Label":"Title","Locale":"es_ES"}},"Offers":{"Summaries":[{"Condition":{"Value":"New"},"LowestPrice":{"Amount":79.0,"Currency":"EUR","DisplayAmount":"79,00 €"}}]}},{"ASIN":"B07T41868P","DetailPageURL":"https://www.amazon.es/dp/B07T41868P?tag=topinalambricos-21&linkCode=osi&th=1&psc=1","Images":{"Primary":{"Small":{"Height":75,"URL":"https://m.media-amazon.com/images/I/31l5NwXvo5L._SL75_.jpg","Width":45}}},"ItemInfo":{"ByLineInfo":{"Brand":{"DisplayValue":"Festina","Label":"Brand","Locale":"es_ES"},"Manufacturer":{"DisplayValue":"Festina","Label":"Manufacturer","Locale":"es_ES"}},"Title":{"DisplayValue":"Festina Reloj Analógico para Hombre de Cuarzo con Correa en Cuero F20446/3","Label":"Title","Locale":"es_ES"}},"Offers":{"Summaries":[{"Condition":{"Value":"Used"},"LowestPrice":{"Amount":42.42,"Currency":"EUR","DisplayAmount":"42,42 €"}},{"Condition":{"Value":"New"},"LowestPrice":{"Amount":58.65,"Currency":"EUR","DisplayAmount":"58,65 €"}}]}},{"ASIN":"B006OUWCB0","DetailPageURL":"https://www.amazon.es/dp/B006OUWCB0?tag=topinalambricos-21&linkCode=osi&th=1&psc=1","Images":{"Primary":{"Small":{"Height":75,"URL":"https://m.media-amazon.com/images/I/51L6iemcSzL._SL75_.jpg","Width":75}}},"ItemInfo":{"ByLineInfo":{"Brand":{"DisplayValue":"Viceroy","Label":"Brand","Locale":"es_ES"},"Manufacturer":{"DisplayValue":"Viceroy","Label":"Manufacturer","Locale":"es_ES"}},"Title":{"DisplayValue":"Viceroy Reloj Analogico para Hombre de Cuarzo con Correa en Cuero 40347-55","Label":"Title","Locale":"es_ES"}},"Offers":{"Summaries":[{"Condition":{"Value":"New"},"LowestPrice":{"Amount":99.0,"Currency":"EUR","DisplayAmount":"99,00 €"}}]}},{"ASIN":"B0741QZ65B","DetailPageURL":"https://www.amazon.es/dp/B0741QZ65B?tag=topinalambricos-21&linkCode=osi&th=1&psc=1","Images":{"Primary":{"Small":{"Height":75,"URL":"https://m.media-amazon.com/images/I/411WZO3U2UL._SL75_.jpg","Width":75}}},"ItemInfo":{"ByLineInfo":{"Brand":{"DisplayValue":"Tommy Hilfiger","Label":"Brand","Locale":"es_ES"},"Manufacturer":{"DisplayValue":"Tommy Hilfiger","Label":"Manufacturer","Locale":"es_ES"}},"Title":{"DisplayValue":"Tommy Hilfiger Reloj Análogo clásico para Hombre de Cuarzo con Correa en Cuero 1791385","Label":"Title","Locale":"es_ES"}},"Offers":{"Summaries":[{"Condition":{"Value":"New"},"LowestPrice":{"Amount":129.77,"Currency":"EUR","DisplayAmount":"129,77 €"}}]}},{"ASIN":"B00JOFJ0PI","DetailPageURL":"https://www.amazon.es/dp/B00JOFJ0PI?tag=topinalambricos-21&linkCode=osi&th=1&psc=1","Images":{"Primary":{"Small":{"Height":75,"URL":"https://m.media-amazon.com/images/I/41bskDpPjOL._SL75_.jpg","Width":45}}},"ItemInfo":{"ByLineInfo":{"Brand":{"DisplayValue":"Festina","Label":"Brand","Locale":"es_ES"},"Contributors":[{"Locale":"es_ES","Name":"Festina","Role":"Diseñador","RoleType":"designer"}],"Manufacturer":{"DisplayValue":"FESTINA","Label":"Manufacturer","Locale":"es_ES"}},"Title":{"DisplayValue":"Festina Reloj Analógico para Hombre de Cuarzo con Correa en Cuero F16760/1","Label":"Title","Locale":"es_ES"}},"Offers":{"Summaries":[{"Condition":{"Value":"Used"},"LowestPrice":{"Amount":88.28,"Currency":"EUR","DisplayAmount":"88,28 €"}},{"Condition":{"Value":"New"},"LowestPrice":{"Amount":119.0,"Currency":"EUR","DisplayAmount":"119,00 €"}}]}},{"ASIN":"B08DKXLDXB","DetailPageURL":"https://www.amazon.es/dp/B08DKXLDXB?tag=topinalambricos-21&linkCode=osi&th=1&psc=1","Images":{"Primary":{"Small":{"Height":75,"URL":"https://m.media-amazon.com/images/I/41t1L3AVgbL._SL75_.jpg","Width":75}}},"ItemInfo":{"ByLineInfo":{"Brand":{"DisplayValue":"Seiko","Label":"Brand","Locale":"es_ES"},"Manufacturer":{"DisplayValue":"Seiko","Label":"Manufacturer","Locale":"es_ES"}},"Title":{"DisplayValue":"Seiko Reloj Analógico para Hombre de Cuarzo japonés con Correa en Cuero Genuino SSB385P1","Label":"Title","Locale":"es_ES"}},"Offers":{"Summaries":[{"Condition":{"Value":"New"},"LowestPrice":{"Amount":181.5,"Currency":"EUR","DisplayAmount":"181,50 €"}}]}},{"ASIN":"B01M9I8211","DetailPageURL":"https://www.amazon.es/dp/B01M9I8211?tag=topinalambricos-21&linkCode=osi&th=1&psc=1","Images":{"Primary":{"Small":{"Height":75,"URL":"https://m.media-amazon.com/images/I/31kzI0p65uL._SL75_.jpg","Width":45}}},"ItemInfo":{"ByLineInfo":{"Brand":{"DisplayValue":"Festina","Label":"Brand","Locale":"es_ES"},"Contributors":[{"Locale":"es_ES","Name":"Festina","Role":"Diseñador","RoleType":"designer"}],"Manufacturer":{"DisplayValue":"Festina","Label":"Manufacturer","Locale":"es_ES"}},"Title":{"DisplayValue":"Festina Reloj Análogo clásico para Hombre de Cuarzo con Correa en Cuero F20248/2","Label":"Title","Locale":"es_ES"}},"Offers":{"Summaries":[{"Condition":{"Value":"New"},"LowestPrice":{"Amount":69.0,"Currency":"EUR","DisplayAmount":"69,00 €"}}]}}],"SearchURL":"https://www.amazon.es/s?k=correa+cuero&rh=n%3A10117369031%2Cp_n_availability%3A-1&tag=topinalambricos-21&linkCode=osi","TotalResultCount":1000}},"130":{"SearchResult":{"Items":[{"ASIN":"B0797GKFG7","DetailPageURL":"https://www.amazon.es/dp/B0797GKFG7?tag=topinalambricos-21&linkCode=osi&th=1&psc=1","Images":{"Primary":{"Small":{"Height":75,"URL":"https://m.media-amazon.com/images/I/41tNLW8FziL._SL75_.jpg","Width":35}}},"ItemInfo":{"ByLineInfo":{"Brand":{"DisplayValue":"Guess","Label":"Brand","Locale":"es_ES"},"Manufacturer":{"DisplayValue":"GUESS","Label":"Manufacturer","Locale":"es_ES"}},"Title":{"DisplayValue":"Guess Reloj Analógico para Mujer de Cuarzo con Correa en Cuero W0884L3","Label":"Title","Locale":"es_ES"}},"Offers":{"Summaries":[{"Condition":{"Value":"New"},"LowestPrice":{"Amount":51.19,"Currency":"EUR","DisplayAmount":"51,19 €"}}]}},{"ASIN":"B0B6C3DHFW","DetailPageURL":"https://www.amazon.es/dp/B0B6C3DHFW?tag=topinalambricos-21&linkCode=osi&th=1&psc=1","Images":{"Primary":{"Small":{"Height":75,"URL":"https://m.media-amazon.com/images/I/41cabXVkonL._SL75_.jpg","Width":75}}},"ItemInfo":{"ByLineInfo":{"Brand":{"DisplayValue":"RORIOS","Label":"Brand","Locale":"es_ES"},"Manufacturer":{"DisplayValue":"RORIOS","Label":"Manufacturer","Locale":"es_ES"}},"Title":{"DisplayValue":"RORIOS Reloj de Mujer Cuadrado Calendario Relojes Analógico de Cuarzo Relojes con Correa de Cuero Moda Reloj de Pulsera para Mujer","Label":"Title","Locale":"es_ES"}},"Offers":{"Summaries":[{"Condition":{"Value":"New"},"LowestPrice":{"Amount":52.99,"Currency":"EUR","DisplayAmount":"52,99 €"}}]}},{"ASIN":"B0BFGC4DZ1","DetailPageURL":"https://www.amazon.es/dp/B0BFGC4DZ1?tag=topinalambricos-21&linkCode=osi&th=1&psc=1","Images":{"Primary":{"Small":{"Height":75,"URL":"https://m.media-amazon.com/images/I/41eNUW4F8WL._SL75_.jpg","Width":56}}},"ItemInfo":{"ByLineInfo":{"Brand":{"DisplayValue":"Casio","Label":"Brand","Locale":"es_ES"},"Manufacturer":{"DisplayValue":"Casio","Label":"Manufacturer","Locale":"es_ES"}},"Title":{"DisplayValue":"Casio Reloj Digital para Mujeres de Cuarzo con Correa en Cuero LA680WEL-3EF","Label":"Title","Locale":"es_ES"}},"Offers":{"Summaries":[{"Condition":{"Value":"New"},"LowestPrice":{"Amount":40.0,"Currency":"EUR","DisplayAmount":"40,00 €"}}]}},{"ASIN":"B078BNGF89","DetailPageURL":"https://www.amazon.es/dp/B078BNGF89?tag=topinalambricos-21&linkCode=osi&th=1&psc=1","Images":{"Primary":{"Small":{"Height":75,"URL":"https://m.media-amazon.com/images/I/31V9A77dtVL._SL75_.jpg","Width":45}}},"ItemInfo":{"ByLineInfo":{"Brand":{"DisplayValue":"Lotus Watches","Label":"Brand","Locale":"es_ES"},"Manufacturer":{"DisplayValue":"Lotus Watches","Label":"Manufacturer","Locale":"es_ES"}},"Title":{"DisplayValue":"Lotus Watches Reloj Análogo clásico para Mujer de Cuarzo con Correa en Cuero 18501/1","Label":"Title","Locale":"es_ES"}},"Offers":{"Summaries":[{"Condition":{"Value":"New"},"LowestPrice":{"Amount":59.0,"Currency":"EUR","DisplayAmount":"59,00 €"}}]}},{"ASIN":"B0B3XLJNXS","DetailPageURL":"https://www.amazon.es/dp/B0B3XLJNXS?tag=topinalambricos-21&linkCode=osi&th=1&psc=1","Images":{"Primary":{"Small":{"Height":75,"URL":"https://m.media-amazon.com/images/I/312igLL2hQL._SL75_.jpg","Width":75}}},"ItemInfo":{"ByLineInfo":{"Brand":{"DisplayValue":"RORIOS","Label":"Brand","Locale":"es_ES"},"Manufacturer":{"DisplayValue":"RORIOS","Label":"Manufacturer","Locale":"es_ES"}},"Title":{"DisplayValue":"RORIOS Relojes de Mujer Rectangular Reloj con Banda de Cuero Reloj Analogico de Cuarzo Estilo Simplicidad Relojes de Pulsera para Mujer","Label":"Title","Locale":"es_ES"}},"Offers":{"Summaries":[{"Condition":{"Value":"New"},"LowestPrice":{"Amount":30.99,"Currency":"EUR","DisplayAmount":"30,99 €"}}]}},{"ASIN":"B0BDZ6PT3B","DetailPageURL":"https://www.amazon.es/dp/B0BDZ6PT3B?tag=topinalambricos-21&linkCode=osi&th=1&psc=1","Images":{"Primary":{"Small":{"Height":75,"URL":"https://m.media-amazon.com/images/I/41qjE10ppEL._SL75_.jpg","Width":60}}},"ItemInfo":{"ByLineInfo":{"Brand":{"DisplayValue":"CIGA Design","Label":"Brand","Locale":"es_ES"},"Manufacturer":{"DisplayValue":"CIGA Design","Label":"Manufacturer","Locale":"es_ES"}},"Title":{"DisplayValue":"CIGA Design Reloj Automático para Mujer - R Series Rosa de Dinamarca Relojes Mujer de Pulsera 40mm Mecánicos Estilo Esqueleto con Regalo de Collar, Correa de Cuero","Label":"Title","Locale":"es_ES"}},"Offers":{"Summaries":[{"Condition":{"Value":"New"},"LowestPrice":{"Amount":420.0,"Currency":"EUR","DisplayAmount":"420,00 €"}}]}},{"ASIN":"B07NDL8W6Y","DetailPageURL":"https://www.amazon.es/dp/B07NDL8W6Y?tag=topinalambricos-21&linkCode=osi&th=1&psc=1","Images":{"Primary":{"Small":{"Height":75,"URL":"https://m.media-amazon.com/images/I/31hIlf5l9iL._SL75_.jpg","Width":45}}},"ItemInfo":{"ByLineInfo":{"Brand":{"DisplayValue":"LOTUS","Label":"Brand","Locale":"es_ES"},"Manufacturer":{"DisplayValue":"Lotus","Label":"Manufacturer","Locale":"es_ES"}},"Title":{"DisplayValue":"Reloj LOTUS Para Infantil 18625/3 Outlet Caja de Acero inoxidable 316l Gris plata Correa de Cuero Azul","Label":"Title","Locale":"es_ES"}},"Offers":{"Summaries":[{"Condition":{"Value":"New"},"LowestPrice":{"Amount":49.0,"Currency":"EUR","DisplayAmount":"49,00 €"}}]}},{"ASIN":"B06XVGST9B","DetailPageURL":"https://www.amazon.es/dp/B06XVGST9B?tag=topinalambricos-21&linkCode=osi&th=1&psc=1","Images":{"Primary":{"Small":{"Height":75,"URL":"https://m.media-amazon.com/images/I/31T9z6rjvJL._SL75_.jpg","Width":45}}},"ItemInfo":{"ByLineInfo":{"Brand":{"DisplayValue":"Lotus Watches","Label":"Brand","Locale":"es_ES"},"Contributors":[{"Locale":"es_ES","Name":"Lotus","Role":"Diseñador","RoleType":"designer"}],"Manufacturer":{"DisplayValue":"Lotus Watches","Label":"Manufacturer","Locale":"es_ES"}},"Title":{"DisplayValue":"Lotus Watches Reloj Análogo clásico para Mujer de Cuarzo con Correa en Cuero 18462/4","Label":"Title","Locale":"es_ES"}},"Offers":{"Summaries":[{"Condition":{"Value":"New"},"LowestPrice":{"Amount":120.73,"Currency":"EUR","DisplayAmount":"120,73 €"}}]}},{"ASIN":"B09GHFM9FM","DetailPageURL":"https://www.amazon.es/dp/B09GHFM9FM?tag=topinalambricos-21&linkCode=osi&th=1&psc=1","Images":{"Primary":{"Small":{"Height":75,"URL":"https://m.media-amazon.com/images/I/31e43BnDLHL._SL75_.jpg","Width":49}}},"ItemInfo":{"ByLineInfo":{"Brand":{"DisplayValue":"Seiko","Label":"Brand","Locale":"es_ES"},"Manufacturer":{"DisplayValue":"Seiko","Label":"Manufacturer","Locale":"es_ES"}},"Title":{"DisplayValue":"Seiko Reloj Analógico para Mujeres de Cuarzo con Correa en Cuero SWR066P1","Label":"Title","Locale":"es_ES"}},"Offers":{"Summaries":[{"Condition":{"Value":"New"},"LowestPrice":{"Amount":152.76,"Currency":"EUR","DisplayAmount":"152,76 €"}}]}},{"ASIN":"B07XTR3WXD","DetailPageURL":"https://www.amazon.es/dp/B07XTR3WXD?tag=topinalambricos-21&linkCode=osi&th=1&psc=1","Images":{"Primary":{"Small":{"Height":75,"URL":"https://m.media-amazon.com/images/I/31GORYilxrL._SL75_.jpg","Width":75}}},"ItemInfo":{"ByLineInfo":{"Brand":{"DisplayValue":"CLUSE","Label":"Brand","Locale":"es_ES"},"Manufacturer":{"DisplayValue":"Cluse","Label":"Manufacturer","Locale":"es_ES"}},"Title":{"DisplayValue":"CLUSE Reloj Analógico para Mujeres de Cuarzo con Correa en Cuero CW0101208011","Label":"Title","Locale":"es_ES"}},"Offers":{"Summaries":[{"Condition":{"Value":"New"},"LowestPrice":{"Amount":43.94,"Currency":"EUR","DisplayAmount":"43,94 €"}}]}}],"SearchURL":"https://www.amazon.es/s?k=correa+cuero&rh=n%3A10117376031%2Cp_n_availability%3A-1&tag=topinalambricos-21&linkCode=osi","TotalResultCount":1000}},"131":{"SearchResult":{"Items":[{"ASIN":"B0785P245Y","DetailPageURL":"https://www.amazon.es/dp/B0785P245Y?tag=topinalambricos-21&linkCode=osi&th=1&psc=1","Images":{"Primary":{"Small":{"Height":74,"URL":"https://m.media-amazon.com/images/I/41hhwQi+-RL._SL75_.jpg","Width":75}}},"ItemInfo":{"ByLineInfo":{"Brand":{"DisplayValue":"ArtBijou","Label":"Brand","Locale":"es_ES"}},"Title":{"DisplayValue":"Anillo Ajustable de Cuero Marrón con Estrella de Zamak, Moderno, Regalos para Ella, Regalo Mujer","Label":"Title","Locale":"es_ES"}},"Offers":{"Summaries":[{"Condition":{"Value":"New"},"LowestPrice":{"Amount":27.0,"Currency":"EUR","DisplayAmount":"27,00 €"}}]}},{"ASIN":"B07BST12WB","DetailPageURL":"https://www.amazon.es/dp/B07BST12WB?tag=topinalambricos-21&linkCode=osi&th=1&psc=1","Images":{"Primary":{"Small":{"Height":63,"URL":"https://m.media-amazon.com/images/I/41ImJxoaXzL._SL75_.jpg","Width":75}}},"ItemInfo":{"ByLineInfo":{"Brand":{"DisplayValue":"Generic","Label":"Brand","Locale":"es_ES"}},"Title":{"DisplayValue":"Anillo de Cuero Ajustable Triskel (Trisquel)","Label":"Title","Locale":"es_ES"}},"Offers":{"Summaries":[{"Condition":{"Value":"New"},"LowestPrice":{"Amount":9.99,"Currency":"EUR","DisplayAmount":"9,99 €"}}]}},{"ASIN":"B01NAFZM4Y","DetailPageURL":"https://www.amazon.es/dp/B01NAFZM4Y?tag=topinalambricos-21&linkCode=osi&th=1&psc=1","Images":{"Primary":{"Small":{"Height":54,"URL":"https://m.media-amazon.com/images/I/21OqrUMTX4L._SL75_.jpg","Width":75}}},"ItemInfo":{"ByLineInfo":{"Brand":{"DisplayValue":"ArtBijou","Label":"Brand","Locale":"es_ES"}},"Title":{"DisplayValue":"Anillo de Cuero Rojo con Perla Redonda Blanca y Bolitas Plateadas, Moderno y Elegante, Regalos para Ella, Regalo Mujer","Label":"Title","Locale":"es_ES"}},"Offers":{"Summaries":[{"Condition":{"Value":"New"},"LowestPrice":{"Amount":33.0,"Currency":"EUR","DisplayAmount":"33,00 €"}}]}},{"ASIN":"B01N5GUMCR","DetailPageURL":"https://www.amazon.es/dp/B01N5GUMCR?tag=topinalambricos-21&linkCode=osi&th=1&psc=1","Images":{"Primary":{"Small":{"Height":65,"URL":"https://m.media-amazon.com/images/I/31lQ-rOggSL._SL75_.jpg","Width":75}}},"ItemInfo":{"ByLineInfo":{"Brand":{"DisplayValue":"ArtBijou","Label":"Brand","Locale":"es_ES"}},"Title":{"DisplayValue":"Anillo Ajustable de Cuero Marrón con Flor de Zamak, Moderno, Regalos para Ella, Regalo Mujer","Label":"Title","Locale":"es_ES"}},"Offers":{"Summaries":[{"Condition":{"Value":"New"},"LowestPrice":{"Amount":31.0,"Currency":"EUR","DisplayAmount":"31,00 €"}}]}},{"ASIN":"B085B4DDQQ","DetailPageURL":"https://www.amazon.es/dp/B085B4DDQQ?tag=topinalambricos-21&linkCode=osi&th=1&psc=1","Images":{"Primary":{"Small":{"Height":75,"URL":"https://m.media-amazon.com/images/I/31dBpGnrqSL._SL75_.jpg","Width":75}}},"ItemInfo":{"ByLineInfo":{"Brand":{"DisplayValue":"Generic","Label":"Brand","Locale":"es_ES"}},"Title":{"DisplayValue":"Anillo de Zamak y Cuero Negro. Antialérgico.","Label":"Title","Locale":"es_ES"}},"Offers":{"Summaries":[{"Condition":{"Value":"New"},"LowestPrice":{"Amount":17.0,"Currency":"EUR","DisplayAmount":"17,00 €"}}]}},{"ASIN":"B07BS851XF","DetailPageURL":"https://www.amazon.es/dp/B07BS851XF?tag=topinalambricos-21&linkCode=osi&th=1&psc=1","Images":{"Primary":{"Small":{"Height":50,"URL":"https://m.media-amazon.com/images/I/31AD0K1I+HL._SL75_.jpg","Width":75}}},"ItemInfo":{"ByLineInfo":{"Brand":{"DisplayValue":"ArtBijou","Label":"Brand","Locale":"es_ES"}},"Title":{"DisplayValue":"Anillo Ajustable de Cuero Marrón con Pieza Ovalada de Zamak, Moderno, Regalos para Ella, Regalo Mujer","Label":"Title","Locale":"es_ES"}},"Offers":{"Summaries":[{"Condition":{"Value":"New"},"LowestPrice":{"Amount":28.0,"Currency":"EUR","DisplayAmount":"28,00 €"}}]}},{"ASIN":"B01NBI0R9X","DetailPageURL":"https://www.amazon.es/dp/B01NBI0R9X?tag=topinalambricos-21&linkCode=osi&th=1&psc=1","Images":{"Primary":{"Small":{"Height":75,"URL":"https://m.media-amazon.com/images/I/21m4r93cT8L._SL75_.jpg","Width":68}}},"ItemInfo":{"ByLineInfo":{"Brand":{"DisplayValue":"ArtBijou","Label":"Brand","Locale":"es_ES"}},"Title":{"DisplayValue":"Anillo Ajustable de Cuero Marrón con Flor de Zamak, Moderno, Regalos para Ella, Regalo Mujer","Label":"Title","Locale":"es_ES"}},"Offers":{"Summaries":[{"Condition":{"Value":"New"},"LowestPrice":{"Amount":29.0,"Currency":"EUR","DisplayAmount":"29,00 €"}}]}},{"ASIN":"B07MYK59PD","DetailPageURL":"https://www.amazon.es/dp/B07MYK59PD?tag=topinalambricos-21&linkCode=osi&th=1&psc=1","Images":{"Primary":{"Small":{"Height":59,"URL":"https://m.media-amazon.com/images/I/31WIKSL-rXL._SL75_.jpg","Width":75}}},"ItemInfo":{"ByLineInfo":{"Brand":{"DisplayValue":"ArtBijou","Label":"Brand","Locale":"es_ES"}},"Title":{"DisplayValue":"Anillo Ajustable de Cuero Marrón con Pieza Redonda, Espiral de Zamak, Moderno, Regalos para Ella, Regalo Mujer","Label":"Title","Locale":"es_ES"}},"Offers":{"Summaries":[{"Condition":{"Value":"New"},"LowestPrice":{"Amount":29.0,"Currency":"EUR","DisplayAmount":"29,00 €"}}]}},{"ASIN":"B01MSVW49A","DetailPageURL":"https://www.amazon.es/dp/B01MSVW49A?tag=topinalambricos-21&linkCode=osi&th=1&psc=1","Images":{"Primary":{"Small":{"Height":58,"URL":"https://m.media-amazon.com/images/I/31aTzNUWoML._SL75_.jpg","Width":75}}},"ItemInfo":{"ByLineInfo":{"Brand":{"DisplayValue":"ArtBijou","Label":"Brand","Locale":"es_ES"}},"Title":{"DisplayValue":"Anillo de Cuero Negro con Perla Redonda Blanca y Bolitas Doradas, Moderno y Elegante, Regalos para Ella, Regalo Mujer","Label":"Title","Locale":"es_ES"}},"Offers":{"Summaries":[{"Condition":{"Value":"New"},"LowestPrice":{"Amount":39.0,"Currency":"EUR","DisplayAmount":"39,00 €"}}]}},{"ASIN":"B077YQVPZ7","DetailPageURL":"https://www.amazon.es/dp/B077YQVPZ7?tag=topinalambricos-21&linkCode=osi&th=1&psc=1","Images":{"Primary":{"Small":{"Height":49,"URL":"https://m.media-amazon.com/images/I/21T3sf-l+ML._SL75_.jpg","Width":75}}},"ItemInfo":{"ByLineInfo":{"Brand":{"DisplayValue":"ArtBijou","Label":"Brand","Locale":"es_ES"}},"Title":{"DisplayValue":"Anillo de Cuero Marrón con Perla, Moderno, Regalos para Ella, Regalo Mujer","Label":"Title","Locale":"es_ES"}},"Offers":{"Summaries":[{"Condition":{"Value":"New"},"LowestPrice":{"Amount":33.0,"Currency":"EUR","DisplayAmount":"33,00 €"}}]}}],"SearchURL":"https://www.amazon.es/s?k=anillos+de+cuero&rh=n%3A10740573031%2Cp_n_availability%3A-1&tag=topinalambricos-21&linkCode=osi","TotalResultCount":51}},"132":{"SearchResult":{"Items":[{"ASIN":"B0C2Z22ZL7","DetailPageURL":"https://www.amazon.es/dp/B0C2Z22ZL7?tag=topinalambricos-21&linkCode=osi&th=1&psc=1","Images":{"Primary":{"Small":{"Height":75,"URL":"https://m.media-amazon.com/images/I/51Lh3+p30FL._SL75_.jpg","Width":75}}},"ItemInfo":{"ByLineInfo":{"Brand":{"DisplayValue":"Generic","Label":"Brand","Locale":"es_ES"}},"Title":{"DisplayValue":"Western Style Retro Personalidad Cabeza de toro Pendientes de cuero coloridos pétalos turquesa pendientes de cuero aretes flecha, azul celeste, Talla única","Label":"Title","Locale":"es_ES"}},"Offers":{"Summaries":[{"Condition":{"Value":"New"},"LowestPrice":{"Amount":6.89,"Currency":"EUR","DisplayAmount":"6,89 €"}}]}},{"ASIN":"B0C3C7QJCG","DetailPageURL":"https://www.amazon.es/dp/B0C3C7QJCG?tag=topinalambricos-21&linkCode=osi&th=1&psc=1","Images":{"Primary":{"Small":{"Height":75,"URL":"https://m.media-amazon.com/images/I/414pHV0RFzL._SL75_.jpg","Width":75}}},"ItemInfo":{"ByLineInfo":{"Brand":{"DisplayValue":"QQIAEJIA","Label":"Brand","Locale":"es_ES"},"Manufacturer":{"DisplayValue":"shgkdnlg","Label":"Manufacturer","Locale":"es_ES"}},"Title":{"DisplayValue":"Pendientes de cuero con rayas retro de doble cara impresos lágrima para mujeres adolescentes y niñas, talla única, PU","Label":"Title","Locale":"es_ES"}},"Offers":{"Summaries":[{"Condition":{"Value":"New"},"LowestPrice":{"Amount":4.49,"Currency":"EUR","DisplayAmount":"4,49 €"}}]}},{"ASIN":"B0C3C5YZKP","DetailPageURL":"https://www.amazon.es/dp/B0C3C5YZKP?tag=topinalambricos-21&linkCode=osi&th=1&psc=1","Images":{"Primary":{"Small":{"Height":74,"URL":"https://m.media-amazon.com/images/I/51A4eTphgVL._SL75_.jpg","Width":75}}},"ItemInfo":{"ByLineInfo":{"Brand":{"DisplayValue":"QQIAEJIA","Label":"Brand","Locale":"es_ES"},"Manufacturer":{"DisplayValue":"shgkdnlg","Label":"Manufacturer","Locale":"es_ES"}},"Title":{"DisplayValue":"Pendientes colgantes de cuero retro de béisbol para mujeres y niñas, aretes de lágrima de piel sintética, talla única, PU","Label":"Title","Locale":"es_ES"}},"Offers":{"Summaries":[{"Condition":{"Value":"New"},"LowestPrice":{"Amount":4.49,"Currency":"EUR","DisplayAmount":"4,49 €"}}]}},{"ASIN":"B0C323PLX1","DetailPageURL":"https://www.amazon.es/dp/B0C323PLX1?tag=topinalambricos-21&linkCode=osi&th=1&psc=1","Images":{"Primary":{"Small":{"Height":75,"URL":"https://m.media-amazon.com/images/I/41B2h1MRWfL._SL75_.jpg","Width":75}}},"ItemInfo":{"ByLineInfo":{"Brand":{"DisplayValue":"Lsjuee","Label":"Brand","Locale":"es_ES"},"Manufacturer":{"DisplayValue":"Lsjuee","Label":"Manufacturer","Locale":"es_ES"}},"Title":{"DisplayValue":"Pendientes de cuero de imitación de vaquero, botas de vaquero occidentales retro y colgantes de oreja de sombrero Pendientes de cuero colgantes en forma de lágrima Pendientes de vacaciones Suministros","Label":"Title","Locale":"es_ES"}},"Offers":{"Summaries":[{"Condition":{"Value":"New"},"LowestPrice":{"Amount":8.42,"Currency":"EUR","DisplayAmount":"8,42 €"}}]}},{"ASIN":"B0BRH4BMCG","DetailPageURL":"https://www.amazon.es/dp/B0BRH4BMCG?tag=topinalambricos-21&linkCode=osi&th=1&psc=1","Images":{"Primary":{"Small":{"Height":75,"URL":"https://m.media-amazon.com/images/I/511AQRy+PWL._SL75_.jpg","Width":75}}},"ItemInfo":{"ByLineInfo":{"Brand":{"DisplayValue":"ZDDP","Label":"Brand","Locale":"es_ES"},"Manufacturer":{"DisplayValue":"ZDDP","Label":"Manufacturer","Locale":"es_ES"}},"Title":{"DisplayValue":"Rizado Acortar Tresillo Acortar Pendientes de cactus Pendientes de crin occidental con incrustaciones de leopardo Estampado de oro Pendientes de cuero Joyas retro Rizado Cabello Pluma (B, One Size)","Label":"Title","Locale":"es_ES"}},"Offers":{"Summaries":[{"Condition":{"Value":"New"},"LowestPrice":{"Amount":7.22,"Currency":"EUR","DisplayAmount":"7,22 €"}}]}},{"ASIN":"B0BRHTVNWR","DetailPageURL":"https://www.amazon.es/dp/B0BRHTVNWR?tag=topinalambricos-21&linkCode=osi&th=1&psc=1","Images":{"Primary":{"Small":{"Height":75,"URL":"https://m.media-amazon.com/images/I/41iGGIqwPtL._SL75_.jpg","Width":75}}},"ItemInfo":{"ByLineInfo":{"Brand":{"DisplayValue":"ZDDP","Label":"Brand","Locale":"es_ES"},"Manufacturer":{"DisplayValue":"ZDDP","Label":"Manufacturer","Locale":"es_ES"}},"Title":{"DisplayValue":"ZDDP Acortar Rojo Ceniza Acortar Pendientes de Cuero de Occidental Americano de de Marca de de Granja Retro Pendientes de PU de Estilo Europeo y Americano Acortar Cabello Caimán Rizado (E, One Size)","Label":"Title","Locale":"es_ES"}},"Offers":{"Summaries":[{"Condition":{"Value":"New"},"LowestPrice":{"Amount":5.98,"Currency":"EUR","DisplayAmount":"5,98 €"}}]}},{"ASIN":"B0C1F8SGQF","DetailPageURL":"https://www.amazon.es/dp/B0C1F8SGQF?tag=topinalambricos-21&linkCode=osi&th=1&psc=1","Images":{"Primary":{"Small":{"Height":75,"URL":"https://m.media-amazon.com/images/I/519Msk+HpxL._SL75_.jpg","Width":75}}},"ItemInfo":{"ByLineInfo":{"Brand":{"DisplayValue":"Lsjuee","Label":"Brand","Locale":"es_ES"},"Manufacturer":{"DisplayValue":"Lsjuee","Label":"Manufacturer","Locale":"es_ES"}},"Title":{"DisplayValue":"Pendientes Retro de cuero de girasol para mujer, joyería colgante de gota ligera en forma de lágrima, regalo de novia para fiesta de cumpleaños de San Valentín","Label":"Title","Locale":"es_ES"}},"Offers":{"Summaries":[{"Condition":{"Value":"New"},"LowestPrice":{"Amount":8.42,"Currency":"EUR","DisplayAmount":"8,42 €"}}]}},{"ASIN":"B0C32NGGS9","DetailPageURL":"https://www.amazon.es/dp/B0C32NGGS9?tag=topinalambricos-21&linkCode=osi&th=1&psc=1","Images":{"Primary":{"Small":{"Height":75,"URL":"https://m.media-amazon.com/images/I/51+bd6wxwWL._SL75_.jpg","Width":75}}},"ItemInfo":{"ByLineInfo":{"Brand":{"DisplayValue":"Lsjuee","Label":"Brand","Locale":"es_ES"},"Manufacturer":{"DisplayValue":"Lsjuee","Label":"Manufacturer","Locale":"es_ES"}},"Title":{"DisplayValue":"Pendientes de estación de servicio, pendientes de cuero con póster de estación de servicio de coche rojo retro para mujeres y niñas, pendientes de hoja ligeros colgantes de doble cara en forma de lágr","Label":"Title","Locale":"es_ES"}},"Offers":{"Summaries":[{"Condition":{"Value":"New"},"LowestPrice":{"Amount":8.42,"Currency":"EUR","DisplayAmount":"8,42 €"}}]}},{"ASIN":"B0C4KN1925","DetailPageURL":"https://www.amazon.es/dp/B0C4KN1925?tag=topinalambricos-21&linkCode=osi&th=1&psc=1","Images":{"Primary":{"Small":{"Height":75,"URL":"https://m.media-amazon.com/images/I/51oPBInRImL._SL75_.jpg","Width":75}}},"ItemInfo":{"ByLineInfo":{"Brand":{"DisplayValue":"QQIAEJIA","Label":"Brand","Locale":"es_ES"},"Manufacturer":{"DisplayValue":"shgkdnlg","Label":"Manufacturer","Locale":"es_ES"}},"Title":{"DisplayValue":"Pendientes colgantes de cuero con forma de pelota deportiva retro, béisbol, baloncesto, fútbol, voleibol, para mujeres y niñas, talla única, PU","Label":"Title","Locale":"es_ES"}},"Offers":{"Summaries":[{"Condition":{"Value":"New"},"LowestPrice":{"Amount":4.45,"Currency":"EUR","DisplayAmount":"4,45 €"}}]}},{"ASIN":"B0C463GTZ6","DetailPageURL":"https://www.amazon.es/dp/B0C463GTZ6?tag=topinalambricos-21&linkCode=osi&th=1&psc=1","Images":{"Primary":{"Small":{"Height":75,"URL":"https://m.media-amazon.com/images/I/51WMCOvJ8uL._SL75_.jpg","Width":75}}},"ItemInfo":{"ByLineInfo":{"Brand":{"DisplayValue":"QQIAEJIA","Label":"Brand","Locale":"es_ES"},"Manufacturer":{"DisplayValue":"shgkdnlg","Label":"Manufacturer","Locale":"es_ES"}},"Title":{"DisplayValue":"Pendientes de lágrima de piel sintética con diseño de estrella en estilo retro, talla única, PU","Label":"Title","Locale":"es_ES"}},"Offers":{"Summaries":[{"Condition":{"Value":"New"},"LowestPrice":{"Amount":4.49,"Currency":"EUR","DisplayAmount":"4,49 €"}}]}}],"SearchURL":"https://www.amazon.es/s?k=pendientes+cuero+retro&rh=n%3A5874948031%2Cp_n_availability%3A-1&tag=topinalambricos-21&linkCode=osi","TotalResultCount":125}},"133":{"SearchResult":{"Items":[{"ASIN":"B0BMZWHTYJ","DetailPageURL":"https://www.amazon.es/dp/B0BMZWHTYJ?tag=topinalambricos-21&linkCode=osi&th=1&psc=1","Images":{"Primary":{"Small":{"Height":46,"URL":"https://m.media-amazon.com/images/I/31QzukTrvDL._SL75_.jpg","Width":75}}},"ItemInfo":{"ByLineInfo":{"Brand":{"DisplayValue":"Desconocido","Label":"Brand","Locale":"es_ES"},"Manufacturer":{"DisplayValue":"generic","Label":"Manufacturer","Locale":"es_ES"}},"Title":{"DisplayValue":"Tobillera de cuentas de cuero pulsera tejida tobilleras para mujeres hombres pareja descalzo sandalias zapatos playa piscina conveniente y agradable","Label":"Title","Locale":"es_ES"}},"Offers":{"Summaries":[{"Condition":{"Value":"New"},"LowestPrice":{"Amount":2.11,"Currency":"EUR","DisplayAmount":"2,11 €"}}]}},{"ASIN":"B07XLJZ127","DetailPageURL":"https://www.amazon.es/dp/B07XLJZ127?tag=topinalambricos-21&linkCode=osi&th=1&psc=1","Images":{"Primary":{"Small":{"Height":75,"URL":"https://m.media-amazon.com/images/I/41yxYpxpACL._SL75_.jpg","Width":75}}},"ItemInfo":{"ByLineInfo":{"Brand":{"DisplayValue":"YAZILIND","Label":"Brand","Locale":"es_ES"},"Manufacturer":{"DisplayValue":"YAZILIND JEWELRY LIMITED","Label":"Manufacturer","Locale":"es_ES"}},"Title":{"DisplayValue":"YAZILIND pies Accesorios Doble Capa de Cuero Cuerda Tobillera Estrella Forma Tobilleras pie de Playa Pulsera joyería","Label":"Title","Locale":"es_ES"}},"Offers":{"Summaries":[{"Condition":{"Value":"New"},"LowestPrice":{"Amount":2.29,"Currency":"EUR","DisplayAmount":"2,29 €"}}]}},{"ASIN":"B08CXLFKL9","DetailPageURL":"https://www.amazon.es/dp/B08CXLFKL9?tag=topinalambricos-21&linkCode=osi&th=1&psc=1","Images":{"Primary":{"Small":{"Height":75,"URL":"https://m.media-amazon.com/images/I/41iXSqsSI3L._SL75_.jpg","Width":75}}},"ItemInfo":{"ByLineInfo":{"Brand":{"DisplayValue":"AueDsa","Label":"Brand","Locale":"es_ES"},"Manufacturer":{"DisplayValue":"AueDsa","Label":"Manufacturer","Locale":"es_ES"}},"Title":{"DisplayValue":"AueDsa Tobillera Mujer Cuerda Cuero Piedras Tobillera Mujer Azul Claro","Label":"Title","Locale":"es_ES"}},"Offers":{"Summaries":[{"Condition":{"Value":"New"},"LowestPrice":{"Amount":9.99,"Currency":"EUR","DisplayAmount":"9,99 €"}}]}},{"ASIN":"B0BXRGVWBZ","DetailPageURL":"https://www.amazon.es/dp/B0BXRGVWBZ?tag=topinalambricos-21&linkCode=osi&th=1&psc=1","Images":{"Primary":{"Small":{"Height":46,"URL":"https://m.media-amazon.com/images/I/31QzukTrvDL._SL75_.jpg","Width":75}}},"ItemInfo":{"ByLineInfo":{"Brand":{"DisplayValue":"Desconocido","Label":"Brand","Locale":"es_ES"},"Manufacturer":{"DisplayValue":"Generic","Label":"Manufacturer","Locale":"es_ES"}},"Title":{"DisplayValue":"Pulsera tobillera de cuentas de cuero tejida tobillera para mujer y hombre pareja descalzo sandalias zapatos playa piscina","Label":"Title","Locale":"es_ES"}},"Offers":{"Summaries":[{"Condition":{"Value":"New"},"LowestPrice":{"Amount":3.66,"Currency":"EUR","DisplayAmount":"3,66 €"}}]}},{"ASIN":"B08BR2Q16R","DetailPageURL":"https://www.amazon.es/dp/B08BR2Q16R?tag=topinalambricos-21&linkCode=osi&th=1&psc=1","Images":{"Primary":{"Small":{"Height":75,"URL":"https://m.media-amazon.com/images/I/41a9W2CfodL._SL75_.jpg","Width":75}}},"ItemInfo":{"ByLineInfo":{"Brand":{"DisplayValue":"linjinde","Label":"Brand","Locale":"es_ES"},"Manufacturer":{"DisplayValue":"linjinde","Label":"Manufacturer","Locale":"es_ES"}},"Title":{"DisplayValue":"3 pulsera tobillera Juego de tortuga de cuero de tela boho para mujeres niños niña, tobilleras pulseras de tortuga hilo ajustable para mujer,tobillo con cordón cadena regalo para cumpleaños de amistad","Label":"Title","Locale":"es_ES"}},"Offers":{"Summaries":[{"Condition":{"Value":"New"},"LowestPrice":{"Amount":9.99,"Currency":"EUR","DisplayAmount":"9,99 €"}}]}},{"ASIN":"B0876KQLDP","DetailPageURL":"https://www.amazon.es/dp/B0876KQLDP?tag=topinalambricos-21&linkCode=osi&th=1&psc=1","Images":{"Primary":{"Small":{"Height":75,"URL":"https://m.media-amazon.com/images/I/41jPHN8578L._SL75_.jpg","Width":75}}},"ItemInfo":{"ByLineInfo":{"Brand":{"DisplayValue":"YAZILIND","Label":"Brand","Locale":"es_ES"},"Manufacturer":{"DisplayValue":"YAZILIND JEWELRY LIMITED","Label":"Manufacturer","Locale":"es_ES"}},"Title":{"DisplayValue":"YAZILIND Beach Style Calzado Moda Cuero Cuerda Concha Shell Pulsera Multicapa Tobillera Joyería","Label":"Title","Locale":"es_ES"}},"Offers":{"Summaries":[{"Condition":{"Value":"New"},"LowestPrice":{"Amount":2.29,"Currency":"EUR","DisplayAmount":"2,29 €"}}]}},{"ASIN":"B0876JKK8N","DetailPageURL":"https://www.amazon.es/dp/B0876JKK8N?tag=topinalambricos-21&linkCode=osi&th=1&psc=1","Images":{"Primary":{"Small":{"Height":75,"URL":"https://m.media-amazon.com/images/I/31elOcbgsXL._SL75_.jpg","Width":75}}},"ItemInfo":{"ByLineInfo":{"Brand":{"DisplayValue":"YAZILIND","Label":"Brand","Locale":"es_ES"},"Manufacturer":{"DisplayValue":"YAZILIND JEWELRY LIMITED","Label":"Manufacturer","Locale":"es_ES"}},"Title":{"DisplayValue":"YAZILIND Personalidad Amistad Pulsera de Cuero Cuerda Perlas Sol Colgante Multicapa Tobillera joyería (Negro)","Label":"Title","Locale":"es_ES"}},"Offers":{"Summaries":[{"Condition":{"Value":"New"},"LowestPrice":{"Amount":1.99,"Currency":"EUR","DisplayAmount":"1,99 €"}}]}},{"ASIN":"B07V45M76G","DetailPageURL":"https://www.amazon.es/dp/B07V45M76G?tag=topinalambricos-21&linkCode=osi&th=1&psc=1","Images":{"Primary":{"Small":{"Height":75,"URL":"https://m.media-amazon.com/images/I/415QtJgxGPL._SL75_.jpg","Width":75}}},"ItemInfo":{"ByLineInfo":{"Brand":{"DisplayValue":"Beydodo","Label":"Brand","Locale":"es_ES"},"Manufacturer":{"DisplayValue":"Beydodo","Label":"Manufacturer","Locale":"es_ES"}},"Title":{"DisplayValue":"Beydodo Tobilleras Tobilleras para Mujer Cuerda Cuero Piedras Azul Claro","Label":"Title","Locale":"es_ES"}},"Offers":{"Summaries":[{"Condition":{"Value":"New"},"LowestPrice":{"Amount":8.99,"Currency":"EUR","DisplayAmount":"8,99 €"}}]}},{"ASIN":"B07DMGRZVT","DetailPageURL":"https://www.amazon.es/dp/B07DMGRZVT?tag=topinalambricos-21&linkCode=osi&th=1&psc=1","Images":{"Primary":{"Small":{"Height":56,"URL":"https://m.media-amazon.com/images/I/41RKZgLZjNL._SL75_.jpg","Width":75}}},"ItemInfo":{"ByLineInfo":{"Brand":{"DisplayValue":"Ancient Tribe","Label":"Brand","Locale":"es_ES"},"Manufacturer":{"DisplayValue":"Ancient Tribe","Label":"Manufacturer","Locale":"es_ES"}},"Title":{"DisplayValue":"Ancient Tribe Tobillera de cuero negro ajustable hecha a mano, para mujer","Label":"Title","Locale":"es_ES"}},"Offers":{"Summaries":[{"Condition":{"Value":"New"},"LowestPrice":{"Amount":11.99,"Currency":"EUR","DisplayAmount":"11,99 €"}}]}},{"ASIN":"B08CR942XP","DetailPageURL":"https://www.amazon.es/dp/B08CR942XP?tag=topinalambricos-21&linkCode=osi&th=1&psc=1","Images":{"Primary":{"Small":{"Height":75,"URL":"https://m.media-amazon.com/images/I/3171bRBaUpL._SL75_.jpg","Width":75}}},"ItemInfo":{"ByLineInfo":{"Brand":{"DisplayValue":"Richsteel","Label":"Brand","Locale":"es_ES"},"Manufacturer":{"DisplayValue":"Richsteel Jewellery","Label":"Manufacturer","Locale":"es_ES"}},"Title":{"DisplayValue":"Richsteel Unisex Pulsera Tobillera Pie Joya Bisuteria para Tobillo, Eslabones Metal Cadenas Figaro Platinas","Label":"Title","Locale":"es_ES"}},"Offers":{"Summaries":[{"Condition":{"Value":"New"},"LowestPrice":{"Amount":14.99,"Currency":"EUR","DisplayAmount":"14,99 €"}}]}}],"SearchURL":"https://www.amazon.es/s?k=cuero&rh=n%3A10440374031%2Cp_n_availability%3A-1&tag=topinalambricos-21&linkCode=osi","TotalResultCount":331}},"136":{"SearchResult":{"Items":[{"ASIN":"B00YGY4J8U","DetailPageURL":"https://www.amazon.es/dp/B00YGY4J8U?tag=topinalambricos-21&linkCode=osi&th=1&psc=1","Images":{"Primary":{"Small":{"Height":75,"URL":"https://m.media-amazon.com/images/I/51VCSZqzvfL._SL75_.jpg","Width":75}}},"ItemInfo":{"ByLineInfo":{"Brand":{"DisplayValue":"DRF","Label":"Brand","Locale":"es_ES"},"Manufacturer":{"DisplayValue":"DRF","Label":"Manufacturer","Locale":"es_ES"}},"Title":{"DisplayValue":"DRF Mochila Cuero Mujeres con Cordones Clásico Formato A4 BG121 (Marrón)","Label":"Title","Locale":"es_ES"}},"Offers":{"Summaries":[{"Condition":{"Value":"New"},"LowestPrice":{"Amount":65.99,"Currency":"EUR","DisplayAmount":"65,99 €"}}]}},{"ASIN":"B0B3NGNFG4","DetailPageURL":"https://www.amazon.es/dp/B0B3NGNFG4?tag=topinalambricos-21&linkCode=osi&th=1&psc=1","Images":{"Primary":{"Small":{"Height":75,"URL":"https://m.media-amazon.com/images/I/41vedi092pL._SL75_.jpg","Width":57}}},"ItemInfo":{"ByLineInfo":{"Brand":{"DisplayValue":"MAGIC SELECT","Label":"Brand","Locale":"es_ES"},"Manufacturer":{"DisplayValue":"MAGIC SELECT","Label":"Manufacturer","Locale":"es_ES"}},"Title":{"DisplayValue":"MAGIC SELECT Bolso Mochila para Mujer Casual hecha de Cuero PU con 3 Cremalleras Metálicas, 5 Compartimentos, Asa Superior y Correas Traseras Ajustables para Escuela, Oficina, Viajes.","Label":"Title","Locale":"es_ES"}},"Offers":{"Summaries":[{"Condition":{"Value":"New"},"LowestPrice":{"Amount":19.98,"Currency":"EUR","DisplayAmount":"19,98 €"}}]}},{"ASIN":"B094GQSCL3","DetailPageURL":"https://www.amazon.es/dp/B094GQSCL3?tag=topinalambricos-21&linkCode=osi&th=1&psc=1","Images":{"Primary":{"Small":{"Height":75,"URL":"https://m.media-amazon.com/images/I/41-FXGhDemS._SL75_.jpg","Width":57}}},"ItemInfo":{"ByLineInfo":{"Brand":{"DisplayValue":"Kah&Kee","Label":"Brand","Locale":"es_ES"}},"Title":{"DisplayValue":"Kah&Kee Mochila Cuero Portatil 14 Pulgadas Para Mujeres Y Hombres (Azul marino)","Label":"Title","Locale":"es_ES"}},"Offers":{"Summaries":[{"Condition":{"Value":"New"},"LowestPrice":{"Amount":46.99,"Currency":"EUR","DisplayAmount":"46,99 €"}}]}},{"ASIN":"B00ABJG9SC","DetailPageURL":"https://www.amazon.es/dp/B00ABJG9SC?tag=topinalambricos-21&linkCode=osi&th=1&psc=1","Images":{"Primary":{"Small":{"Height":75,"URL":"https://m.media-amazon.com/images/I/41qe+KgupaL._SL75_.jpg","Width":69}}},"ItemInfo":{"ByLineInfo":{"Brand":{"DisplayValue":"Gusti","Label":"Brand","Locale":"es_ES"},"Manufacturer":{"DisplayValue":"Gusti Leder","Label":"Manufacturer","Locale":"es_ES"}},"Title":{"DisplayValue":"Gusti Cuero nature Joe Mochila Vintage Formato A4 Universidad Oficina Trabajo Carpetas Libros Portátil 15'' Retro Marrón U39","Label":"Title","Locale":"es_ES"}},"Offers":{"Summaries":[{"Condition":{"Value":"New"},"LowestPrice":{"Amount":104.95,"Currency":"EUR","DisplayAmount":"104,95 €"}}]}},{"ASIN":"B07YPBFZR9","DetailPageURL":"https://www.amazon.es/dp/B07YPBFZR9?tag=topinalambricos-21&linkCode=osi&th=1&psc=1","Images":{"Primary":{"Small":{"Height":75,"URL":"https://m.media-amazon.com/images/I/4144lz3VM8L._SL75_.jpg","Width":75}}},"ItemInfo":{"ByLineInfo":{"Brand":{"DisplayValue":"adidas","Label":"Brand","Locale":"es_ES"},"Manufacturer":{"DisplayValue":"adidas","Label":"Manufacturer","Locale":"es_ES"}},"Title":{"DisplayValue":"adidas Mochila Premium Mini, Unisex, 978662, Cuero sintético negro/oro rosa, Talla única","Label":"Title","Locale":"es_ES"}},"Offers":{"Summaries":[{"Condition":{"Value":"New"},"LowestPrice":{"Amount":104.53,"Currency":"EUR","DisplayAmount":"104,53 €"}}]}},{"ASIN":"B08W96J345","DetailPageURL":"https://www.amazon.es/dp/B08W96J345?tag=topinalambricos-21&linkCode=osi&th=1&psc=1","Images":{"Primary":{"Small":{"Height":75,"URL":"https://m.media-amazon.com/images/I/41VnPjNfHWL._SL75_.jpg","Width":75}}},"ItemInfo":{"ByLineInfo":{"Brand":{"DisplayValue":"STILORD","Label":"Brand","Locale":"es_ES"},"Manufacturer":{"DisplayValue":"STILORD","Label":"Manufacturer","Locale":"es_ES"}},"Title":{"DisplayValue":"STILORD 'Nora' Vintage Mochila Mujer Piel para Portátil de 13,3 Pulgadas Rucksack en Trabajo Ocio Tiempo Libre Universidad Bolso Cuero, Color:Florida - marrón","Label":"Title","Locale":"es_ES"}},"Offers":{"Summaries":[{"Condition":{"Value":"New"},"LowestPrice":{"Amount":157.9,"Currency":"EUR","DisplayAmount":"157,90 €"}}]}},{"ASIN":"B01N17WZCV","DetailPageURL":"https://www.amazon.es/dp/B01N17WZCV?tag=topinalambricos-21&linkCode=osi&th=1&psc=1","Images":{"Primary":{"Small":{"Height":75,"URL":"https://m.media-amazon.com/images/I/51QGhglw3KL._SL75_.jpg","Width":75}}},"ItemInfo":{"ByLineInfo":{"Brand":{"DisplayValue":"YUHUAWYH","Label":"Brand","Locale":"es_ES"}},"Title":{"DisplayValue":"YUHUAWYH Moda Búho Mochila de Dibujos Animados Mochila Mini Bolsa de Estudiante Bolso de Viaje de Mochila de Cuero Elegante de la pu de la Mujer Elegante","Label":"Title","Locale":"es_ES"}},"Offers":{"Summaries":[{"Condition":{"Value":"New"},"LowestPrice":{"Amount":23.99,"Currency":"EUR","DisplayAmount":"23,99 €"}}]}},{"ASIN":"B09B4278QF","DetailPageURL":"https://www.amazon.es/dp/B09B4278QF?tag=topinalambricos-21&linkCode=osi&th=1&psc=1","Images":{"Primary":{"Small":{"Height":75,"URL":"https://m.media-amazon.com/images/I/41Eghb1gSeL._SL75_.jpg","Width":75}}},"ItemInfo":{"ByLineInfo":{"Brand":{"DisplayValue":"STILORD","Label":"Brand","Locale":"es_ES"},"Manufacturer":{"DisplayValue":"STILORD","Label":"Manufacturer","Locale":"es_ES"}},"Title":{"DisplayValue":"STILORD 'Larissa' Mochila para Mujer de Genuina Piel Vintage en Trabajo Ocio Tiempo Libre Universidad Bolsa para portátil 13,3' o DIN A4 de Cuero auténtico, Color:Negro","Label":"Title","Locale":"es_ES"}},"Offers":{"Summaries":[{"Condition":{"Value":"New"},"LowestPrice":{"Amount":129.0,"Currency":"EUR","DisplayAmount":"129,00 €"}}]}},{"ASIN":"B07QLGGGXV","DetailPageURL":"https://www.amazon.es/dp/B07QLGGGXV?tag=topinalambricos-21&linkCode=osi&th=1&psc=1","Images":{"Primary":{"Small":{"Height":75,"URL":"https://m.media-amazon.com/images/I/51brc76PfYL._SL75_.jpg","Width":75}}},"ItemInfo":{"ByLineInfo":{"Brand":{"DisplayValue":"Janede","Label":"Brand","Locale":"es_ES"}},"Title":{"DisplayValue":"Moda Mochila pequeña Monedero Casual Daypacks de cuero para adolescentes y mujeres Nuevo (Negro)","Label":"Title","Locale":"es_ES"}},"Offers":{"Summaries":[{"Condition":{"Value":"New"},"LowestPrice":{"Amount":17.99,"Currency":"EUR","DisplayAmount":"17,99 €"}}]}},{"ASIN":"B09DLDN43R","DetailPageURL":"https://www.amazon.es/dp/B09DLDN43R?tag=topinalambricos-21&linkCode=osi&th=1&psc=1","Images":{"Primary":{"Small":{"Height":75,"URL":"https://m.media-amazon.com/images/I/31zdClX3ccL._SL75_.jpg","Width":75}}},"ItemInfo":{"ByLineInfo":{"Brand":{"DisplayValue":"DuDu","Label":"Brand","Locale":"es_ES"},"Manufacturer":{"DisplayValue":"DuDu","Label":"Manufacturer","Locale":"es_ES"}},"Title":{"DisplayValue":"DUDU Mochila Hombre Deportiva de Cuero Multicolor, Mochila, Mujer Diseño Suave Colorido con Bolsillo Antirrobo Negro","Label":"Title","Locale":"es_ES"}},"Offers":{"Summaries":[{"Condition":{"Value":"New"},"LowestPrice":{"Amount":189.0,"Currency":"EUR","DisplayAmount":"189,00 €"}}]}}],"SearchURL":"https://www.amazon.es/s?k=cuero+mujer&rh=n%3A2007986031%2Cp_n_availability%3A-1&tag=topinalambricos-21&linkCode=osi","TotalResultCount":429}},"137":{"SearchResult":{"Items":[{"ASIN":"B07YPBFZR9","DetailPageURL":"https://www.amazon.es/dp/B07YPBFZR9?tag=topinalambricos-21&linkCode=osi&th=1&psc=1","Images":{"Primary":{"Small":{"Height":75,"URL":"https://m.media-amazon.com/images/I/4144lz3VM8L._SL75_.jpg","Width":75}}},"ItemInfo":{"ByLineInfo":{"Brand":{"DisplayValue":"adidas","Label":"Brand","Locale":"es_ES"},"Manufacturer":{"DisplayValue":"adidas","Label":"Manufacturer","Locale":"es_ES"}},"Title":{"DisplayValue":"adidas Mochila Premium Mini, Unisex, 978662, Cuero sintético negro/oro rosa, Talla única","Label":"Title","Locale":"es_ES"}},"Offers":{"Summaries":[{"Condition":{"Value":"New"},"LowestPrice":{"Amount":104.53,"Currency":"EUR","DisplayAmount":"104,53 €"}}]}},{"ASIN":"B0B8YBQN46","DetailPageURL":"https://www.amazon.es/dp/B0B8YBQN46?tag=topinalambricos-21&linkCode=osi&th=1&psc=1","Images":{"Primary":{"Small":{"Height":75,"URL":"https://m.media-amazon.com/images/I/31ZtF2TZdvL._SL75_.jpg","Width":75}}},"ItemInfo":{"ByLineInfo":{"Brand":{"DisplayValue":"JJJ","Label":"Brand","Locale":"es_ES"},"Manufacturer":{"DisplayValue":"JJJ","Label":"Manufacturer","Locale":"es_ES"}},"Title":{"DisplayValue":"JJJ Mochila Mochila para hombre Mochila para hombre Mochila para computadora de viaje Bolsa de computadora de moda Bolsa de hombre Bolsa grande Bolsa de cuero (Color: Negro)","Label":"Title","Locale":"es_ES"}},"Offers":{"Summaries":[{"Condition":{"Value":"New"},"LowestPrice":{"Amount":99.4,"Currency":"EUR","DisplayAmount":"99,40 €"}}]}},{"ASIN":"B0BRVKKRBL","DetailPageURL":"https://www.amazon.es/dp/B0BRVKKRBL?tag=topinalambricos-21&linkCode=osi&th=1&psc=1","Images":{"Primary":{"Small":{"Height":75,"URL":"https://m.media-amazon.com/images/I/41jzYPsRKML._SL75_.jpg","Width":75}}},"ItemInfo":{"ByLineInfo":{"Brand":{"DisplayValue":"AXOIN","Label":"Brand","Locale":"es_ES"},"Manufacturer":{"DisplayValue":"AXOIN","Label":"Manufacturer","Locale":"es_ES"}},"Title":{"DisplayValue":"HZH Bolso Bandolera Vintage Hombro de Cuero Genuino Hombres Mensajero Casual Marrón para 9.7 Pulgadas (Color : A, Size : One Size)","Label":"Title","Locale":"es_ES"}},"Offers":{"Summaries":[{"Condition":{"Value":"New"},"LowestPrice":{"Amount":489.29,"Currency":"EUR","DisplayAmount":"489,29 €"}}]}},{"ASIN":"B0BRVJBF9S","DetailPageURL":"https://www.amazon.es/dp/B0BRVJBF9S?tag=topinalambricos-21&linkCode=osi&th=1&psc=1","Images":{"Primary":{"Small":{"Height":75,"URL":"https://m.media-amazon.com/images/I/51RhnwDR3hL._SL75_.jpg","Width":75}}},"ItemInfo":{"ByLineInfo":{"Brand":{"DisplayValue":"AXOIN","Label":"Brand","Locale":"es_ES"},"Manufacturer":{"DisplayValue":"AXOIN","Label":"Manufacturer","Locale":"es_ES"}},"Title":{"DisplayValue":"HZH Bolso Bandolera de Cuero de Primera Capa para Hombres Bolso de Hombro de Cuero Bolso pequeño Vintage 7.9\"(Color : A, Size : One Size)","Label":"Title","Locale":"es_ES"}},"Offers":{"Summaries":[{"Condition":{"Value":"New"},"LowestPrice":{"Amount":476.63,"Currency":"EUR","DisplayAmount":"476,63 €"}}]}},{"ASIN":"B0BSSBQF69","DetailPageURL":"https://www.amazon.es/dp/B0BSSBQF69?tag=topinalambricos-21&linkCode=osi&th=1&psc=1","Images":{"Primary":{"Small":{"Height":75,"URL":"https://m.media-amazon.com/images/I/41mRbF8pNXL._SL75_.jpg","Width":75}}},"ItemInfo":{"ByLineInfo":{"Brand":{"DisplayValue":"AXOIN","Label":"Brand","Locale":"es_ES"},"Manufacturer":{"DisplayValue":"AXOIN","Label":"Manufacturer","Locale":"es_ES"}},"Title":{"DisplayValue":"AXOIN HZH Cartera Corta para Hombres Carteras Verticales Bolsa de Licencia de Conducir de Cuero Juego de Tarjetas de Licencia de Conducir Cartera para Hombres (Color : Black, Size : 11.5 * 9cm)","Label":"Title","Locale":"es_ES"}},"Offers":{"Summaries":[{"Condition":{"Value":"New"},"LowestPrice":{"Amount":295.87,"Currency":"EUR","DisplayAmount":"295,87 €"}}]}},{"ASIN":"B0BG87DK5T","DetailPageURL":"https://www.amazon.es/dp/B0BG87DK5T?tag=topinalambricos-21&linkCode=osi&th=1&psc=1","Images":{"Primary":{"Small":{"Height":75,"URL":"https://m.media-amazon.com/images/I/41McH3AoKSL._SL75_.jpg","Width":75}}},"ItemInfo":{"ByLineInfo":{"Brand":{"DisplayValue":"Valentino","Label":"Brand","Locale":"es_ES"},"Manufacturer":{"DisplayValue":"Valentino","Label":"Manufacturer","Locale":"es_ES"}},"Title":{"DisplayValue":"Valentino 6gu-gyoza, Mochila para Hombre, Nero, Talla ÚNICA","Label":"Title","Locale":"es_ES"}},"Offers":{"Summaries":[{"Condition":{"Value":"New"},"LowestPrice":{"Amount":160.12,"Currency":"EUR","DisplayAmount":"160,12 €"}}]}},{"ASIN":"B096TX8VTN","DetailPageURL":"https://www.amazon.es/dp/B096TX8VTN?tag=topinalambricos-21&linkCode=osi&th=1&psc=1","Images":{"Primary":{"Small":{"Height":75,"URL":"https://m.media-amazon.com/images/I/41CPBWNRd2L._SL75_.jpg","Width":75}}},"ItemInfo":{"ByLineInfo":{"Brand":{"DisplayValue":"Masa Kawa","Label":"Brand","Locale":"es_ES"},"Manufacturer":{"DisplayValue":"Unique Retro Bag","Label":"Manufacturer","Locale":"es_ES"}},"Title":{"DisplayValue":"Cuero auténtico Sling Bag para hombres antirrobo una correa Crossbody pecho hombro mochila con USB se adapta a tableta de 11 pulgadas, Sin cerradura., Small","Label":"Title","Locale":"es_ES"}},"Offers":{"Summaries":[{"Condition":{"Value":"New"},"LowestPrice":{"Amount":274.94,"Currency":"EUR","DisplayAmount":"274,94 €"}}]}},{"ASIN":"B097M7LBPF","DetailPageURL":"https://www.amazon.es/dp/B097M7LBPF?tag=topinalambricos-21&linkCode=osi&th=1&psc=1","Images":{"Primary":{"Small":{"Height":75,"URL":"https://m.media-amazon.com/images/I/41o45ooJTjS._SL75_.jpg","Width":75}}},"ItemInfo":{"ByLineInfo":{"Brand":{"DisplayValue":"Hebetag","Label":"Brand","Locale":"es_ES"}},"Title":{"DisplayValue":"Bandolera de cuero para hombres y mujeres solo hombro pecho mochila viaje al aire libre camping casual, Negro,","Label":"Title","Locale":"es_ES"}},"Offers":{"Summaries":[{"Condition":{"Value":"New"},"LowestPrice":{"Amount":36.89,"Currency":"EUR","DisplayAmount":"36,89 €"}}]}},{"ASIN":"B06XDPJK52","DetailPageURL":"https://www.amazon.es/dp/B06XDPJK52?tag=topinalambricos-21&linkCode=osi&th=1&psc=1","Images":{"Primary":{"Small":{"Height":70,"URL":"https://m.media-amazon.com/images/I/51sQ3tpQkFL._SL75_.jpg","Width":75}}},"ItemInfo":{"ByLineInfo":{"Brand":{"DisplayValue":"Piquadro","Label":"Brand","Locale":"es_ES"},"Manufacturer":{"DisplayValue":"Piquadro","Label":"Manufacturer","Locale":"es_ES"}},"Title":{"DisplayValue":"Piquadro Pulse Plus Bolso Messenger Hombre (Paquete de 1), gris, 18x42x33 cm (W x H x L), Mochila","Label":"Title","Locale":"es_ES"}},"Offers":{"Summaries":[{"Condition":{"Value":"New"},"LowestPrice":{"Amount":309.0,"Currency":"EUR","DisplayAmount":"309,00 €"}}]}},{"ASIN":"B0C19ZBQLN","DetailPageURL":"https://www.amazon.es/dp/B0C19ZBQLN?tag=topinalambricos-21&linkCode=osi&th=1&psc=1","Images":{"Primary":{"Small":{"Height":53,"URL":"https://m.media-amazon.com/images/I/41vkZjivMPL._SL75_.jpg","Width":75}}},"ItemInfo":{"ByLineInfo":{"Brand":{"DisplayValue":"ECONOA","Label":"Brand","Locale":"es_ES"},"Manufacturer":{"DisplayValue":"ECONOA","Label":"Manufacturer","Locale":"es_ES"}},"Title":{"DisplayValue":"in life Bolso bandolera antirrobo para hombres Bolso bandolera de cuero genuino Mochila cruzada segmentada impermeable Viajes de negocios Ciclismo Camping Senderismo Mochila con una correa Mochila","Label":"Title","Locale":"es_ES"}},"Offers":{"Summaries":[{"Condition":{"Value":"New"},"LowestPrice":{"Amount":122.99,"Currency":"EUR","DisplayAmount":"122,99 €"}}]}}],"SearchURL":"https://www.amazon.es/s?k=cuero+hombre&rh=n%3A2007986031%2Cp_n_availability%3A-1&tag=topinalambricos-21&linkCode=osi","TotalResultCount":365}},"138":{"SearchResult":{"Items":[{"ASIN":"B0BJDZ8CDP","DetailPageURL":"https://www.amazon.es/dp/B0BJDZ8CDP?tag=topinalambricos-21&linkCode=osi&th=1&psc=1","Images":{"Primary":{"Small":{"Height":75,"URL":"https://m.media-amazon.com/images/I/61QUA4DhewL._SL75_.jpg","Width":75}}},"ItemInfo":{"ByLineInfo":{"Brand":{"DisplayValue":"FARUTA","Label":"Brand","Locale":"es_ES"},"Manufacturer":{"DisplayValue":"xusuyun","Label":"Manufacturer","Locale":"es_ES"}},"Title":{"DisplayValue":"6 piezas de tela de cuero de hoja de tela de cuero para hacer arte artesanal, pinzas para el cabello, lazos para el cabello, arte artesanal (color : estilo mixto)","Label":"Title","Locale":"es_ES"}},"Offers":{"Summaries":[{"Condition":{"Value":"New"},"LowestPrice":{"Amount":15.55,"Currency":"EUR","DisplayAmount":"15,55 €"}}]}},{"ASIN":"B0BGRCX38M","DetailPageURL":"https://www.amazon.es/dp/B0BGRCX38M?tag=topinalambricos-21&linkCode=osi&th=1&psc=1","Images":{"Primary":{"Small":{"Height":75,"URL":"https://m.media-amazon.com/images/I/41q5jhcyjQL._SL75_.jpg","Width":75}}},"ItemInfo":{"ByLineInfo":{"Brand":{"DisplayValue":"FARUTA","Label":"Brand","Locale":"es_ES"},"Manufacturer":{"DisplayValue":"xusuyun","Label":"Manufacturer","Locale":"es_ES"}},"Title":{"DisplayValue":"FARUTA 3 piezas de acero al carbono U en forma de V herramientas de tallado de cuero de mano de acero inoxidable borde de cuero herramientas de corte para cuero DIY trabajo de tallado artesanal","Label":"Title","Locale":"es_ES"}},"Offers":{"Summaries":[{"Condition":{"Value":"New"},"LowestPrice":{"Amount":8.2,"Currency":"EUR","DisplayAmount":"8,20 €"}}]}},{"ASIN":"B00YGY4J8U","DetailPageURL":"https://www.amazon.es/dp/B00YGY4J8U?tag=topinalambricos-21&linkCode=osi&th=1&psc=1","Images":{"Primary":{"Small":{"Height":75,"URL":"https://m.media-amazon.com/images/I/51VCSZqzvfL._SL75_.jpg","Width":75}}},"ItemInfo":{"ByLineInfo":{"Brand":{"DisplayValue":"DRF","Label":"Brand","Locale":"es_ES"},"Manufacturer":{"DisplayValue":"DRF","Label":"Manufacturer","Locale":"es_ES"}},"Title":{"DisplayValue":"DRF Mochila Cuero Mujeres con Cordones Clásico Formato A4 BG121 (Marrón)","Label":"Title","Locale":"es_ES"}},"Offers":{"Summaries":[{"Condition":{"Value":"New"},"LowestPrice":{"Amount":65.99,"Currency":"EUR","DisplayAmount":"65,99 €"}}]}},{"ASIN":"B09NNRRVZ2","DetailPageURL":"https://www.amazon.es/dp/B09NNRRVZ2?tag=topinalambricos-21&linkCode=osi&th=1&psc=1","Images":{"Primary":{"Small":{"Height":75,"URL":"https://m.media-amazon.com/images/I/31O0G+adFZL._SL75_.jpg","Width":75}}},"ItemInfo":{"ByLineInfo":{"Brand":{"DisplayValue":"Marta Ponti","Label":"Brand","Locale":"es_ES"},"Manufacturer":{"DisplayValue":"Malas Peixoto Soares","Label":"Manufacturer","Locale":"es_ES"}},"Title":{"DisplayValue":"Marta Ponti MP Mochila Bolso Bandolera Sling en Cuero Hombre Acolchada Marrón Vintage Casual","Label":"Title","Locale":"es_ES"}},"Offers":{"Summaries":[{"Condition":{"Value":"New"},"LowestPrice":{"Amount":69.7,"Currency":"EUR","DisplayAmount":"69,70 €"}}]}},{"ASIN":"B00UCBQE3O","DetailPageURL":"https://www.amazon.es/dp/B00UCBQE3O?tag=topinalambricos-21&linkCode=osi&th=1&psc=1","Images":{"Primary":{"Small":{"Height":75,"URL":"https://m.media-amazon.com/images/I/41iqIhyIkcL._SL75_.jpg","Width":56}}},"ItemInfo":{"ByLineInfo":{"Brand":{"DisplayValue":"YOJAN PIEL","Label":"Brand","Locale":"es_ES"}},"Title":{"DisplayValue":"YOJAN PIEL | Mochila de Piel Para Mujer | Bolso Bandolera de Hombro con Varios Compartimentos | Casual y Vintage | De Piel Genuina 100% | Resistente, Suave y Duradera","Label":"Title","Locale":"es_ES"}},"Offers":{"Summaries":[{"Condition":{"Value":"New"},"LowestPrice":{"Amount":20.99,"Currency":"EUR","DisplayAmount":"20,99 €"}}]}},{"ASIN":"B00KRNQYZU","DetailPageURL":"https://www.amazon.es/dp/B00KRNQYZU?tag=topinalambricos-21&linkCode=osi&th=1&psc=1","Images":{"Primary":{"Small":{"Height":75,"URL":"https://m.media-amazon.com/images/I/41yQ+hX5tSL._SL75_.jpg","Width":56}}},"ItemInfo":{"ByLineInfo":{"Brand":{"DisplayValue":"Jaald","Label":"Brand","Locale":"es_ES"}},"Title":{"DisplayValue":"Jaald 40 Cm Mochila Backpack Salveque Morral Valija De Cuero Piel Marrón Para Portátil Ordenador, Impermiable Casual Espalda Uso Escolar Senderismo Viaje Regalo Hombres Mujeres Leather","Label":"Title","Locale":"es_ES"}},"Offers":{"Summaries":[{"Condition":{"Value":"New"},"LowestPrice":{"Amount":70.0,"Currency":"EUR","DisplayAmount":"70,00 €"}}]}},{"ASIN":"B008ECYEFI","DetailPageURL":"https://www.amazon.es/dp/B008ECYEFI?tag=topinalambricos-21&linkCode=osi&th=1&psc=1","Images":{"Primary":{"Small":{"Height":75,"URL":"https://m.media-amazon.com/images/I/41SYqXS-nxL._SL75_.jpg","Width":52}}},"ItemInfo":{"ByLineInfo":{"Brand":{"DisplayValue":"Gusti","Label":"Brand","Locale":"es_ES"},"Manufacturer":{"DisplayValue":"Gusti Leder","Label":"Manufacturer","Locale":"es_ES"}},"Title":{"DisplayValue":"Gusti Cuero nature Barton Mochila Universidad Oficina Ciudad Retro Vintage Marrón M31","Label":"Title","Locale":"es_ES"}},"Offers":{"Summaries":[{"Condition":{"Value":"New"},"LowestPrice":{"Amount":94.95,"Currency":"EUR","DisplayAmount":"94,95 €"}}]}},{"ASIN":"B08ZDSSW9M","DetailPageURL":"https://www.amazon.es/dp/B08ZDSSW9M?tag=topinalambricos-21&linkCode=osi&th=1&psc=1","Images":{"Primary":{"Small":{"Height":75,"URL":"https://m.media-amazon.com/images/I/41hA6lULGcL._SL75_.jpg","Width":75}}},"ItemInfo":{"ByLineInfo":{"Brand":{"DisplayValue":"STILORD","Label":"Brand","Locale":"es_ES"},"Manufacturer":{"DisplayValue":"STILORD","Label":"Manufacturer","Locale":"es_ES"}},"Title":{"DisplayValue":"STILORD 'Kacey' Mochila Cuero Vintage Mujer Mochila Ordenador Portátil 13,3 Pulgadas Casual Daypack Ideal como Bolso Universidad Trabajo Viaje Piel Genuina, Color:Granada - marrón","Label":"Title","Locale":"es_ES"}},"Offers":{"Summaries":[{"Condition":{"Value":"New"},"LowestPrice":{"Amount":129.0,"Currency":"EUR","DisplayAmount":"129,00 €"}}]}},{"ASIN":"B07PGDB7FQ","DetailPageURL":"https://www.amazon.es/dp/B07PGDB7FQ?tag=topinalambricos-21&linkCode=osi&th=1&psc=1","Images":{"Primary":{"Small":{"Height":75,"URL":"https://m.media-amazon.com/images/I/41GV0Npmo6L._SL75_.jpg","Width":75}}},"ItemInfo":{"ByLineInfo":{"Brand":{"DisplayValue":"Jaald","Label":"Brand","Locale":"es_ES"},"Manufacturer":{"DisplayValue":"Jaald","Label":"Manufacturer","Locale":"es_ES"}},"Title":{"DisplayValue":"40 Cm Mochila Backpack Salveque Morral Valija De Cuero Piel Marrón para Portátil Ordenador, Impermiable Casual Espalda Uso Escolar Senderismo Viaje Regalo Hombres Mujeres Leather","Label":"Title","Locale":"es_ES"}},"Offers":{"Summaries":[{"Condition":{"Value":"New"},"LowestPrice":{"Amount":105.0,"Currency":"EUR","DisplayAmount":"105,00 €"}}]}},{"ASIN":"B07YB9X5M8","DetailPageURL":"https://www.amazon.es/dp/B07YB9X5M8?tag=topinalambricos-21&linkCode=osi&th=1&psc=1","Images":{"Primary":{"Small":{"Height":75,"URL":"https://m.media-amazon.com/images/I/41ZpLYwKQ6S._SL75_.jpg","Width":75}}},"ItemInfo":{"ByLineInfo":{"Brand":{"DisplayValue":"STILORD","Label":"Brand","Locale":"es_ES"},"Manufacturer":{"DisplayValue":"STILORD","Label":"Manufacturer","Locale":"es_ES"}},"Title":{"DisplayValue":"STILORD 'Chris' Mochila Portátil Piel Hombre Mujer para Ordenador 17 Pulgadas MacBook Mochila Roll-Top Universidad Grande Mochila Trabajo Cuero Vintage, Color:Torino - marrón","Label":"Title","Locale":"es_ES"}},"Offers":{"Summaries":[{"Condition":{"Value":"New"},"LowestPrice":{"Amount":169.9,"Currency":"EUR","DisplayAmount":"169,90 €"}}]}}],"SearchURL":"https://www.amazon.es/s?k=cuero+artesanal&rh=n%3A2007986031%2Cp_n_availability%3A-1&tag=topinalambricos-21&linkCode=osi","TotalResultCount":38}},"139":{"SearchResult":{"Items":[{"ASIN":"B011SKBGQC","DetailPageURL":"https://www.amazon.es/dp/B011SKBGQC?tag=topinalambricos-21&linkCode=osi&th=1&psc=1","Images":{"Primary":{"Small":{"Height":75,"URL":"https://m.media-amazon.com/images/I/41hCMoXbfzL._SL75_.jpg","Width":75}}},"ItemInfo":{"ByLineInfo":{"Brand":{"DisplayValue":"DRAKENSBERG","Label":"Brand","Locale":"es_ES"}},"Title":{"DisplayValue":"DRAKENSBERG 'Henry' - Mochila clásica de senderismo y ocio en diseño retro vintage, compartimento portátil de 13\", señoras, hombres, hecha a mano, sostenible, 30L, lona, cuero, verde oliva, DR00127","Label":"Title","Locale":"es_ES"}},"Offers":{"Summaries":[{"Condition":{"Value":"New"},"LowestPrice":{"Amount":189.0,"Currency":"EUR","DisplayAmount":"189,00 €"}}]}},{"ASIN":"B07K23Q783","DetailPageURL":"https://www.amazon.es/dp/B07K23Q783?tag=topinalambricos-21&linkCode=osi&th=1&psc=1","Images":{"Primary":{"Small":{"Height":75,"URL":"https://m.media-amazon.com/images/I/51rAvtaMcQL._SL75_.jpg","Width":75}}},"ItemInfo":{"ByLineInfo":{"Brand":{"DisplayValue":"Gunolye","Label":"Brand","Locale":"es_ES"}},"Title":{"DisplayValue":"Mochila de cuero vintage de lona unisex casual para universidad, bolsa de senderismo de 15,6 pulgadas, mochila de negocios, mochila de lona, color café","Label":"Title","Locale":"es_ES"}},"Offers":{"Summaries":[{"Condition":{"Value":"New"},"LowestPrice":{"Amount":45.79,"Currency":"EUR","DisplayAmount":"45,79 €"}}]}},{"ASIN":"B06XD8C9VB","DetailPageURL":"https://www.amazon.es/dp/B06XD8C9VB?tag=topinalambricos-21&linkCode=osi&th=1&psc=1","Images":{"Primary":{"Small":{"Height":75,"URL":"https://m.media-amazon.com/images/I/41OfJ2ka5AL._SL75_.jpg","Width":75}}},"ItemInfo":{"ByLineInfo":{"Brand":{"DisplayValue":"VASCHY","Label":"Brand","Locale":"es_ES"},"Manufacturer":{"DisplayValue":"VASCHY","Label":"Manufacturer","Locale":"es_ES"}},"Title":{"DisplayValue":"VASCHY Mochila Vintage de Cuero y Lona, Mochila Hombre Mochila Mujer Mochila Escolar Universidad Instituto Mochila Portatil 15,6 Pulgadas Resistente al Agua para Escuela Trabajo Viaje Universidad Gris","Label":"Title","Locale":"es_ES"}},"Offers":{"Summaries":[{"Condition":{"Value":"New"},"LowestPrice":{"Amount":52.89,"Currency":"EUR","DisplayAmount":"52,89 €"}}]}},{"ASIN":"B09MVK9BSB","DetailPageURL":"https://www.amazon.es/dp/B09MVK9BSB?tag=topinalambricos-21&linkCode=osi&th=1&psc=1","Images":{"Primary":{"Small":{"Height":75,"URL":"https://m.media-amazon.com/images/I/41AwDhK22FS._SL75_.jpg","Width":75}}},"ItemInfo":{"ByLineInfo":{"Brand":{"DisplayValue":"AUGUR","Label":"Brand","Locale":"es_ES"},"Manufacturer":{"DisplayValue":"AUGUR","Label":"Manufacturer","Locale":"es_ES"}},"Title":{"DisplayValue":"AUGUR Mochila de lona retro, mochila de lona vintage, mochila para portátil, mochila escolar, bolsa de viaje, mochila de cuero, paquete de hombro duradero para hombre y mujer, Large Caqui, L","Label":"Title","Locale":"es_ES"}},"Offers":{"Summaries":[{"Condition":{"Value":"New"},"LowestPrice":{"Amount":50.99,"Currency":"EUR","DisplayAmount":"50,99 €"}}]}},{"ASIN":"B07SS3LQ8N","DetailPageURL":"https://www.amazon.es/dp/B07SS3LQ8N?tag=topinalambricos-21&linkCode=osi&th=1&psc=1","Images":{"Primary":{"Small":{"Height":75,"URL":"https://m.media-amazon.com/images/I/511wyMxcTWL._SL75_.jpg","Width":75}}},"ItemInfo":{"ByLineInfo":{"Brand":{"DisplayValue":"BYEON","Label":"Brand","Locale":"es_ES"},"Manufacturer":{"DisplayValue":"BYEON","Label":"Manufacturer","Locale":"es_ES"}},"Title":{"DisplayValue":"Army Green De Cuero Mochila Vintage de Tela de Lona Mochilas Tipo Casual Mujer Hombres Bolsa Escolar para Estudiantes del Campus y Caminata al Aire Libre Caminando","Label":"Title","Locale":"es_ES"}},"Offers":{"Summaries":[{"Condition":{"Value":"New"},"LowestPrice":{"Amount":45.66,"Currency":"EUR","DisplayAmount":"45,66 €"}}]}},{"ASIN":"B0BQ7JS4WV","DetailPageURL":"https://www.amazon.es/dp/B0BQ7JS4WV?tag=topinalambricos-21&linkCode=osi&th=1&psc=1","Images":{"Primary":{"Small":{"Height":75,"URL":"https://m.media-amazon.com/images/I/41NiAbY+CuL._SL75_.jpg","Width":75}}},"ItemInfo":{"ByLineInfo":{"Brand":{"DisplayValue":"STILORD","Label":"Brand","Locale":"es_ES"},"Manufacturer":{"DisplayValue":"STILORD","Label":"Manufacturer","Locale":"es_ES"}},"Title":{"DisplayValue":"STILORD 'Daniele' Mochila de Negocios de Cuero Hombres Mujeres Mochila para Portátil de 13 Pulgadas Mochila de Viaje Equipaje de Mano Laptop Backpack, Color:Calais - marrón","Label":"Title","Locale":"es_ES"}},"Offers":{"Summaries":[{"Condition":{"Value":"New"},"LowestPrice":{"Amount":129.0,"Currency":"EUR","DisplayAmount":"129,00 €"}}]}},{"ASIN":"B01584V6D2","DetailPageURL":"https://www.amazon.es/dp/B01584V6D2?tag=topinalambricos-21&linkCode=osi&th=1&psc=1","Images":{"Primary":{"Small":{"Height":75,"URL":"https://m.media-amazon.com/images/I/51m6FHQtHbL._SL75_.jpg","Width":75}}},"ItemInfo":{"ByLineInfo":{"Brand":{"DisplayValue":"DRF","Label":"Brand","Locale":"es_ES"}},"Title":{"DisplayValue":"DRF Mochila Senderismo de Lona Gran Capacidad Mochila Casual Viaje Unisex BG09 (Verde)","Label":"Title","Locale":"es_ES"}},"Offers":{"Summaries":[{"Condition":{"Value":"New"},"LowestPrice":{"Amount":53.99,"Currency":"EUR","DisplayAmount":"53,99 €"}}]}},{"ASIN":"B016RUFMAY","DetailPageURL":"https://www.amazon.es/dp/B016RUFMAY?tag=topinalambricos-21&linkCode=osi&th=1&psc=1","Images":{"Primary":{"Small":{"Height":75,"URL":"https://m.media-amazon.com/images/I/511DAw5RLnL._SL75_.jpg","Width":75}}},"ItemInfo":{"ByLineInfo":{"Brand":{"DisplayValue":"KAUKKO","Label":"Brand","Locale":"es_ES"}},"Title":{"DisplayValue":"KAUKKO Mochila de lona vintage casual unisex de cuero mochila de hombro gris","Label":"Title","Locale":"es_ES"}},"Offers":{"Summaries":[{"Condition":{"Value":"New"},"LowestPrice":{"Amount":41.68,"Currency":"EUR","DisplayAmount":"41,68 €"}}]}},{"ASIN":"B09V7VPBFD","DetailPageURL":"https://www.amazon.es/dp/B09V7VPBFD?tag=topinalambricos-21&linkCode=osi&th=1&psc=1","Images":{"Primary":{"Small":{"Height":75,"URL":"https://m.media-amazon.com/images/I/41daDe2y+uL._SL75_.jpg","Width":75}}},"ItemInfo":{"ByLineInfo":{"Brand":{"DisplayValue":"DremFreo","Label":"Brand","Locale":"es_ES"},"Manufacturer":{"DisplayValue":"DremFreo","Label":"Manufacturer","Locale":"es_ES"}},"Title":{"DisplayValue":"DremFreo Mochila de Lona Estilo Vintage con Accesorios de Cuero para Laptop 14\" ebg504 (Verde)","Label":"Title","Locale":"es_ES"}},"Offers":{"Summaries":[{"Condition":{"Value":"New"},"LowestPrice":{"Amount":35.99,"Currency":"EUR","DisplayAmount":"35,99 €"}}]}},{"ASIN":"B073S5MWH3","DetailPageURL":"https://www.amazon.es/dp/B073S5MWH3?tag=topinalambricos-21&linkCode=osi&th=1&psc=1","Images":{"Primary":{"Small":{"Height":75,"URL":"https://m.media-amazon.com/images/I/51fuIYrE9PL._SL75_.jpg","Width":75}}},"ItemInfo":{"ByLineInfo":{"Brand":{"DisplayValue":"LOSMILE","Label":"Brand","Locale":"es_ES"}},"Title":{"DisplayValue":"LOSMILE Mochila Hombres Mujer Lona Bolso de Bandolera La Bolsa de Mensajero Bolsa de Lona Bolsa de Hombro Messenger Bag Backpack. (Verde)","Label":"Title","Locale":"es_ES"}},"Offers":{"Summaries":[{"Condition":{"Value":"New"},"LowestPrice":{"Amount":36.98,"Currency":"EUR","DisplayAmount":"36,98 €"}}]}}],"SearchURL":"https://www.amazon.es/s?k=cuero+lona&rh=n%3A2007986031%2Cp_n_availability%3A-1&tag=topinalambricos-21&linkCode=osi","TotalResultCount":467}},"140":{"SearchResult":{"Items":[{"ASIN":"B00YGY4J9E","DetailPageURL":"https://www.amazon.es/dp/B00YGY4J9E?tag=topinalambricos-21&linkCode=osi&th=1&psc=1","Images":{"Primary":{"Small":{"Height":75,"URL":"https://m.media-amazon.com/images/I/515lyjjheUL._SL75_.jpg","Width":75}}},"ItemInfo":{"ByLineInfo":{"Brand":{"DisplayValue":"DRF","Label":"Brand","Locale":"es_ES"},"Manufacturer":{"DisplayValue":"DRF","Label":"Manufacturer","Locale":"es_ES"}},"Title":{"DisplayValue":"DRF Mochila Mujeres Con Cordones Formato BG121 (Negro)","Label":"Title","Locale":"es_ES"}},"Offers":{"Summaries":[{"Condition":{"Value":"New"},"LowestPrice":{"Amount":65.99,"Currency":"EUR","DisplayAmount":"65,99 €"}}]}},{"ASIN":"B07DFZQHMC","DetailPageURL":"https://www.amazon.es/dp/B07DFZQHMC?tag=topinalambricos-21&linkCode=osi&th=1&psc=1","Images":{"Primary":{"Small":{"Height":75,"URL":"https://m.media-amazon.com/images/I/51Bq3TxzBAL._SL75_.jpg","Width":67}}},"ItemInfo":{"ByLineInfo":{"Brand":{"DisplayValue":"VASCHY","Label":"Brand","Locale":"es_ES"}},"Title":{"DisplayValue":"VASCHY Mochila Mujer,Bolsos Mochila Piel Grandes Casual Moda Bolsillo Múltiple Bolsa Escolares para Niña con Cordón Negra, Regalo Día Madre","Label":"Title","Locale":"es_ES"}},"Offers":{"Summaries":[{"Condition":{"Value":"New"},"LowestPrice":{"Amount":37.89,"Currency":"EUR","DisplayAmount":"37,89 €"}}]}},{"ASIN":"B08R3FV7ZG","DetailPageURL":"https://www.amazon.es/dp/B08R3FV7ZG?tag=topinalambricos-21&linkCode=osi&th=1&psc=1","Images":{"Primary":{"Small":{"Height":75,"URL":"https://m.media-amazon.com/images/I/41p5hBgMSVL._SL75_.jpg","Width":75}}},"ItemInfo":{"ByLineInfo":{"Brand":{"DisplayValue":"FANDARE","Label":"Brand","Locale":"es_ES"}},"Title":{"DisplayValue":"FANDARE Mochila de Cuero Genuino Mujer Moda Bolso Escolar Impermeable Backpack para Universidad Escuela Trabajo Viajes Mochilas Negro","Label":"Title","Locale":"es_ES"}},"Offers":{"Summaries":[{"Condition":{"Value":"New"},"LowestPrice":{"Amount":43.99,"Currency":"EUR","DisplayAmount":"43,99 €"}}]}},{"ASIN":"B09N9TXNH5","DetailPageURL":"https://www.amazon.es/dp/B09N9TXNH5?tag=topinalambricos-21&linkCode=osi&th=1&psc=1","Images":{"Primary":{"Small":{"Height":75,"URL":"https://m.media-amazon.com/images/I/41pzqHT2fZL._SL75_.jpg","Width":75}}},"ItemInfo":{"ByLineInfo":{"Brand":{"DisplayValue":"STILORD","Label":"Brand","Locale":"es_ES"},"Manufacturer":{"DisplayValue":"STILORD","Label":"Manufacturer","Locale":"es_ES"}},"Title":{"DisplayValue":"STILORD 'Malik' Mochila Trabajo Potátil Cuero Mochila para Portátil 15.6 Pulgadas Grande Mochila Vintage Bolso Bandolera Mochila Casual XL en Piel Auténtica, Color:Negro","Label":"Title","Locale":"es_ES"}},"Offers":{"Summaries":[{"Condition":{"Value":"New"},"LowestPrice":{"Amount":139.9,"Currency":"EUR","DisplayAmount":"139,90 €"}}]}},{"ASIN":"B092R931QF","DetailPageURL":"https://www.amazon.es/dp/B092R931QF?tag=topinalambricos-21&linkCode=osi&th=1&psc=1","Images":{"Primary":{"Small":{"Height":75,"URL":"https://m.media-amazon.com/images/I/41znMbIUi4S._SL75_.jpg","Width":75}}},"ItemInfo":{"ByLineInfo":{"Brand":{"DisplayValue":"STILORD","Label":"Brand","Locale":"es_ES"},"Manufacturer":{"DisplayValue":"STILORD","Label":"Manufacturer","Locale":"es_ES"}},"Title":{"DisplayValue":"STILORD 'Ezra' Bolso Mochila Antirrobo Piel Mochila de Viaje de Negocios o Trabajo Mochila Diaria Daypack de Cuero Genuino Vintage, Color:Negro","Label":"Title","Locale":"es_ES"}},"Offers":{"Summaries":[{"Condition":{"Value":"New"},"LowestPrice":{"Amount":139.9,"Currency":"EUR","DisplayAmount":"139,90 €"}}]}},{"ASIN":"B07ZFPJX63","DetailPageURL":"https://www.amazon.es/dp/B07ZFPJX63?tag=topinalambricos-21&linkCode=osi&th=1&psc=1","Images":{"Primary":{"Small":{"Height":75,"URL":"https://m.media-amazon.com/images/I/41zpLCiro8L._SL75_.jpg","Width":75}}},"ItemInfo":{"ByLineInfo":{"Brand":{"DisplayValue":"STILORD","Label":"Brand","Locale":"es_ES"},"Manufacturer":{"DisplayValue":"STILORD","Label":"Manufacturer","Locale":"es_ES"}},"Title":{"DisplayValue":"STILORD 'Kellis' Mochila Portatil 15.6 Cuero Mujer y Hombre Bolso Universidad Bolso Trabajo Bolso Estudiante Piel Maleta Mochila, Color:Negro","Label":"Title","Locale":"es_ES"}},"Offers":{"Summaries":[{"Condition":{"Value":"New"},"LowestPrice":{"Amount":129.0,"Currency":"EUR","DisplayAmount":"129,00 €"}}]}},{"ASIN":"B09MTZWNK5","DetailPageURL":"https://www.amazon.es/dp/B09MTZWNK5?tag=topinalambricos-21&linkCode=osi&th=1&psc=1","Images":{"Primary":{"Small":{"Height":75,"URL":"https://m.media-amazon.com/images/I/41Du8ODKiFL._SL75_.jpg","Width":75}}},"ItemInfo":{"ByLineInfo":{"Brand":{"DisplayValue":"STILORD","Label":"Brand","Locale":"es_ES"},"Manufacturer":{"DisplayValue":"STILORD","Label":"Manufacturer","Locale":"es_ES"}},"Title":{"DisplayValue":"STILORD 'Harlow' Mochila Portatil Hombre Elegante de Cuero Mochila de Negocios XL Backpack con Muchos Compartimentos y Sistema de Trolley Piel Auténtica Vintage, Color:Negro","Label":"Title","Locale":"es_ES"}},"Offers":{"Summaries":[{"Condition":{"Value":"New"},"LowestPrice":{"Amount":159.0,"Currency":"EUR","DisplayAmount":"159,00 €"}}]}},{"ASIN":"B09PYJNWRK","DetailPageURL":"https://www.amazon.es/dp/B09PYJNWRK?tag=topinalambricos-21&linkCode=osi&th=1&psc=1","Images":{"Primary":{"Small":{"Height":57,"URL":"https://m.media-amazon.com/images/I/41O1wIaQSwL._SL75_.jpg","Width":75}}},"ItemInfo":{"ByLineInfo":{"Brand":{"DisplayValue":"Skechers","Label":"Brand","Locale":"es_ES"},"Manufacturer":{"DisplayValue":"Skechers","Label":"Manufacturer","Locale":"es_ES"}},"Title":{"DisplayValue":"Skechers 216102 Bktl, Botas Cortas al Tobillo Hombre, Ribete sintético de Cuero Negro Verde Azulado, 42 EU","Label":"Title","Locale":"es_ES"}},"Offers":{"Summaries":[{"Condition":{"Value":"New"},"LowestPrice":{"Amount":76.48,"Currency":"EUR","DisplayAmount":"76,48 €"}}]}},{"ASIN":"B08PZCHKGZ","DetailPageURL":"https://www.amazon.es/dp/B08PZCHKGZ?tag=topinalambricos-21&linkCode=osi&th=1&psc=1","Images":{"Primary":{"Small":{"Height":75,"URL":"https://m.media-amazon.com/images/I/41tYQuyiqbL._SL75_.jpg","Width":75}}},"ItemInfo":{"ByLineInfo":{"Brand":{"DisplayValue":"STILORD","Label":"Brand","Locale":"es_ES"},"Manufacturer":{"DisplayValue":"STILORD","Label":"Manufacturer","Locale":"es_ES"}},"Title":{"DisplayValue":"STILORD 'Ruby' Daypack Mochila de Cuero para Mujeres Pequeña Backpack Vintage Bolso de Mano Mochila de Día de la Ciudad para Salir de Compras de Auténtica Piel, Color:Negro","Label":"Title","Locale":"es_ES"}},"Offers":{"Summaries":[{"Condition":{"Value":"New"},"LowestPrice":{"Amount":89.9,"Currency":"EUR","DisplayAmount":"89,90 €"}}]}},{"ASIN":"B09MSH113H","DetailPageURL":"https://www.amazon.es/dp/B09MSH113H?tag=topinalambricos-21&linkCode=osi&th=1&psc=1","Images":{"Primary":{"Small":{"Height":75,"URL":"https://m.media-amazon.com/images/I/41TA90VuduL._SL75_.jpg","Width":75}}},"ItemInfo":{"ByLineInfo":{"Brand":{"DisplayValue":"STILORD","Label":"Brand","Locale":"es_ES"},"Manufacturer":{"DisplayValue":"STILORD","Label":"Manufacturer","Locale":"es_ES"}},"Title":{"DisplayValue":"STILORD 'Bryn' Mochila para Portátil Grande Cuero Vintage Mochila de Negocios para Portatiles de 15.6 Pulgadas Mochila de Oficina XL en Cuero Genuino, Color:Negro","Label":"Title","Locale":"es_ES"}},"Offers":{"Summaries":[{"Condition":{"Value":"New"},"LowestPrice":{"Amount":139.0,"Currency":"EUR","DisplayAmount":"139,00 €"}}]}}],"SearchURL":"https://www.amazon.es/s?k=cuero+negro&rh=n%3A2007986031%2Cp_n_availability%3A-1&tag=topinalambricos-21&linkCode=osi","TotalResultCount":261}},"141":{"SearchResult":{"Items":[{"ASIN":"B0BVQDFRYD","DetailPageURL":"https://www.amazon.es/dp/B0BVQDFRYD?tag=topinalambricos-21&linkCode=osi&th=1&psc=1","Images":{"Primary":{"Small":{"Height":75,"URL":"https://m.media-amazon.com/images/I/41BGnK3GAPL._SL75_.jpg","Width":54}}},"ItemInfo":{"ByLineInfo":{"Brand":{"DisplayValue":"Baosha","Label":"Brand","Locale":"es_ES"},"Manufacturer":{"DisplayValue":"BAOSHA","Label":"Manufacturer","Locale":"es_ES"}},"Title":{"DisplayValue":"Mochila de cuero para portátil de 15.6 pulgadas, mochila escolar universitaria, mochila de viaje para negocios CN-01, marrón, L","Label":"Title","Locale":"es_ES"}},"Offers":{"Summaries":[{"Condition":{"Value":"New"},"LowestPrice":{"Amount":40.46,"Currency":"EUR","DisplayAmount":"40,46 €"}}]}},{"ASIN":"B08DKV676B","DetailPageURL":"https://www.amazon.es/dp/B08DKV676B?tag=topinalambricos-21&linkCode=osi&th=1&psc=1","Images":{"Primary":{"Small":{"Height":75,"URL":"https://m.media-amazon.com/images/I/41R3wq4P1NL._SL75_.jpg","Width":75}}},"ItemInfo":{"ByLineInfo":{"Brand":{"DisplayValue":"FANDARE","Label":"Brand","Locale":"es_ES"}},"Title":{"DisplayValue":"FANDARE Retro Mochila Mochilas Tipo Casual Bolsas Escolares Bolsa de Hombro Bolsa de Viaje Daypacks Bolsos de Mujer Hombre Adolescente Al Aire Libre Viaje Compras Excursionismo PU Marron Oscuro","Label":"Title","Locale":"es_ES"}},"Offers":{"Summaries":[{"Condition":{"Value":"New"},"LowestPrice":{"Amount":39.99,"Currency":"EUR","DisplayAmount":"39,99 €"}}]}},{"ASIN":"B07FVNMGSC","DetailPageURL":"https://www.amazon.es/dp/B07FVNMGSC?tag=topinalambricos-21&linkCode=osi&th=1&psc=1","Images":{"Primary":{"Small":{"Height":75,"URL":"https://m.media-amazon.com/images/I/41uDUGaua+L._SL75_.jpg","Width":75}}},"ItemInfo":{"ByLineInfo":{"Brand":{"DisplayValue":"VASCHY","Label":"Brand","Locale":"es_ES"}},"Title":{"DisplayValue":"VASCHY Mochila Mujer,Bolsos Mochila Piel Pequenas Casual Moda Bolsillo Múltiple Bolsa Escolares para Niña con Cordón Marrón Talla única","Label":"Title","Locale":"es_ES"}},"Offers":{"Summaries":[{"Condition":{"Value":"Used"},"LowestPrice":{"Amount":29.66,"Currency":"EUR","DisplayAmount":"29,66 €"}},{"Condition":{"Value":"New"},"LowestPrice":{"Amount":31.89,"Currency":"EUR","DisplayAmount":"31,89 €"}}]}},{"ASIN":"B07RBXTH55","DetailPageURL":"https://www.amazon.es/dp/B07RBXTH55?tag=topinalambricos-21&linkCode=osi&th=1&psc=1","Images":{"Primary":{"Small":{"Height":75,"URL":"https://m.media-amazon.com/images/I/41oI5a1x1mL._SL75_.jpg","Width":75}}},"ItemInfo":{"ByLineInfo":{"Brand":{"DisplayValue":"STILORD","Label":"Brand","Locale":"es_ES"},"Manufacturer":{"DisplayValue":"STILORD","Label":"Manufacturer","Locale":"es_ES"}},"Title":{"DisplayValue":"STILORD 'Charlie' Vintage Mochila de Cuero Marrón para Hombres Mujeres Grande Salveque Universidad Trabajo Escuela Portátil 13,3 Pulgadas de Piel, Color:marrón Oscuro - Opaco","Label":"Title","Locale":"es_ES"}},"Offers":{"Summaries":[{"Condition":{"Value":"New"},"LowestPrice":{"Amount":109.0,"Currency":"EUR","DisplayAmount":"109,00 €"}}]}},{"ASIN":"B082P3FK82","DetailPageURL":"https://www.amazon.es/dp/B082P3FK82?tag=topinalambricos-21&linkCode=osi&th=1&psc=1","Images":{"Primary":{"Small":{"Height":75,"URL":"https://m.media-amazon.com/images/I/41cvTr+TJmL._SL75_.jpg","Width":75}}},"ItemInfo":{"ByLineInfo":{"Brand":{"DisplayValue":"STILORD","Label":"Brand","Locale":"es_ES"},"Manufacturer":{"DisplayValue":"STILORD","Label":"Manufacturer","Locale":"es_ES"}},"Title":{"DisplayValue":"STILORD 'Nalos' Mochila Marron Cuero para Mujer Hombre Vintage para Universidad Escuela Tiempo Libre Bolso de Piel para Ordenador Portátil 13,3 Pulgadas, Color:Milano - marrón","Label":"Title","Locale":"es_ES"}},"Offers":{"Summaries":[{"Condition":{"Value":"New"},"LowestPrice":{"Amount":139.9,"Currency":"EUR","DisplayAmount":"139,90 €"}}]}},{"ASIN":"B08KFHLXNV","DetailPageURL":"https://www.amazon.es/dp/B08KFHLXNV?tag=topinalambricos-21&linkCode=osi&th=1&psc=1","Images":{"Primary":{"Small":{"Height":75,"URL":"https://m.media-amazon.com/images/I/41lhaMMh2oL._SL75_.jpg","Width":57}}},"ItemInfo":{"ByLineInfo":{"Brand":{"DisplayValue":"Corno d´Oro","Label":"Brand","Locale":"es_ES"},"Manufacturer":{"DisplayValue":"Corno d´Oro","Label":"Manufacturer","Locale":"es_ES"}},"Title":{"DisplayValue":"Corno d'Oro Mochila vintage para hombre y mujer para ordenador portátil de 14 pulgadas, mochila backpack de cuero real marrón BP817 para trabajo y viaje","Label":"Title","Locale":"es_ES"}},"Offers":{"Summaries":[{"Condition":{"Value":"New"},"LowestPrice":{"Amount":129.0,"Currency":"EUR","DisplayAmount":"129,00 €"}}]}},{"ASIN":"B092XBW82X","DetailPageURL":"https://www.amazon.es/dp/B092XBW82X?tag=topinalambricos-21&linkCode=osi&th=1&psc=1","Images":{"Primary":{"Small":{"Height":75,"URL":"https://m.media-amazon.com/images/I/51tWXxXtgnS._SL75_.jpg","Width":75}}},"ItemInfo":{"ByLineInfo":{"Brand":{"DisplayValue":"Lois","Label":"Brand","Locale":"es_ES"},"Contributors":[{"Locale":"es_ES","Name":"Lois","Role":"Diseñador","RoleType":"designer"}],"Manufacturer":{"DisplayValue":"LOIS","Label":"Manufacturer","Locale":"es_ES"}},"Title":{"DisplayValue":"Lois - Mochila Trabajo para Portátil - Mochila Ordenador Portatil para Hombre de Uso Diario, Oficina y Universidad - Mochila Portatil Resistente 310237, Marron","Label":"Title","Locale":"es_ES"}},"Offers":{"Summaries":[{"Condition":{"Value":"New"},"LowestPrice":{"Amount":44.9,"Currency":"EUR","DisplayAmount":"44,90 €"}}]}},{"ASIN":"B0BQCFZ816","DetailPageURL":"https://www.amazon.es/dp/B0BQCFZ816?tag=topinalambricos-21&linkCode=osi&th=1&psc=1","Images":{"Primary":{"Small":{"Height":75,"URL":"https://m.media-amazon.com/images/I/51MQ-WWVcGL._SL75_.jpg","Width":75}}},"ItemInfo":{"ByLineInfo":{"Brand":{"DisplayValue":"STILORD","Label":"Brand","Locale":"es_ES"},"Manufacturer":{"DisplayValue":"STILORD","Label":"Manufacturer","Locale":"es_ES"}},"Title":{"DisplayValue":"STILORD 'Kaya' Mochila portátil Cuero de 15 Pulgadas para Hombre con Compartimento portátil Mochila Vintage para Profesor, Color:Samari - marrón","Label":"Title","Locale":"es_ES"}},"Offers":{"Summaries":[{"Condition":{"Value":"New"},"LowestPrice":{"Amount":169.9,"Currency":"EUR","DisplayAmount":"169,90 €"}}]}},{"ASIN":"B0BNHRCKKN","DetailPageURL":"https://www.amazon.es/dp/B0BNHRCKKN?tag=topinalambricos-21&linkCode=osi&th=1&psc=1","Images":{"Primary":{"Small":{"Height":75,"URL":"https://m.media-amazon.com/images/I/41fYPQfY-gL._SL75_.jpg","Width":75}}},"ItemInfo":{"ByLineInfo":{"Brand":{"DisplayValue":"Lois","Label":"Brand","Locale":"es_ES"},"Contributors":[{"Locale":"es_ES","Name":"Lois","Role":"Diseñador","RoleType":"designer"}],"Manufacturer":{"DisplayValue":"Lois","Label":"Manufacturer","Locale":"es_ES"}},"Title":{"DisplayValue":"Lois - Mochila Trabajo para Portátil - Mochila Ordenador Portatil para Hombre de Uso Diario, Oficina y Universidad - Mochila Portatil Resistente 317337, Marron","Label":"Title","Locale":"es_ES"}},"Offers":{"Summaries":[{"Condition":{"Value":"New"},"LowestPrice":{"Amount":63.88,"Currency":"EUR","DisplayAmount":"63,88 €"}}]}},{"ASIN":"B09H3BNYCM","DetailPageURL":"https://www.amazon.es/dp/B09H3BNYCM?tag=topinalambricos-21&linkCode=osi&th=1&psc=1","Images":{"Primary":{"Small":{"Height":75,"URL":"https://m.media-amazon.com/images/I/51tmat-FTlL._SL75_.jpg","Width":75}}},"ItemInfo":{"ByLineInfo":{"Brand":{"DisplayValue":"STILORD","Label":"Brand","Locale":"es_ES"},"Manufacturer":{"DisplayValue":"STILORD","Label":"Manufacturer","Locale":"es_ES"}},"Title":{"DisplayValue":"STILORD 'Jayden' Mochila Negocios Hombres de Cuero Grande de la Vendimia con el Compartimiento del Ordenador Portátil de 15 Pulgadas DIN A4, Color:maraska - marrón","Label":"Title","Locale":"es_ES"}},"Offers":{"Summaries":[{"Condition":{"Value":"New"},"LowestPrice":{"Amount":149.9,"Currency":"EUR","DisplayAmount":"149,90 €"}}]}}],"SearchURL":"https://www.amazon.es/s?k=cuero+marron&rh=n%3A2007986031%2Cp_n_availability%3A-1&tag=topinalambricos-21&linkCode=osi","TotalResultCount":598}},"142":{"SearchResult":{"Items":[{"ASIN":"B09MYCYMHT","DetailPageURL":"https://www.amazon.es/dp/B09MYCYMHT?tag=topinalambricos-21&linkCode=osi&th=1&psc=1","Images":{"Primary":{"Small":{"Height":68,"URL":"https://m.media-amazon.com/images/I/418hwE5JF-L._SL75_.jpg","Width":75}}},"ItemInfo":{"ByLineInfo":{"Brand":{"DisplayValue":"zhongningyifeng","Label":"Brand","Locale":"es_ES"},"Manufacturer":{"DisplayValue":"taizhou","Label":"Manufacturer","Locale":"es_ES"}},"Title":{"DisplayValue":"zhongningyifeng Mochila para mujer pequeña de cuero lindo, mini mochila de viaje de moda para niñas adolescentes","Label":"Title","Locale":"es_ES"}},"Offers":{"Summaries":[{"Condition":{"Value":"New"},"LowestPrice":{"Amount":34.99,"Currency":"EUR","DisplayAmount":"34,99 €"}}]}},{"ASIN":"B09MYHX2LP","DetailPageURL":"https://www.amazon.es/dp/B09MYHX2LP?tag=topinalambricos-21&linkCode=osi&th=1&psc=1","Images":{"Primary":{"Small":{"Height":68,"URL":"https://m.media-amazon.com/images/I/41mV-ZZ42AL._SL75_.jpg","Width":75}}},"ItemInfo":{"ByLineInfo":{"Brand":{"DisplayValue":"zhongningyifeng","Label":"Brand","Locale":"es_ES"},"Manufacturer":{"DisplayValue":"taizhou","Label":"Manufacturer","Locale":"es_ES"}},"Title":{"DisplayValue":"zhongningyifeng Mochila para mujer pequeña de cuero lindo, mini mochila de viaje de moda para niñas adolescentes","Label":"Title","Locale":"es_ES"}},"Offers":{"Summaries":[{"Condition":{"Value":"New"},"LowestPrice":{"Amount":34.99,"Currency":"EUR","DisplayAmount":"34,99 €"}}]}},{"ASIN":"B0BTPZH8PN","DetailPageURL":"https://www.amazon.es/dp/B0BTPZH8PN?tag=topinalambricos-21&linkCode=osi&th=1&psc=1","Images":{"Primary":{"Small":{"Height":75,"URL":"https://m.media-amazon.com/images/I/41h9n6eTIvL._SL75_.jpg","Width":75}}},"ItemInfo":{"ByLineInfo":{"Brand":{"DisplayValue":"STILORD","Label":"Brand","Locale":"es_ES"},"Manufacturer":{"DisplayValue":"STILORD","Label":"Manufacturer","Locale":"es_ES"}},"Title":{"DisplayValue":"STILORD 'Igor' Mochila Grande Piel Hombres y Mujeres para portátil 18 Pulgadas Mochila de Viaje de Cuero Bolsa de Profesores, Color:Brandy - coñac","Label":"Title","Locale":"es_ES"}},"Offers":{"Summaries":[{"Condition":{"Value":"New"},"LowestPrice":{"Amount":184.9,"Currency":"EUR","DisplayAmount":"184,90 €"}}]}},{"ASIN":"B0B4T1YTGM","DetailPageURL":"https://www.amazon.es/dp/B0B4T1YTGM?tag=topinalambricos-21&linkCode=osi&th=1&psc=1","Images":{"Primary":{"Small":{"Height":75,"URL":"https://m.media-amazon.com/images/I/312zNT2tJUL._SL75_.jpg","Width":75}}},"ItemInfo":{"ByLineInfo":{"Brand":{"DisplayValue":"STILORD","Label":"Brand","Locale":"es_ES"},"Manufacturer":{"DisplayValue":"STILORD","Label":"Manufacturer","Locale":"es_ES"}},"Title":{"DisplayValue":"STILORD 'Calla' Mochila de Cuero Señoras Pequeña Bolsa Elegante Mujeres Piel Genuina City Daypack Vintage Moderna Bolsa de Cuero Mini Mochilas Damas, Color:Negro","Label":"Title","Locale":"es_ES"}},"Offers":{"Summaries":[{"Condition":{"Value":"New"},"LowestPrice":{"Amount":89.9,"Currency":"EUR","DisplayAmount":"89,90 €"}}]}},{"ASIN":"B081C46K1N","DetailPageURL":"https://www.amazon.es/dp/B081C46K1N?tag=topinalambricos-21&linkCode=osi&th=1&psc=1","Images":{"Primary":{"Small":{"Height":75,"URL":"https://m.media-amazon.com/images/I/41eiy3RFhDL._SL75_.jpg","Width":75}}},"ItemInfo":{"ByLineInfo":{"Brand":{"DisplayValue":"LUI SUI","Label":"Brand","Locale":"es_ES"}},"Title":{"DisplayValue":"LUI SUI Mochila de Cuero Mini Mochila Escolar Impermeable Casual Mochilas de Viaje Monedero pequeño y Lindo para niñas Adolescentes Damas Mujeres","Label":"Title","Locale":"es_ES"}},"Offers":{"Summaries":[{"Condition":{"Value":"New"},"LowestPrice":{"Amount":24.99,"Currency":"EUR","DisplayAmount":"24,99 €"}}]}},{"ASIN":"B01MZ7C951","DetailPageURL":"https://www.amazon.es/dp/B01MZ7C951?tag=topinalambricos-21&linkCode=osi&th=1&psc=1","Images":{"Primary":{"Small":{"Height":75,"URL":"https://m.media-amazon.com/images/I/41yWJn2q9CL._SL75_.jpg","Width":75}}},"ItemInfo":{"ByLineInfo":{"Brand":{"DisplayValue":"David Jones","Label":"Brand","Locale":"es_ES"}},"Title":{"DisplayValue":"David Jones - Bolso Mochila Mujer Pequeña - Morral Cuero Piel PU Suave - Backpack Daypack Casual Mini Señora Niña - Bolsos de Mano Hombro Viaje Escolar Universidad Colegio Ocio Elegante Moda - Rosa","Label":"Title","Locale":"es_ES"}},"Offers":{"Summaries":[{"Condition":{"Value":"New"},"LowestPrice":{"Amount":39.99,"Currency":"EUR","DisplayAmount":"39,99 €"}}]}},{"ASIN":"B09CMHFJ1K","DetailPageURL":"https://www.amazon.es/dp/B09CMHFJ1K?tag=topinalambricos-21&linkCode=osi&th=1&psc=1","Images":{"Primary":{"Small":{"Height":75,"URL":"https://m.media-amazon.com/images/I/41-JLJtVupL._SL75_.jpg","Width":75}}},"ItemInfo":{"ByLineInfo":{"Brand":{"DisplayValue":"PORRASSO","Label":"Brand","Locale":"es_ES"},"Manufacturer":{"DisplayValue":"PORRASSO","Label":"Manufacturer","Locale":"es_ES"}},"Title":{"DisplayValue":"PORRASSO Moda Mini Mochila Mujer Pequeña Daypack Niñas Mochila de Cuero PU Monedero de Viaje para Cita Uso Diario Gris Claro","Label":"Title","Locale":"es_ES"}},"Offers":{"Summaries":[{"Condition":{"Value":"New"},"LowestPrice":{"Amount":30.99,"Currency":"EUR","DisplayAmount":"30,99 €"}}]}},{"ASIN":"B0B3NGNFG4","DetailPageURL":"https://www.amazon.es/dp/B0B3NGNFG4?tag=topinalambricos-21&linkCode=osi&th=1&psc=1","Images":{"Primary":{"Small":{"Height":75,"URL":"https://m.media-amazon.com/images/I/41vedi092pL._SL75_.jpg","Width":57}}},"ItemInfo":{"ByLineInfo":{"Brand":{"DisplayValue":"MAGIC SELECT","Label":"Brand","Locale":"es_ES"},"Manufacturer":{"DisplayValue":"MAGIC SELECT","Label":"Manufacturer","Locale":"es_ES"}},"Title":{"DisplayValue":"MAGIC SELECT Bolso Mochila para Mujer Casual hecha de Cuero PU con 3 Cremalleras Metálicas, 5 Compartimentos, Asa Superior y Correas Traseras Ajustables para Escuela, Oficina, Viajes.","Label":"Title","Locale":"es_ES"}},"Offers":{"Summaries":[{"Condition":{"Value":"New"},"LowestPrice":{"Amount":19.98,"Currency":"EUR","DisplayAmount":"19,98 €"}}]}},{"ASIN":"B0B4PSSQHM","DetailPageURL":"https://www.amazon.es/dp/B0B4PSSQHM?tag=topinalambricos-21&linkCode=osi&th=1&psc=1","Images":{"Primary":{"Small":{"Height":75,"URL":"https://m.media-amazon.com/images/I/41Fnl16rLJL._SL75_.jpg","Width":75}}},"ItemInfo":{"ByLineInfo":{"Brand":{"DisplayValue":"STILORD","Label":"Brand","Locale":"es_ES"},"Manufacturer":{"DisplayValue":"STILORD","Label":"Manufacturer","Locale":"es_ES"}},"Title":{"DisplayValue":"STILORD 'Rey' Mochila Cruzada para Mujer Cuero Vintage Bolso de Pecho Backpack Mini Mochila Bandolera 2 in 1 Pequeña Bolsa de Mano Auténtica Piel, Color:Torres - marrón","Label":"Title","Locale":"es_ES"}},"Offers":{"Summaries":[{"Condition":{"Value":"New"},"LowestPrice":{"Amount":89.9,"Currency":"EUR","DisplayAmount":"89,90 €"}}]}},{"ASIN":"B071JM89NR","DetailPageURL":"https://www.amazon.es/dp/B071JM89NR?tag=topinalambricos-21&linkCode=osi&th=1&psc=1","Images":{"Primary":{"Small":{"Height":75,"URL":"https://m.media-amazon.com/images/I/41fCjOX54BL._SL75_.jpg","Width":75}}},"ItemInfo":{"ByLineInfo":{"Brand":{"DisplayValue":"Piquadro.","Label":"Brand","Locale":"es_ES"}},"Title":{"DisplayValue":"Piquadro. Blue Square Mochila portaordenador con compartimentoportaiPad®/iPad®mini acolchado - CA3214B2 (Marrón)","Label":"Title","Locale":"es_ES"}},"Offers":{"Summaries":[{"Condition":{"Value":"New"},"LowestPrice":{"Amount":350.0,"Currency":"EUR","DisplayAmount":"350,00 €"}}]}}],"SearchURL":"https://www.amazon.es/s?k=cuero+mini&rh=n%3A2007986031%2Cp_n_availability%3A-1&tag=topinalambricos-21&linkCode=osi","TotalResultCount":637}},"144":{"SearchResult":{"Items":[{"ASIN":"B09V1R1ZC8","DetailPageURL":"https://www.amazon.es/dp/B09V1R1ZC8?tag=topinalambricos-21&linkCode=osi&th=1&psc=1","Images":{"Primary":{"Small":{"Height":75,"URL":"https://m.media-amazon.com/images/I/311rQcLv5JL._SL75_.jpg","Width":75}}},"ItemInfo":{"ByLineInfo":{"Brand":{"DisplayValue":"MISAKO","Label":"Brand","Locale":"es_ES"},"Manufacturer":{"DisplayValue":"MISAKO","Label":"Manufacturer","Locale":"es_ES"}},"Title":{"DisplayValue":"MISAKO DAMIER MOCHILA - Mochila de moda para Mujer - 29X38X12CM - Camel","Label":"Title","Locale":"es_ES"}},"Offers":{"Summaries":[{"Condition":{"Value":"New"},"LowestPrice":{"Amount":32.99,"Currency":"EUR","DisplayAmount":"32,99 €"}}]}},{"ASIN":"B006EJXGIY","DetailPageURL":"https://www.amazon.es/dp/B006EJXGIY?tag=topinalambricos-21&linkCode=osi&th=1&psc=1","Images":{"Primary":{"Small":{"Height":54,"URL":"https://m.media-amazon.com/images/I/21ugeIwpN6L._SL75_.jpg","Width":75}}},"ItemInfo":{"ByLineInfo":{"Brand":{"DisplayValue":"Gusti","Label":"Brand","Locale":"es_ES"}},"Title":{"DisplayValue":"Gusti Bolso de piel - Summer Bolso bandolera de cuero marrón pequeño","Label":"Title","Locale":"es_ES"}},"Offers":{"Summaries":[{"Condition":{"Value":"New"},"LowestPrice":{"Amount":23.95,"Currency":"EUR","DisplayAmount":"23,95 €"}}]}},{"ASIN":"B079BVVL3M","DetailPageURL":"https://www.amazon.es/dp/B079BVVL3M?tag=topinalambricos-21&linkCode=osi&th=1&psc=1","Images":{"Primary":{"Small":{"Height":52,"URL":"https://m.media-amazon.com/images/I/318TA3Pw2nL._SL75_.jpg","Width":75}}},"ItemInfo":{"ByLineInfo":{"Brand":{"DisplayValue":"Gusti","Label":"Brand","Locale":"es_ES"},"Manufacturer":{"DisplayValue":"Gusti Leder studio","Label":"Manufacturer","Locale":"es_ES"}},"Title":{"DisplayValue":"Bolso Bandolera Gusti Cuero Studio Karisma Bolso de Mano Mujer Negro GL_2H83-48-6","Label":"Title","Locale":"es_ES"}},"Offers":{"Summaries":[{"Condition":{"Value":"New"},"LowestPrice":{"Amount":29.95,"Currency":"EUR","DisplayAmount":"29,95 €"}}]}},{"ASIN":"B08TBTMKT4","DetailPageURL":"https://www.amazon.es/dp/B08TBTMKT4?tag=topinalambricos-21&linkCode=osi&th=1&psc=1","Images":{"Primary":{"Small":{"Height":75,"URL":"https://m.media-amazon.com/images/I/21IXsb6IXYS._SL75_.jpg","Width":57}}},"ItemInfo":{"ByLineInfo":{"Brand":{"DisplayValue":"Desigual","Label":"Brand","Locale":"es_ES"},"Manufacturer":{"DisplayValue":"Desigual","Label":"Manufacturer","Locale":"es_ES"}},"Title":{"DisplayValue":"Desigual Bols deja Vu Phuket Mini, Bolso De Mano Mujer, Marrón, Talla Única","Label":"Title","Locale":"es_ES"}},"Offers":{"Summaries":[{"Condition":{"Value":"New"},"LowestPrice":{"Amount":40.36,"Currency":"EUR","DisplayAmount":"40,36 €"}}]}},{"ASIN":"B07JLJ1D4H","DetailPageURL":"https://www.amazon.es/dp/B07JLJ1D4H?tag=topinalambricos-21&linkCode=osi&th=1&psc=1","Images":{"Primary":{"Small":{"Height":75,"URL":"https://m.media-amazon.com/images/I/518RO39xaGL._SL75_.jpg","Width":75}}},"ItemInfo":{"ByLineInfo":{"Brand":{"DisplayValue":"FIRENZE ARTEGIANI","Label":"Brand","Locale":"es_ES"},"Manufacturer":{"DisplayValue":"Firenze Artegiani","Label":"Manufacturer","Locale":"es_ES"}},"Title":{"DisplayValue":"Firenze Artegiani Bolso Bandolera de Mujer en Piel auténtica, Acabado Gamuza, Solapa con Bolsillo con Cierre Cremallera, 24 cm, Marrón Oscuro","Label":"Title","Locale":"es_ES"}},"Offers":{"Summaries":[{"Condition":{"Value":"New"},"LowestPrice":{"Amount":24.4,"Currency":"EUR","DisplayAmount":"24,40 €"}}]}},{"ASIN":"B0B15DXDFH","DetailPageURL":"https://www.amazon.es/dp/B0B15DXDFH?tag=topinalambricos-21&linkCode=osi&th=1&psc=1","Images":{"Primary":{"Small":{"Height":58,"URL":"https://m.media-amazon.com/images/I/51sueg9ql1L._SL75_.jpg","Width":75}}},"ItemInfo":{"ByLineInfo":{"Brand":{"DisplayValue":"Love Moschino","Label":"Brand","Locale":"es_ES"},"Manufacturer":{"DisplayValue":"Pollini s.p.a.","Label":"Manufacturer","Locale":"es_ES"}},"Title":{"DisplayValue":"Love Moschino JC4068PP1GLP1, Bandolera Mujer, Negro, Talla única","Label":"Title","Locale":"es_ES"}},"Offers":{"Summaries":[{"Condition":{"Value":"New"},"LowestPrice":{"Amount":79.91,"Currency":"EUR","DisplayAmount":"79,91 €"}}]}},{"ASIN":"B09RZXXZH4","DetailPageURL":"https://www.amazon.es/dp/B09RZXXZH4?tag=topinalambricos-21&linkCode=osi&th=1&psc=1","Images":{"Primary":{"Small":{"Height":75,"URL":"https://m.media-amazon.com/images/I/410J0SmdMXL._SL75_.jpg","Width":75}}},"ItemInfo":{"ByLineInfo":{"Brand":{"DisplayValue":"Lois","Label":"Brand","Locale":"es_ES"},"Contributors":[{"Locale":"es_ES","Name":"Lois","Role":"Diseñador","RoleType":"designer"}],"Manufacturer":{"DisplayValue":"Lois","Label":"Manufacturer","Locale":"es_ES"}},"Title":{"DisplayValue":"Lois - Bolso Mochila Mujer Casual - Bolsos Mochila para Mujer. Mochila Bolso Mujer de Marca Lois. Mochila Casual Mujer -Mochilas Pequeñas Mujer. Mochilas Mujer Moda 310723, Blanco","Label":"Title","Locale":"es_ES"}},"Offers":{"Summaries":[{"Condition":{"Value":"New"},"LowestPrice":{"Amount":44.98,"Currency":"EUR","DisplayAmount":"44,98 €"}}]}},{"ASIN":"B09GPQQM8C","DetailPageURL":"https://www.amazon.es/dp/B09GPQQM8C?tag=topinalambricos-21&linkCode=osi&th=1&psc=1","Images":{"Primary":{"Small":{"Height":75,"URL":"https://m.media-amazon.com/images/I/5164z9LVrKL._SL75_.jpg","Width":75}}},"ItemInfo":{"ByLineInfo":{"Brand":{"DisplayValue":"Lois","Label":"Brand","Locale":"es_ES"},"Contributors":[{"Locale":"es_ES","Name":"Lois","Role":"Diseñador","RoleType":"designer"}],"Manufacturer":{"DisplayValue":"LOIS","Label":"Manufacturer","Locale":"es_ES"}},"Title":{"DisplayValue":"Lois - Bolso Bandolera Mujer - Bolso Mujer Pequeño de Marca. Bolso Lois Mujer - Bolso Mujer Bandolera de Uso Diario - Bolso Pequeño Mujer 302656, Camel","Label":"Title","Locale":"es_ES"}},"Offers":{"Summaries":[{"Condition":{"Value":"New"},"LowestPrice":{"Amount":44.99,"Currency":"EUR","DisplayAmount":"44,99 €"}}]}},{"ASIN":"B0BN4LCZVW","DetailPageURL":"https://www.amazon.es/dp/B0BN4LCZVW?tag=topinalambricos-21&linkCode=osi&th=1&psc=1","Images":{"Primary":{"Small":{"Height":75,"URL":"https://m.media-amazon.com/images/I/31QMQpvOXHL._SL75_.jpg","Width":75}}},"ItemInfo":{"ByLineInfo":{"Brand":{"DisplayValue":"Michael Kors","Label":"Brand","Locale":"es_ES"},"Manufacturer":{"DisplayValue":"MICHAEL KORS","Label":"Manufacturer","Locale":"es_ES"}},"Title":{"DisplayValue":"Michael Kors Parker Key Card Holder, Bag Women, Zwart","Label":"Title","Locale":"es_ES"}},"Offers":{"Summaries":[{"Condition":{"Value":"New"},"LowestPrice":{"Amount":74.5,"Currency":"EUR","DisplayAmount":"74,50 €"}}]}},{"ASIN":"B00EDNTGA0","DetailPageURL":"https://www.amazon.es/dp/B00EDNTGA0?tag=topinalambricos-21&linkCode=osi&th=1&psc=1","Images":{"Primary":{"Small":{"Height":53,"URL":"https://m.media-amazon.com/images/I/41uaZnb62HL._SL75_.jpg","Width":75}}},"ItemInfo":{"ByLineInfo":{"Brand":{"DisplayValue":"Gusti","Label":"Brand","Locale":"es_ES"},"Manufacturer":{"DisplayValue":"Gusti Leder","Label":"Manufacturer","Locale":"es_ES"}},"Title":{"DisplayValue":"Gusti Cuero nature Tamara Bolso Bandolera Vintage Retro Piel De Cabra Mujer Hombre Unisex Universidad Trabajo Oficina Marrón K45b","Label":"Title","Locale":"es_ES"}},"Offers":{"Summaries":[{"Condition":{"Value":"New"},"LowestPrice":{"Amount":39.95,"Currency":"EUR","DisplayAmount":"39,95 €"}}]}}],"SearchURL":"https://www.amazon.es/s?k=bolso+cuero&rh=n%3A2007973031%2Cp_n_availability%3A-1&tag=topinalambricos-21&linkCode=osi","TotalResultCount":1000}},"145":{"SearchResult":{"Items":[{"ASIN":"B09RLXCYSP","DetailPageURL":"https://www.amazon.es/dp/B09RLXCYSP?tag=topinalambricos-21&linkCode=osi&th=1&psc=1","Images":{"Primary":{"Small":{"Height":75,"URL":"https://m.media-amazon.com/images/I/31gPkNAtWbL._SL75_.jpg","Width":75}}},"ItemInfo":{"ByLineInfo":{"Brand":{"DisplayValue":"Lois","Label":"Brand","Locale":"es_ES"},"Contributors":[{"Locale":"es_ES","Name":"Lois","Role":"Diseñador","RoleType":"designer"}],"Manufacturer":{"DisplayValue":"Lois","Label":"Manufacturer","Locale":"es_ES"}},"Title":{"DisplayValue":"Lois - Bandoleras Hombre - Bolso Hombre Bandolera Ajustable - Bandolera Hombre Lois de Lona-Polipiel - Bolso Bandolera Hombre para Uso Diario. Bolso de Hombre Pequeño 314919, Negro","Label":"Title","Locale":"es_ES"}},"Offers":{"Summaries":[{"Condition":{"Value":"New"},"LowestPrice":{"Amount":42.99,"Currency":"EUR","DisplayAmount":"42,99 €"}}]}},{"ASIN":"B0BNJDNWFW","DetailPageURL":"https://www.amazon.es/dp/B0BNJDNWFW?tag=topinalambricos-21&linkCode=osi&th=1&psc=1","Images":{"Primary":{"Small":{"Height":75,"URL":"https://m.media-amazon.com/images/I/51l4+wWPYnL._SL75_.jpg","Width":75}}},"ItemInfo":{"ByLineInfo":{"Brand":{"DisplayValue":"Lois","Label":"Brand","Locale":"es_ES"},"Contributors":[{"Locale":"es_ES","Name":"Lois","Role":"Diseñador","RoleType":"designer"}],"Manufacturer":{"DisplayValue":"Lois","Label":"Manufacturer","Locale":"es_ES"}},"Title":{"DisplayValue":"Lois - Bandoleras Hombre - Bolso Hombre Bandolera Ajustable - Bandolera Hombre Lois de Polipiel - Bolso Bandolera Hombre para Uso Diario. Bolso de Hombre Pequeño 317316, Marron","Label":"Title","Locale":"es_ES"}},"Offers":{"Summaries":[{"Condition":{"Value":"New"},"LowestPrice":{"Amount":44.99,"Currency":"EUR","DisplayAmount":"44,99 €"}}]}},{"ASIN":"B09XHTG3SW","DetailPageURL":"https://www.amazon.es/dp/B09XHTG3SW?tag=topinalambricos-21&linkCode=osi&th=1&psc=1","Images":{"Primary":{"Small":{"Height":75,"URL":"https://m.media-amazon.com/images/I/414M9zHpV5L._SL75_.jpg","Width":75}}},"ItemInfo":{"ByLineInfo":{"Brand":{"DisplayValue":"Naudamp","Label":"Brand","Locale":"es_ES"},"Manufacturer":{"DisplayValue":"Naudamp","Label":"Manufacturer","Locale":"es_ES"}},"Title":{"DisplayValue":"Naudamp Bolso de Hombro para Hombre, Moda Bolso de Mensajero de Cuero PU, Mochila de Ocio, Bolso de Viaje Deportivo al Aire Libre","Label":"Title","Locale":"es_ES"}},"Offers":{"Summaries":[{"Condition":{"Value":"New"},"LowestPrice":{"Amount":22.98,"Currency":"EUR","DisplayAmount":"22,98 €"}}]}},{"ASIN":"B094RS5WHR","DetailPageURL":"https://www.amazon.es/dp/B094RS5WHR?tag=topinalambricos-21&linkCode=osi&th=1&psc=1","Images":{"Primary":{"Small":{"Height":75,"URL":"https://m.media-amazon.com/images/I/31npjZBFHsL._SL75_.jpg","Width":52}}},"ItemInfo":{"ByLineInfo":{"Brand":{"DisplayValue":"Reebok","Label":"Brand","Locale":"es_ES"},"Manufacturer":{"DisplayValue":"Reebok","Label":"Manufacturer","Locale":"es_ES"}},"Title":{"DisplayValue":"Reebok MYT City Bandolera, Adultos Unisex, Black, Talla Única","Label":"Title","Locale":"es_ES"}},"Offers":{"Summaries":[{"Condition":{"Value":"New"},"LowestPrice":{"Amount":15.0,"Currency":"EUR","DisplayAmount":"15,00 €"}}]}},{"ASIN":"B09ZYLTB9L","DetailPageURL":"https://www.amazon.es/dp/B09ZYLTB9L?tag=topinalambricos-21&linkCode=osi&th=1&psc=1","Images":{"Primary":{"Small":{"Height":75,"URL":"https://m.media-amazon.com/images/I/31-vFm3P4yL._SL75_.jpg","Width":75}}},"ItemInfo":{"ByLineInfo":{"Brand":{"DisplayValue":"Lois","Label":"Brand","Locale":"es_ES"},"Contributors":[{"Locale":"es_ES","Name":"Lois","Role":"Diseñador","RoleType":"designer"}],"Manufacturer":{"DisplayValue":"Lois","Label":"Manufacturer","Locale":"es_ES"}},"Title":{"DisplayValue":"Lois - Bolso de Mano de Hombre Multifuncional - Bolso de Mano Hombre - Bolso de Hombre Gran Capacidad. Bolso Hombre Mano Práctico y Duradero - Bolso Hombre Pequeño. Bolso para Hombres 307885, Marron","Label":"Title","Locale":"es_ES"}},"Offers":{"Summaries":[{"Condition":{"Value":"New"},"LowestPrice":{"Amount":29.99,"Currency":"EUR","DisplayAmount":"29,99 €"}}]}},{"ASIN":"B095KMZ5MR","DetailPageURL":"https://www.amazon.es/dp/B095KMZ5MR?tag=topinalambricos-21&linkCode=osi&th=1&psc=1","Images":{"Primary":{"Small":{"Height":75,"URL":"https://m.media-amazon.com/images/I/41DltRVzodS._SL75_.jpg","Width":75}}},"ItemInfo":{"ByLineInfo":{"Brand":{"DisplayValue":"Coronel Tapiocca","Label":"Brand","Locale":"es_ES"},"Manufacturer":{"DisplayValue":"Coronel Tapiocca","Label":"Manufacturer","Locale":"es_ES"}},"Title":{"DisplayValue":"Coronel Tapiocca Mano para Hombre, Bolso Bandolera, Marrón, Talla única, 0LX8865","Label":"Title","Locale":"es_ES"}},"Offers":{"Summaries":[{"Condition":{"Value":"New"},"LowestPrice":{"Amount":32.99,"Currency":"EUR","DisplayAmount":"32,99 €"}}]}},{"ASIN":"B08LLBPCBW","DetailPageURL":"https://www.amazon.es/dp/B08LLBPCBW?tag=topinalambricos-21&linkCode=osi&th=1&psc=1","Images":{"Primary":{"Small":{"Height":75,"URL":"https://m.media-amazon.com/images/I/51qUbx0M-FL._SL75_.jpg","Width":75}}},"ItemInfo":{"ByLineInfo":{"Brand":{"DisplayValue":"Lois","Label":"Brand","Locale":"es_ES"},"Contributors":[{"Locale":"es_ES","Name":"Lois","Role":"Diseñador","RoleType":"designer"}],"Manufacturer":{"DisplayValue":"LOIS","Label":"Manufacturer","Locale":"es_ES"}},"Title":{"DisplayValue":"Lois - Bandoleras Hombre - Bolso Hombre Bandolera Ajustable - Bandolera Hombre Lois de Polipiel - Bolso Bandolera Hombre para Uso Diario. Bolso de Hombre Pequeño 310219, Negro","Label":"Title","Locale":"es_ES"}},"Offers":{"Summaries":[{"Condition":{"Value":"New"},"LowestPrice":{"Amount":36.99,"Currency":"EUR","DisplayAmount":"36,99 €"}}]}},{"ASIN":"B0B7NYXDK7","DetailPageURL":"https://www.amazon.es/dp/B0B7NYXDK7?tag=topinalambricos-21&linkCode=osi&th=1&psc=1","Images":{"Primary":{"Small":{"Height":75,"URL":"https://m.media-amazon.com/images/I/41L8sQLfduL._SL75_.jpg","Width":75}}},"ItemInfo":{"ByLineInfo":{"Brand":{"DisplayValue":"Lois","Label":"Brand","Locale":"es_ES"},"Contributors":[{"Locale":"es_ES","Name":"Lois","Role":"Diseñador","RoleType":"designer"}],"Manufacturer":{"DisplayValue":"Lois","Label":"Manufacturer","Locale":"es_ES"}},"Title":{"DisplayValue":"Lois - Bandoleras Hombre - Bolso Hombre Bandolera Ajustable - Bandolera Hombre Lois de Polipiel - Bolso Bandolera Hombre para Uso Diario. Bolso de Hombre Pequeño 40214, Negro","Label":"Title","Locale":"es_ES"}},"Offers":{"Summaries":[{"Condition":{"Value":"New"},"LowestPrice":{"Amount":29.99,"Currency":"EUR","DisplayAmount":"29,99 €"}}]}},{"ASIN":"B07G58BW57","DetailPageURL":"https://www.amazon.es/dp/B07G58BW57?tag=topinalambricos-21&linkCode=osi&th=1&psc=1","Images":{"Primary":{"Small":{"Height":75,"URL":"https://m.media-amazon.com/images/I/51tWEqzBvrL._SL75_.jpg","Width":75}}},"ItemInfo":{"ByLineInfo":{"Brand":{"DisplayValue":"BAIGIO","Label":"Brand","Locale":"es_ES"}},"Title":{"DisplayValue":"BAIGIO Bandolera Hombre Piel Vintage, Bolso de Hombro Cuero Crossbody Bag para Trabajos Negocios, Marrón","Label":"Title","Locale":"es_ES"}},"Offers":{"Summaries":[{"Condition":{"Value":"New"},"LowestPrice":{"Amount":39.99,"Currency":"EUR","DisplayAmount":"39,99 €"}}]}},{"ASIN":"B0BZ87S78P","DetailPageURL":"https://www.amazon.es/dp/B0BZ87S78P?tag=topinalambricos-21&linkCode=osi&th=1&psc=1","Images":{"Primary":{"Small":{"Height":75,"URL":"https://m.media-amazon.com/images/I/51V2U5zbTpL._SL75_.jpg","Width":75}}},"ItemInfo":{"ByLineInfo":{"Brand":{"DisplayValue":"AONEGOLD","Label":"Brand","Locale":"es_ES"}},"Title":{"DisplayValue":"AONEGOLD Bolso Pecho Hombre Pequeña Piel Vintage Mochila de Cuero PU Bandoleras Cruzada Sling Bag Crossbody Puerto de Carga USB Bolsos Cruzados Marrón","Label":"Title","Locale":"es_ES"}},"Offers":{"Summaries":[{"Condition":{"Value":"New"},"LowestPrice":{"Amount":35.99,"Currency":"EUR","DisplayAmount":"35,99 €"}}]}}],"SearchURL":"https://www.amazon.es/s?k=bolso+cuero&rh=n%3A2007968031%2Cp_n_availability%3A-1&tag=topinalambricos-21&linkCode=osi","TotalResultCount":1000}},"146":{"SearchResult":{"Items":[{"ASIN":"B010FJLOXC","DetailPageURL":"https://www.amazon.es/dp/B010FJLOXC?tag=topinalambricos-21&linkCode=osi&th=1&psc=1","Images":{"Primary":{"Small":{"Height":75,"URL":"https://m.media-amazon.com/images/I/5102NymPS+L._SL75_.jpg","Width":65}}},"ItemInfo":{"ByLineInfo":{"Brand":{"DisplayValue":"YOJAN PIEL","Label":"Brand","Locale":"es_ES"}},"Title":{"DisplayValue":"Mochila de Piel Para Mujer | Bolso Bandolera de Hombro con Varios Compartimentos | Casual y Vintage | De Piel Genuina 100% | Resistente, Suave y Duradera","Label":"Title","Locale":"es_ES"}},"Offers":{"Summaries":[{"Condition":{"Value":"New"},"LowestPrice":{"Amount":35.0,"Currency":"EUR","DisplayAmount":"35,00 €"}}]}},{"ASIN":"B0BT7S9557","DetailPageURL":"https://www.amazon.es/dp/B0BT7S9557?tag=topinalambricos-21&linkCode=osi&th=1&psc=1","Images":{"Primary":{"Small":{"Height":75,"URL":"https://m.media-amazon.com/images/I/51sx09GomOL._SL75_.jpg","Width":75}}},"ItemInfo":{"ByLineInfo":{"Brand":{"DisplayValue":"MUXU FROM IBIZA","Label":"Brand","Locale":"es_ES"},"Manufacturer":{"DisplayValue":"artesanal","Label":"Manufacturer","Locale":"es_ES"}},"Title":{"DisplayValue":"MUXU FROM IBIZA. Bolso de mano tipo Clutch hecho a mano por artesanos, material palma y cuero. Ideal para noches de verano, tardes de paseo, tamaño perfecto. (CLUTCH DE PALMA OJOS)","Label":"Title","Locale":"es_ES"}},"Offers":{"Summaries":[{"Condition":{"Value":"New"},"LowestPrice":{"Amount":37.0,"Currency":"EUR","DisplayAmount":"37,00 €"}}]}},{"ASIN":"B0B4T9581F","DetailPageURL":"https://www.amazon.es/dp/B0B4T9581F?tag=topinalambricos-21&linkCode=osi&th=1&psc=1","Images":{"Primary":{"Small":{"Height":75,"URL":"https://m.media-amazon.com/images/I/41iMwvvMaOL._SL75_.jpg","Width":56}}},"ItemInfo":{"ByLineInfo":{"Brand":{"DisplayValue":"Genérico","Label":"Brand","Locale":"es_ES"}},"Title":{"DisplayValue":"Genérico Bolso bandolera de cuero artesanal con flecos negro","Label":"Title","Locale":"es_ES"}},"Offers":{"Summaries":[{"Condition":{"Value":"New"},"LowestPrice":{"Amount":74.95,"Currency":"EUR","DisplayAmount":"74,95 €"}}]}},{"ASIN":"B09QJ6PSRL","DetailPageURL":"https://www.amazon.es/dp/B09QJ6PSRL?tag=topinalambricos-21&linkCode=osi&th=1&psc=1","Images":{"Primary":{"Small":{"Height":75,"URL":"https://m.media-amazon.com/images/I/41CvVUGUSYL._SL75_.jpg","Width":73}}},"ItemInfo":{"ByLineInfo":{"Brand":{"DisplayValue":"Genérico","Label":"Brand","Locale":"es_ES"},"Manufacturer":{"DisplayValue":"artesanal","Label":"Manufacturer","Locale":"es_ES"}},"Title":{"DisplayValue":"Genérico Cartera Bolso Franchi, 100% piel cuero, elegante, artesanal, de diseño, color negro, mujer.","Label":"Title","Locale":"es_ES"}},"Offers":{"Summaries":[{"Condition":{"Value":"New"},"LowestPrice":{"Amount":149.0,"Currency":"EUR","DisplayAmount":"149,00 €"}}]}},{"ASIN":"B0BG3KFZJX","DetailPageURL":"https://www.amazon.es/dp/B0BG3KFZJX?tag=topinalambricos-21&linkCode=osi&th=1&psc=1","Images":{"Primary":{"Small":{"Height":75,"URL":"https://m.media-amazon.com/images/I/41qa8pzcxlL._SL75_.jpg","Width":75}}},"ItemInfo":{"ByLineInfo":{"Brand":{"DisplayValue":"Genérico","Label":"Brand","Locale":"es_ES"},"Manufacturer":{"DisplayValue":"Alter Asia","Label":"Manufacturer","Locale":"es_ES"}},"Title":{"DisplayValue":"Bolso redondo estilo bohemio realizado con mimbre ratán natural y auténtico cuero. Bolsa de paja para hombro de estilo playa artesanal con tela interior de bonitos dibujos","Label":"Title","Locale":"es_ES"}},"Offers":{"Summaries":[{"Condition":{"Value":"New"},"LowestPrice":{"Amount":35.9,"Currency":"EUR","DisplayAmount":"35,90 €"}}]}},{"ASIN":"B076D69W6J","DetailPageURL":"https://www.amazon.es/dp/B076D69W6J?tag=topinalambricos-21&linkCode=osi&th=1&psc=1","Images":{"Primary":{"Small":{"Height":75,"URL":"https://m.media-amazon.com/images/I/51Vgib38KcL._SL75_.jpg","Width":75}}},"ItemInfo":{"ByLineInfo":{"Brand":{"DisplayValue":"DCCN","Label":"Brand","Locale":"es_ES"}},"Title":{"DisplayValue":"DCCN Bolso de hombro para mujer, bolso de cuero pequeño retro marrón","Label":"Title","Locale":"es_ES"}},"Offers":{"Summaries":[{"Condition":{"Value":"New"},"LowestPrice":{"Amount":21.99,"Currency":"EUR","DisplayAmount":"21,99 €"}}]}},{"ASIN":"B071GFVF14","DetailPageURL":"https://www.amazon.es/dp/B071GFVF14?tag=topinalambricos-21&linkCode=osi&th=1&psc=1","Images":{"Primary":{"Small":{"Height":68,"URL":"https://m.media-amazon.com/images/I/51ckKEQlm3L._SL75_.jpg","Width":75}}},"ItemInfo":{"ByLineInfo":{"Brand":{"DisplayValue":"Jaald","Label":"Brand","Locale":"es_ES"},"Manufacturer":{"DisplayValue":"Jaald","Label":"Manufacturer","Locale":"es_ES"}},"Title":{"DisplayValue":"33 cm Hecha a mano Marron elegante Vintage Bolso de cuero del mensajero cada día Bolso de hombro cartera para tablets, ipad, charger perfecta para viaje y oficina regalo para hombres mujeres bolsa de","Label":"Title","Locale":"es_ES"}},"Offers":{"Summaries":[{"Condition":{"Value":"New"},"LowestPrice":{"Amount":45.0,"Currency":"EUR","DisplayAmount":"45,00 €"}}]}},{"ASIN":"B07Y59V6K7","DetailPageURL":"https://www.amazon.es/dp/B07Y59V6K7?tag=topinalambricos-21&linkCode=osi&th=1&psc=1","Images":{"Primary":{"Small":{"Height":62,"URL":"https://m.media-amazon.com/images/I/418Vp1ej1-L._SL75_.jpg","Width":75}}},"ItemInfo":{"ByLineInfo":{"Brand":{"DisplayValue":"Gusti","Label":"Brand","Locale":"es_ES"}},"Title":{"DisplayValue":"Gusti Bolso de cuero Wiebke Bolso mujer bandolera pequeño de piel marrone","Label":"Title","Locale":"es_ES"}},"Offers":{"Summaries":[{"Condition":{"Value":"New"},"LowestPrice":{"Amount":69.95,"Currency":"EUR","DisplayAmount":"69,95 €"}}]}},{"ASIN":"B07JLJ1D4H","DetailPageURL":"https://www.amazon.es/dp/B07JLJ1D4H?tag=topinalambricos-21&linkCode=osi&th=1&psc=1","Images":{"Primary":{"Small":{"Height":75,"URL":"https://m.media-amazon.com/images/I/518RO39xaGL._SL75_.jpg","Width":75}}},"ItemInfo":{"ByLineInfo":{"Brand":{"DisplayValue":"FIRENZE ARTEGIANI","Label":"Brand","Locale":"es_ES"},"Manufacturer":{"DisplayValue":"Firenze Artegiani","Label":"Manufacturer","Locale":"es_ES"}},"Title":{"DisplayValue":"Firenze Artegiani Bolso Bandolera de Mujer en Piel auténtica, Acabado Gamuza, Solapa con Bolsillo con Cierre Cremallera, 24 cm, Marrón Oscuro","Label":"Title","Locale":"es_ES"}},"Offers":{"Summaries":[{"Condition":{"Value":"New"},"LowestPrice":{"Amount":24.4,"Currency":"EUR","DisplayAmount":"24,40 €"}}]}},{"ASIN":"B01FVSDXDQ","DetailPageURL":"https://www.amazon.es/dp/B01FVSDXDQ?tag=topinalambricos-21&linkCode=osi&th=1&psc=1","Images":{"Primary":{"Small":{"Height":75,"URL":"https://m.media-amazon.com/images/I/41ouR4lJETL._SL75_.jpg","Width":58}}},"ItemInfo":{"ByLineInfo":{"Brand":{"DisplayValue":"YOJAN PIEL","Label":"Brand","Locale":"es_ES"}},"Title":{"DisplayValue":"Mochila de Piel Para Mujer | Bolso Bandolera de Hombro con Varios Compartimentos | Casual y Vintage | De Piel Genuina 100% | Resistente, Suave y Duradera","Label":"Title","Locale":"es_ES"}},"Offers":{"Summaries":[{"Condition":{"Value":"New"},"LowestPrice":{"Amount":19.95,"Currency":"EUR","DisplayAmount":"19,95 €"}}]}}],"SearchURL":"https://www.amazon.es/s?k=cuero+artesanal&rh=n%3A2007965031%2Cp_n_availability%3A-1&tag=topinalambricos-21&linkCode=osi","TotalResultCount":706}},"147":{"SearchResult":{"Items":[{"ASIN":"B071SHD98V","DetailPageURL":"https://www.amazon.es/dp/B071SHD98V?tag=topinalambricos-21&linkCode=osi&th=1&psc=1","Images":{"Primary":{"Small":{"Height":75,"URL":"https://m.media-amazon.com/images/I/4151lyDuJLL._SL75_.jpg","Width":75}}},"ItemInfo":{"ByLineInfo":{"Brand":{"DisplayValue":"Pahajim","Label":"Brand","Locale":"es_ES"}},"Title":{"DisplayValue":"Pahajim Bolso Hippy de Moda Estilo Punk Rock para Mujeres Bolso Grande de Cuero Gótico con Tachuelas, Bolso Portátil Ligero para Fiestas en la Oficina y Viajes","Label":"Title","Locale":"es_ES"}},"Offers":{"Summaries":[{"Condition":{"Value":"New"},"LowestPrice":{"Amount":26.99,"Currency":"EUR","DisplayAmount":"26,99 €"}}]}},{"ASIN":"B08NDYCFF6","DetailPageURL":"https://www.amazon.es/dp/B08NDYCFF6?tag=topinalambricos-21&linkCode=osi&th=1&psc=1","Images":{"Primary":{"Small":{"Height":75,"URL":"https://m.media-amazon.com/images/I/31GUYR48p6L._SL75_.jpg","Width":75}}},"ItemInfo":{"ByLineInfo":{"Brand":{"DisplayValue":"Boland","Label":"Brand","Locale":"es_ES"},"Manufacturer":{"DisplayValue":"Boland","Label":"Manufacturer","Locale":"es_ES"}},"Title":{"DisplayValue":"Boland 44543 - Bolso Ibiza, tamaño 19 x 13,5 cm, marrón, bolso bandolera, pluma, perlas, hippy, flor, carnaval, fiesta temática","Label":"Title","Locale":"es_ES"}},"Offers":{"Summaries":[{"Condition":{"Value":"New"},"LowestPrice":{"Amount":14.99,"Currency":"EUR","DisplayAmount":"14,99 €"}}]}},{"ASIN":"B09YRJLCCG","DetailPageURL":"https://www.amazon.es/dp/B09YRJLCCG?tag=topinalambricos-21&linkCode=osi&th=1&psc=1","Images":{"Primary":{"Small":{"Height":75,"URL":"https://m.media-amazon.com/images/I/41TAU5fSNNL._SL75_.jpg","Width":75}}},"ItemInfo":{"ByLineInfo":{"Brand":{"DisplayValue":"LafalPer","Label":"Brand","Locale":"es_ES"},"Manufacturer":{"DisplayValue":"LafalPer","Label":"Manufacturer","Locale":"es_ES"}},"Title":{"DisplayValue":"Bolso Bandolera Vintage para Mujer Bolsos Hobo de Cuero PU Bolso de Hombro Estampado Medianos autobús Hippy","Label":"Title","Locale":"es_ES"}},"Offers":{"Summaries":[{"Condition":{"Value":"New"},"LowestPrice":{"Amount":37.9,"Currency":"EUR","DisplayAmount":"37,90 €"}}]}},{"ASIN":"B09X3Y8XQD","DetailPageURL":"https://www.amazon.es/dp/B09X3Y8XQD?tag=topinalambricos-21&linkCode=osi&th=1&psc=1","Images":{"Primary":{"Small":{"Height":75,"URL":"https://m.media-amazon.com/images/I/41TAU5fSNNL._SL75_.jpg","Width":75}}},"ItemInfo":{"ByLineInfo":{"Brand":{"DisplayValue":"Pt'amour","Label":"Brand","Locale":"es_ES"},"Manufacturer":{"DisplayValue":"Pt'amour","Label":"Manufacturer","Locale":"es_ES"}},"Title":{"DisplayValue":"Bolsos Bandolera de Cuero Bolsos de Hombro Mensajero con Solapa Estampada para Mujer Viaje Casual autobús Hippy","Label":"Title","Locale":"es_ES"}},"Offers":{"Summaries":[{"Condition":{"Value":"New"},"LowestPrice":{"Amount":37.99,"Currency":"EUR","DisplayAmount":"37,99 €"}}]}},{"ASIN":"B0BP9JZ9JN","DetailPageURL":"https://www.amazon.es/dp/B0BP9JZ9JN?tag=topinalambricos-21&linkCode=osi&th=1&psc=1","Images":{"Primary":{"Small":{"Height":58,"URL":"https://m.media-amazon.com/images/I/51w0dxNBSLL._SL75_.jpg","Width":75}}},"ItemInfo":{"ByLineInfo":{"Brand":{"DisplayValue":"Zisla","Label":"Brand","Locale":"es_ES"}},"Title":{"DisplayValue":"Zisla Bolso Bandolera corcho recto para mujer, hippy, ecológico, étnico 17x15x6cm (Mosaico Azul)","Label":"Title","Locale":"es_ES"}},"Offers":{"Summaries":[{"Condition":{"Value":"New"},"LowestPrice":{"Amount":16.75,"Currency":"EUR","DisplayAmount":"16,75 €"}}]}},{"ASIN":"B0981992HB","DetailPageURL":"https://www.amazon.es/dp/B0981992HB?tag=topinalambricos-21&linkCode=osi&th=1&psc=1","Images":{"Primary":{"Small":{"Height":75,"URL":"https://m.media-amazon.com/images/I/41d8N8fQmZL._SL75_.jpg","Width":56}}},"ItemInfo":{"ByLineInfo":{"Brand":{"DisplayValue":"GABS","Label":"Brand","Locale":"es_ES"}},"Title":{"DisplayValue":"Pochette BEYONCE in ruga con stampa\"hippy style\"","Label":"Title","Locale":"es_ES"}},"Offers":{"Summaries":[{"Condition":{"Value":"New"},"LowestPrice":{"Amount":93.0,"Currency":"EUR","DisplayAmount":"93,00 €"}}]}},{"ASIN":"B09QT2FNF8","DetailPageURL":"https://www.amazon.es/dp/B09QT2FNF8?tag=topinalambricos-21&linkCode=osi&th=1&psc=1","Images":{"Primary":{"Small":{"Height":75,"URL":"https://m.media-amazon.com/images/I/41TAU5fSNNL._SL75_.jpg","Width":75}}},"ItemInfo":{"ByLineInfo":{"Brand":{"DisplayValue":"LafalPer","Label":"Brand","Locale":"es_ES"},"Manufacturer":{"DisplayValue":"LafalPer","Label":"Manufacturer","Locale":"es_ES"}},"Title":{"DisplayValue":"Bolso Bandolera Hebilla Estampado Bolso de Hombro de Cuero Bolsos Cruzados Vintage para Mujer autobús Hippy","Label":"Title","Locale":"es_ES"}},"Offers":{"Summaries":[{"Condition":{"Value":"New"},"LowestPrice":{"Amount":36.99,"Currency":"EUR","DisplayAmount":"36,99 €"}}]}},{"ASIN":"B08C3WX4R7","DetailPageURL":"https://www.amazon.es/dp/B08C3WX4R7?tag=topinalambricos-21&linkCode=osi&th=1&psc=1","Images":{"Primary":{"Small":{"Height":64,"URL":"https://m.media-amazon.com/images/I/41XBZwWMfXL._SL75_.jpg","Width":75}}},"ItemInfo":{"ByLineInfo":{"Brand":{"DisplayValue":"Macha","Label":"Brand","Locale":"es_ES"},"Manufacturer":{"DisplayValue":"Ida2000","Label":"Manufacturer","Locale":"es_ES"}},"Title":{"DisplayValue":"Macha Bolso pequeño de algodón étnico con estampados coloridos e inserciones de cuero, Bolso de hombro de algodón y cuero indio étnico para mujer. (Turquesa)","Label":"Title","Locale":"es_ES"}},"Offers":{"Summaries":[{"Condition":{"Value":"New"},"LowestPrice":{"Amount":48.42,"Currency":"EUR","DisplayAmount":"48,42 €"}}]}},{"ASIN":"B09WPBYLQ2","DetailPageURL":"https://www.amazon.es/dp/B09WPBYLQ2?tag=topinalambricos-21&linkCode=osi&th=1&psc=1","Images":{"Primary":{"Small":{"Height":75,"URL":"https://m.media-amazon.com/images/I/41TAU5fSNNL._SL75_.jpg","Width":75}}},"ItemInfo":{"ByLineInfo":{"Brand":{"DisplayValue":"LafalPer","Label":"Brand","Locale":"es_ES"},"Manufacturer":{"DisplayValue":"LafalPer","Label":"Manufacturer","Locale":"es_ES"}},"Title":{"DisplayValue":"Bolso Bandolera Personalizado Bolsos de Hombro Estampado Flores Bolsos Cruzados Vintage para Mujer autobús Hippy","Label":"Title","Locale":"es_ES"}},"Offers":{"Summaries":[{"Condition":{"Value":"New"},"LowestPrice":{"Amount":35.99,"Currency":"EUR","DisplayAmount":"35,99 €"}}]}},{"ASIN":"B07RZB7XZC","DetailPageURL":"https://www.amazon.es/dp/B07RZB7XZC?tag=topinalambricos-21&linkCode=osi&th=1&psc=1","Images":{"Primary":{"Small":{"Height":75,"URL":"https://m.media-amazon.com/images/I/51kCZamY-dL._SL75_.jpg","Width":75}}},"ItemInfo":{"ByLineInfo":{"Brand":{"DisplayValue":"LONGWEI","Label":"Brand","Locale":"es_ES"},"Manufacturer":{"DisplayValue":"LONGWEI","Label":"Manufacturer","Locale":"es_ES"}},"Title":{"DisplayValue":"LONGWEI Bolso De Cuero De La PU De La Muchacha De La Mochila De La Forma del Búho De La Historieta De La Manera Mini Marrón-pequeño","Label":"Title","Locale":"es_ES"}},"Offers":{"Summaries":[{"Condition":{"Value":"New"},"LowestPrice":{"Amount":23.99,"Currency":"EUR","DisplayAmount":"23,99 €"}}]}}],"SearchURL":"https://www.amazon.es/s?k=cuero+hippy&rh=n%3A2007973031%2Cp_n_availability%3A-1&tag=topinalambricos-21&linkCode=osi","TotalResultCount":24}},"148":{"SearchResult":{"Items":[{"ASIN":"B0B2D64LQ3","DetailPageURL":"https://www.amazon.es/dp/B0B2D64LQ3?tag=topinalambricos-21&linkCode=osi&th=1&psc=1","Images":{"Primary":{"Small":{"Height":75,"URL":"https://m.media-amazon.com/images/I/41niApSUauL._SL75_.jpg","Width":75}}},"ItemInfo":{"ByLineInfo":{"Brand":{"DisplayValue":"AFKOMST","Label":"Brand","Locale":"es_ES"}},"Title":{"DisplayValue":"AFKOMST Bolso de mujer grande, bolsos de mujer de cuero, bolsas de hombro con correa ajustable desmontable, Negro1","Label":"Title","Locale":"es_ES"}},"Offers":{"Summaries":[{"Condition":{"Value":"New"},"LowestPrice":{"Amount":23.99,"Currency":"EUR","DisplayAmount":"23,99 €"}}]}}],"SearchURL":"https://www.amazon.es/s?k=marroqui&rh=n%3A2007965031%2Cp_n_availability%3A-1&tag=topinalambricos-21&linkCode=osi","TotalResultCount":1}},"149":{"SearchResult":{"Items":[{"ASIN":"B00YGY4J8U","DetailPageURL":"https://www.amazon.es/dp/B00YGY4J8U?tag=topinalambricos-21&linkCode=osi&th=1&psc=1","Images":{"Primary":{"Small":{"Height":75,"URL":"https://m.media-amazon.com/images/I/51VCSZqzvfL._SL75_.jpg","Width":75}}},"ItemInfo":{"ByLineInfo":{"Brand":{"DisplayValue":"DRF","Label":"Brand","Locale":"es_ES"},"Manufacturer":{"DisplayValue":"DRF","Label":"Manufacturer","Locale":"es_ES"}},"Title":{"DisplayValue":"DRF Mochila Cuero Mujeres con Cordones Clásico Formato A4 BG121 (Marrón)","Label":"Title","Locale":"es_ES"}},"Offers":{"Summaries":[{"Condition":{"Value":"New"},"LowestPrice":{"Amount":65.99,"Currency":"EUR","DisplayAmount":"65,99 €"}}]}},{"ASIN":"B0BJDYM791","DetailPageURL":"https://www.amazon.es/dp/B0BJDYM791?tag=topinalambricos-21&linkCode=osi&th=1&psc=1","Images":{"Primary":{"Small":{"Height":75,"URL":"https://m.media-amazon.com/images/I/418ekeILzCL._SL75_.jpg","Width":75}}},"ItemInfo":{"ByLineInfo":{"Brand":{"DisplayValue":"VS VOGSHOW","Label":"Brand","Locale":"es_ES"}},"Title":{"DisplayValue":"Vogshow Mochila de Moda para Mujer Mochilas Impermeable de Cuero de Pu Bolsos Mochila de Gran Capacidad con Múltiples Bolsillos para la Escuela, Viajes, Compras, Trabajo","Label":"Title","Locale":"es_ES"}},"Offers":{"Summaries":[{"Condition":{"Value":"New"},"LowestPrice":{"Amount":42.99,"Currency":"EUR","DisplayAmount":"42,99 €"}}]}},{"ASIN":"B0B6CPZ7YN","DetailPageURL":"https://www.amazon.es/dp/B0B6CPZ7YN?tag=topinalambricos-21&linkCode=osi&th=1&psc=1","Images":{"Primary":{"Small":{"Height":75,"URL":"https://m.media-amazon.com/images/I/412NGvIoJhS._SL75_.jpg","Width":75}}},"ItemInfo":{"ByLineInfo":{"Brand":{"DisplayValue":"Desconocido","Label":"Brand","Locale":"es_ES"},"Manufacturer":{"DisplayValue":"wintersweetXX","Label":"Manufacturer","Locale":"es_ES"}},"Title":{"DisplayValue":"Mochila genérica de cuero PU de color sólido para mujer, bolso diario, bolsos pequeños, White A, 41CM*27CM*12CM","Label":"Title","Locale":"es_ES"}},"Offers":{"Summaries":[{"Condition":{"Value":"New"},"LowestPrice":{"Amount":13.66,"Currency":"EUR","DisplayAmount":"13,66 €"}}]}},{"ASIN":"B0C2ZJ77P6","DetailPageURL":"https://www.amazon.es/dp/B0C2ZJ77P6?tag=topinalambricos-21&linkCode=osi&th=1&psc=1","Images":{"Primary":{"Small":{"Height":75,"URL":"https://m.media-amazon.com/images/I/51ftvFynL7L._SL75_.jpg","Width":75}}},"ItemInfo":{"ByLineInfo":{"Brand":{"DisplayValue":"STILORD","Label":"Brand","Locale":"es_ES"},"Manufacturer":{"DisplayValue":"STILORD","Label":"Manufacturer","Locale":"es_ES"}},"Title":{"DisplayValue":"STILORD 'Tiny' Mochila Pequeña Mujer Piel Casual Mochila de Cuero para Mujeres Vintage Bolsa Pequeña Mochilas de Auténtica Piel, Color:Texas - marrón","Label":"Title","Locale":"es_ES"}},"Offers":{"Summaries":[{"Condition":{"Value":"New"},"LowestPrice":{"Amount":69.9,"Currency":"EUR","DisplayAmount":"69,90 €"}}]}},{"ASIN":"B08J3R2YX2","DetailPageURL":"https://www.amazon.es/dp/B08J3R2YX2?tag=topinalambricos-21&linkCode=osi&th=1&psc=1","Images":{"Primary":{"Small":{"Height":75,"URL":"https://m.media-amazon.com/images/I/51KtApmPPGL._SL75_.jpg","Width":75}}},"ItemInfo":{"ByLineInfo":{"Brand":{"DisplayValue":"BUKESIYI","Label":"Brand","Locale":"es_ES"},"Manufacturer":{"DisplayValue":"BUKESIYI","Label":"Manufacturer","Locale":"es_ES"}},"Title":{"DisplayValue":"BUKESIYI Mujer Bolsos Mochila Niña Vestir Antirobo Pequeña Casual Bandolera Portatil PU Cuero Piel CCES78196 Marrón","Label":"Title","Locale":"es_ES"}},"Offers":{"Summaries":[{"Condition":{"Value":"New"},"LowestPrice":{"Amount":44.85,"Currency":"EUR","DisplayAmount":"44,85 €"}}]}},{"ASIN":"B0BFXP5PMK","DetailPageURL":"https://www.amazon.es/dp/B0BFXP5PMK?tag=topinalambricos-21&linkCode=osi&th=1&psc=1","Images":{"Primary":{"Small":{"Height":75,"URL":"https://m.media-amazon.com/images/I/41YcaNprEGL._SL75_.jpg","Width":62}}},"ItemInfo":{"ByLineInfo":{"Brand":{"DisplayValue":"Genérico","Label":"Brand","Locale":"es_ES"},"Manufacturer":{"DisplayValue":"China","Label":"Manufacturer","Locale":"es_ES"}},"Title":{"DisplayValue":"bolso mochila antirrobo mujer, con varios compartimentos y adorno metálico (Marrón)","Label":"Title","Locale":"es_ES"}},"Offers":{"Summaries":[{"Condition":{"Value":"New"},"LowestPrice":{"Amount":29.99,"Currency":"EUR","DisplayAmount":"29,99 €"}}]}},{"ASIN":"B07T6ZWM17","DetailPageURL":"https://www.amazon.es/dp/B07T6ZWM17?tag=topinalambricos-21&linkCode=osi&th=1&psc=1","Images":{"Primary":{"Small":{"Height":75,"URL":"https://m.media-amazon.com/images/I/21viIC3E+KL._SL75_.jpg","Width":60}}},"ItemInfo":{"ByLineInfo":{"Brand":{"DisplayValue":"BIBA","Label":"Brand","Locale":"es_ES"},"Manufacturer":{"DisplayValue":"United Bags Company S.L.","Label":"Manufacturer","Locale":"es_ES"}},"Title":{"DisplayValue":"BIBA Bolso de Mujer de Cuero Genuino, Mochila Heritage Boston BT9, Asa Larga, Cierre con Solapa, Piel Bovina Legítima, Color Cuero","Label":"Title","Locale":"es_ES"}},"Offers":{"Summaries":[{"Condition":{"Value":"New"},"LowestPrice":{"Amount":149.0,"Currency":"EUR","DisplayAmount":"149,00 €"}}]}},{"ASIN":"B0B7FGP6DR","DetailPageURL":"https://www.amazon.es/dp/B0B7FGP6DR?tag=topinalambricos-21&linkCode=osi&th=1&psc=1","Images":{"Primary":{"Small":{"Height":75,"URL":"https://m.media-amazon.com/images/I/416OhVUzfzL._SL75_.jpg","Width":75}}},"ItemInfo":{"ByLineInfo":{"Brand":{"DisplayValue":"Pepe Jeans","Label":"Brand","Locale":"es_ES"}},"Title":{"DisplayValue":"Pepe Jeans Mabel Mochila Casual Negro 26x29x10 cms Piel sintética","Label":"Title","Locale":"es_ES"}},"Offers":{"Summaries":[{"Condition":{"Value":"New"},"LowestPrice":{"Amount":49.99,"Currency":"EUR","DisplayAmount":"49,99 €"}}]}},{"ASIN":"B08R11Z37J","DetailPageURL":"https://www.amazon.es/dp/B08R11Z37J?tag=topinalambricos-21&linkCode=osi&th=1&psc=1","Images":{"Primary":{"Small":{"Height":75,"URL":"https://m.media-amazon.com/images/I/41uvt4m7f6L._SL75_.jpg","Width":75}}},"ItemInfo":{"ByLineInfo":{"Brand":{"DisplayValue":"STILORD","Label":"Brand","Locale":"es_ES"},"Manufacturer":{"DisplayValue":"STILORD","Label":"Manufacturer","Locale":"es_ES"}},"Title":{"DisplayValue":"STILORD 'Lyanna' Mochila Bandolera Cuero para Mujer Vintage Backpack Casual Mini Mochila Cruzada 2 in 1 Pequeña Bolsa de Mano Bolso Diario Auténtica Piel, Color:Mocca - marrón Oscuro","Label":"Title","Locale":"es_ES"}},"Offers":{"Summaries":[{"Condition":{"Value":"New"},"LowestPrice":{"Amount":87.9,"Currency":"EUR","DisplayAmount":"87,90 €"}}]}},{"ASIN":"B07CG6MQ9C","DetailPageURL":"https://www.amazon.es/dp/B07CG6MQ9C?tag=topinalambricos-21&linkCode=osi&th=1&psc=1","Images":{"Primary":{"Small":{"Height":75,"URL":"https://m.media-amazon.com/images/I/51TDzZJUPUL._SL75_.jpg","Width":72}}},"ItemInfo":{"ByLineInfo":{"Brand":{"DisplayValue":"VASCHY","Label":"Brand","Locale":"es_ES"}},"Title":{"DisplayValue":"VASCHY Bolso Mochila Mujer,Mochila Pequeña Niña PU de Cuero Mini Mochilas Mujer Casual Moda Mochila Señoras para Escolar Trabajo Shopping Negro, Regalo Día Madre","Label":"Title","Locale":"es_ES"}},"Offers":{"Summaries":[{"Condition":{"Value":"New"},"LowestPrice":{"Amount":31.89,"Currency":"EUR","DisplayAmount":"31,89 €"}}]}}],"SearchURL":"https://www.amazon.es/s?k=cuero&rh=n%3A2007974031%2Cp_n_availability%3A-1&tag=topinalambricos-21&linkCode=osi","TotalResultCount":1000}},"150":{"SearchResult":{"Items":[{"ASIN":"B006EJXGIY","DetailPageURL":"https://www.amazon.es/dp/B006EJXGIY?tag=topinalambricos-21&linkCode=osi&th=1&psc=1","Images":{"Primary":{"Small":{"Height":54,"URL":"https://m.media-amazon.com/images/I/21ugeIwpN6L._SL75_.jpg","Width":75}}},"ItemInfo":{"ByLineInfo":{"Brand":{"DisplayValue":"Gusti","Label":"Brand","Locale":"es_ES"}},"Title":{"DisplayValue":"Gusti Bolso de piel - Summer Bolso bandolera de cuero marrón pequeño","Label":"Title","Locale":"es_ES"}},"Offers":{"Summaries":[{"Condition":{"Value":"New"},"LowestPrice":{"Amount":23.95,"Currency":"EUR","DisplayAmount":"23,95 €"}}]}},{"ASIN":"B07JLJ1D4H","DetailPageURL":"https://www.amazon.es/dp/B07JLJ1D4H?tag=topinalambricos-21&linkCode=osi&th=1&psc=1","Images":{"Primary":{"Small":{"Height":75,"URL":"https://m.media-amazon.com/images/I/518RO39xaGL._SL75_.jpg","Width":75}}},"ItemInfo":{"ByLineInfo":{"Brand":{"DisplayValue":"FIRENZE ARTEGIANI","Label":"Brand","Locale":"es_ES"},"Manufacturer":{"DisplayValue":"Firenze Artegiani","Label":"Manufacturer","Locale":"es_ES"}},"Title":{"DisplayValue":"Firenze Artegiani Bolso Bandolera de Mujer en Piel auténtica, Acabado Gamuza, Solapa con Bolsillo con Cierre Cremallera, 24 cm, Marrón Oscuro","Label":"Title","Locale":"es_ES"}},"Offers":{"Summaries":[{"Condition":{"Value":"New"},"LowestPrice":{"Amount":24.4,"Currency":"EUR","DisplayAmount":"24,40 €"}}]}},{"ASIN":"B09M6YNQJ6","DetailPageURL":"https://www.amazon.es/dp/B09M6YNQJ6?tag=topinalambricos-21&linkCode=osi&th=1&psc=1","Images":{"Primary":{"Small":{"Height":75,"URL":"https://m.media-amazon.com/images/I/51KOML+V55L._SL75_.jpg","Width":75}}},"ItemInfo":{"ByLineInfo":{"Brand":{"DisplayValue":"FORRICA","Label":"Brand","Locale":"es_ES"},"Manufacturer":{"DisplayValue":"FORRICA","Label":"Manufacturer","Locale":"es_ES"}},"Title":{"DisplayValue":"FORRICA Bolso de Teléfono Móvil Mujer Cartera con Espejo Bolso de Bandolera Pequeño Moda Patrón de cocodrilo Niña Monedero de Teléfono Celular Tarjetero Cuero PU Azul","Label":"Title","Locale":"es_ES"}},"Offers":{"Summaries":[{"Condition":{"Value":"New"},"LowestPrice":{"Amount":31.99,"Currency":"EUR","DisplayAmount":"31,99 €"}}]}},{"ASIN":"B00FBF8ORA","DetailPageURL":"https://www.amazon.es/dp/B00FBF8ORA?tag=topinalambricos-21&linkCode=osi&th=1&psc=1","Images":{"Primary":{"Small":{"Height":51,"URL":"https://m.media-amazon.com/images/I/417LGgxvSmL._SL75_.jpg","Width":75}}},"ItemInfo":{"ByLineInfo":{"Brand":{"DisplayValue":"Gusti","Label":"Brand","Locale":"es_ES"},"Manufacturer":{"DisplayValue":"Gusti Leder","Label":"Manufacturer","Locale":"es_ES"}},"Title":{"DisplayValue":"Gusti Bolso bandolera Cuero - Evelyn Bolso de Mujer Bolso de Mano Pequeño Marrón","Label":"Title","Locale":"es_ES"}},"Offers":{"Summaries":[{"Condition":{"Value":"New"},"LowestPrice":{"Amount":69.95,"Currency":"EUR","DisplayAmount":"69,95 €"}}]}},{"ASIN":"B008YECW4G","DetailPageURL":"https://www.amazon.es/dp/B008YECW4G?tag=topinalambricos-21&linkCode=osi&th=1&psc=1","Images":{"Primary":{"Small":{"Height":54,"URL":"https://m.media-amazon.com/images/I/41WTC7H9HaL._SL75_.jpg","Width":75}}},"ItemInfo":{"ByLineInfo":{"Brand":{"DisplayValue":"Catwalk Collection Handbags","Label":"Brand","Locale":"es_ES"},"Manufacturer":{"DisplayValue":"Catwalk Collection Handbags","Label":"Manufacturer","Locale":"es_ES"}},"Title":{"DisplayValue":"CATWALK COLLECTION - LENA - Bolso bandolera - Cuero - Rojo","Label":"Title","Locale":"es_ES"}},"Offers":{"Summaries":[{"Condition":{"Value":"New"},"LowestPrice":{"Amount":42.95,"Currency":"EUR","DisplayAmount":"42,95 €"}}]}},{"ASIN":"B08MTMGW6X","DetailPageURL":"https://www.amazon.es/dp/B08MTMGW6X?tag=topinalambricos-21&linkCode=osi&th=1&psc=1","Images":{"Primary":{"Small":{"Height":75,"URL":"https://m.media-amazon.com/images/I/41otPZ7daWL._SL75_.jpg","Width":75}}},"ItemInfo":{"ByLineInfo":{"Brand":{"DisplayValue":"BUKESIYI","Label":"Brand","Locale":"es_ES"},"Manufacturer":{"DisplayValue":"BUKESIYI","Label":"Manufacturer","Locale":"es_ES"}},"Title":{"DisplayValue":"BUKESIYI Mujer Bolsos Bandolera Vestir Casual Bolsos de Mano Convertible PU Cuero Piel CCES77245 Café","Label":"Title","Locale":"es_ES"}},"Offers":{"Summaries":[{"Condition":{"Value":"New"},"LowestPrice":{"Amount":41.99,"Currency":"EUR","DisplayAmount":"41,99 €"}}]}},{"ASIN":"B00EDNTGA0","DetailPageURL":"https://www.amazon.es/dp/B00EDNTGA0?tag=topinalambricos-21&linkCode=osi&th=1&psc=1","Images":{"Primary":{"Small":{"Height":53,"URL":"https://m.media-amazon.com/images/I/41uaZnb62HL._SL75_.jpg","Width":75}}},"ItemInfo":{"ByLineInfo":{"Brand":{"DisplayValue":"Gusti","Label":"Brand","Locale":"es_ES"},"Manufacturer":{"DisplayValue":"Gusti Leder","Label":"Manufacturer","Locale":"es_ES"}},"Title":{"DisplayValue":"Gusti Cuero nature Tamara Bolso Bandolera Vintage Retro Piel De Cabra Mujer Hombre Unisex Universidad Trabajo Oficina Marrón K45b","Label":"Title","Locale":"es_ES"}},"Offers":{"Summaries":[{"Condition":{"Value":"New"},"LowestPrice":{"Amount":39.95,"Currency":"EUR","DisplayAmount":"39,95 €"}}]}},{"ASIN":"B07XB98RG8","DetailPageURL":"https://www.amazon.es/dp/B07XB98RG8?tag=topinalambricos-21&linkCode=osi&th=1&psc=1","Images":{"Primary":{"Small":{"Height":75,"URL":"https://m.media-amazon.com/images/I/41eZa+Ld81L._SL75_.jpg","Width":75}}},"ItemInfo":{"ByLineInfo":{"Brand":{"DisplayValue":"David Jones","Label":"Brand","Locale":"es_ES"}},"Title":{"DisplayValue":"David Jones - Pequeño Bolso Bandolera Cadena Piel Cocodrilo Mujer - Bolsos de Hombro Cruzado Cuero PU - Mensajero Crossbody Bag - Bolso Mano Zip Embrague Clutch Pochette Noche Diario Vida - Negro","Label":"Title","Locale":"es_ES"}},"Offers":{"Summaries":[{"Condition":{"Value":"New"},"LowestPrice":{"Amount":36.99,"Currency":"EUR","DisplayAmount":"36,99 €"}}]}},{"ASIN":"B08KSQC7XK","DetailPageURL":"https://www.amazon.es/dp/B08KSQC7XK?tag=topinalambricos-21&linkCode=osi&th=1&psc=1","Images":{"Primary":{"Small":{"Height":75,"URL":"https://m.media-amazon.com/images/I/41sduLkEHBL._SL75_.jpg","Width":75}}},"ItemInfo":{"ByLineInfo":{"Brand":{"DisplayValue":"BUKESIYI","Label":"Brand","Locale":"es_ES"},"Manufacturer":{"DisplayValue":"BUKESIYI","Label":"Manufacturer","Locale":"es_ES"}},"Title":{"DisplayValue":"BUKESIYI Mujer Bolsos Bandolera Vestir Casual Bolsos de Mano Convertible PU Cuero Piel CCES77500 Piszkosfehér","Label":"Title","Locale":"es_ES"}},"Offers":{"Summaries":[{"Condition":{"Value":"New"},"LowestPrice":{"Amount":50.86,"Currency":"EUR","DisplayAmount":"50,86 €"}}]}},{"ASIN":"B08JM4TWGF","DetailPageURL":"https://www.amazon.es/dp/B08JM4TWGF?tag=topinalambricos-21&linkCode=osi&th=1&psc=1","Images":{"Primary":{"Small":{"Height":49,"URL":"https://m.media-amazon.com/images/I/51ER0HuWQZL._SL75_.jpg","Width":75}}},"ItemInfo":{"ByLineInfo":{"Brand":{"DisplayValue":"GIOSEPPO","Label":"Brand","Locale":"es_ES"},"Manufacturer":{"DisplayValue":"GIOSEPPO S.L.U.","Label":"Manufacturer","Locale":"es_ES"}},"Title":{"DisplayValue":"GIOSEPPO Madge, Bolso para Mujer, Cuero, Pequeño","Label":"Title","Locale":"es_ES"}},"Offers":{"Summaries":[{"Condition":{"Value":"New"},"LowestPrice":{"Amount":23.35,"Currency":"EUR","DisplayAmount":"23,35 €"}}]}}],"SearchURL":"https://www.amazon.es/s?k=cuero&rh=n%3A2007978031%2Cp_n_availability%3A-1&tag=topinalambricos-21&linkCode=osi","TotalResultCount":1000}},"151":{"SearchResult":{"Items":[{"ASIN":"B09NPVNFF7","DetailPageURL":"https://www.amazon.es/dp/B09NPVNFF7?tag=topinalambricos-21&linkCode=osi&th=1&psc=1","Images":{"Primary":{"Small":{"Height":75,"URL":"https://m.media-amazon.com/images/I/51vfepcIG4L._SL75_.jpg","Width":75}}},"ItemInfo":{"ByLineInfo":{"Brand":{"DisplayValue":"Spydge","Label":"Brand","Locale":"es_ES"}},"Title":{"DisplayValue":"Spydge Mochila Bohemia Moda la Mochila de Lona y Cuero Impermeable Pequeño Mochila de Hombro con Correa de Hombro Ajustable para Compras Citas Fiestas Vacaciones Viajes al aire Libre","Label":"Title","Locale":"es_ES"}},"Offers":{"Summaries":[{"Condition":{"Value":"New"},"LowestPrice":{"Amount":37.99,"Currency":"EUR","DisplayAmount":"37,99 €"}}]}},{"ASIN":"B09SZGCQTN","DetailPageURL":"https://www.amazon.es/dp/B09SZGCQTN?tag=topinalambricos-21&linkCode=osi&th=1&psc=1","Images":{"Primary":{"Small":{"Height":75,"URL":"https://m.media-amazon.com/images/I/51r-ZtE4l+L._SL75_.jpg","Width":75}}},"ItemInfo":{"ByLineInfo":{"Brand":{"DisplayValue":"Sunsa","Label":"Brand","Locale":"es_ES"}},"Title":{"DisplayValue":"Sunsa Bolso bandolera para mujer de lona reciclada, vaquero y cuero, estilo vintage","Label":"Title","Locale":"es_ES"}},"Offers":{"Summaries":[{"Condition":{"Value":"New"},"LowestPrice":{"Amount":57.95,"Currency":"EUR","DisplayAmount":"57,95 €"}}]}},{"ASIN":"B09SQ3G5C5","DetailPageURL":"https://www.amazon.es/dp/B09SQ3G5C5?tag=topinalambricos-21&linkCode=osi&th=1&psc=1","Images":{"Primary":{"Small":{"Height":75,"URL":"https://m.media-amazon.com/images/I/41maQ7rTJ+L._SL75_.jpg","Width":75}}},"ItemInfo":{"ByLineInfo":{"Brand":{"DisplayValue":"Sunsa","Label":"Brand","Locale":"es_ES"}},"Title":{"DisplayValue":"Sunsa Bolso grande para mujer. Bolso XXL de lona y cuero. Bolso de playa sostenible/fin de semana con cremallera y estrella. Bolso de hombro vintage como ideas de regalos para mujeres, Beige","Label":"Title","Locale":"es_ES"}},"Offers":{"Summaries":[{"Condition":{"Value":"New"},"LowestPrice":{"Amount":72.95,"Currency":"EUR","DisplayAmount":"72,95 €"}}]}},{"ASIN":"B07JYXDZP5","DetailPageURL":"https://www.amazon.es/dp/B07JYXDZP5?tag=topinalambricos-21&linkCode=osi&th=1&psc=1","Images":{"Primary":{"Small":{"Height":75,"URL":"https://m.media-amazon.com/images/I/41hn2eQxnHL._SL75_.jpg","Width":75}}},"ItemInfo":{"ByLineInfo":{"Brand":{"DisplayValue":"S-ZONE","Label":"Brand","Locale":"es_ES"},"Manufacturer":{"DisplayValue":"S-ZONE","Label":"Manufacturer","Locale":"es_ES"}},"Title":{"DisplayValue":"S-ZONE Mujer Bolso de mano Vintage Cuero de Caballo Loco Tote Bag Bandolera","Label":"Title","Locale":"es_ES"}},"Offers":{"Summaries":[{"Condition":{"Value":"New"},"LowestPrice":{"Amount":85.98,"Currency":"EUR","DisplayAmount":"85,98 €"}}]}},{"ASIN":"B0BG4QMMNN","DetailPageURL":"https://www.amazon.es/dp/B0BG4QMMNN?tag=topinalambricos-21&linkCode=osi&th=1&psc=1","Images":{"Primary":{"Small":{"Height":75,"URL":"https://m.media-amazon.com/images/I/31c3R5Cay1L._SL75_.jpg","Width":75}}},"ItemInfo":{"ByLineInfo":{"Brand":{"DisplayValue":"Kono","Label":"Brand","Locale":"es_ES"},"Manufacturer":{"DisplayValue":"Kono","Label":"Manufacturer","Locale":"es_ES"}},"Title":{"DisplayValue":"Kono Bolso de hombro de lona para mujer, estilo vintage, con múltiples bolsillos, para ir de compras, trabajo, escuela, viajes, casual, uso diario, Khaki, Large","Label":"Title","Locale":"es_ES"}},"Offers":{"Summaries":[{"Condition":{"Value":"New"},"LowestPrice":{"Amount":29.99,"Currency":"EUR","DisplayAmount":"29,99 €"}}]}},{"ASIN":"B071NG2PFB","DetailPageURL":"https://www.amazon.es/dp/B071NG2PFB?tag=topinalambricos-21&linkCode=osi&th=1&psc=1","Images":{"Primary":{"Small":{"Height":75,"URL":"https://m.media-amazon.com/images/I/51s-lARyrnL._SL75_.jpg","Width":75}}},"ItemInfo":{"ByLineInfo":{"Brand":{"DisplayValue":"LOSMILE","Label":"Brand","Locale":"es_ES"}},"Title":{"DisplayValue":"LOSMILE mujer lona Bolso de mano Bolso de bandolera Bolsa de hombro Bolsa de cuerpo cruzada Bolso de mano Bolsa de ocio (Caqui)","Label":"Title","Locale":"es_ES"}},"Offers":{"Summaries":[{"Condition":{"Value":"New"},"LowestPrice":{"Amount":29.98,"Currency":"EUR","DisplayAmount":"29,98 €"}}]}},{"ASIN":"B0C379RRZS","DetailPageURL":"https://www.amazon.es/dp/B0C379RRZS?tag=topinalambricos-21&linkCode=osi&th=1&psc=1","Images":{"Primary":{"Small":{"Height":75,"URL":"https://m.media-amazon.com/images/I/41H07mfD9nL._SL75_.jpg","Width":75}}},"ItemInfo":{"ByLineInfo":{"Brand":{"DisplayValue":"Generic","Label":"Brand","Locale":"es_ES"},"Manufacturer":{"DisplayValue":"JDwinwin","Label":"Manufacturer","Locale":"es_ES"}},"Title":{"DisplayValue":"Bolso de Moda Mochila Antirrobo Pequeña Mujer, Mochilas Negro Viaje Bolsa Messenger Chicas Bandolera Mano Oxford Nylon Impermeable Bolsos Lona Casual para Diario Trabajo y Gimnasio Deporte","Label":"Title","Locale":"es_ES"}},"Offers":{"Summaries":[{"Condition":{"Value":"New"},"LowestPrice":{"Amount":18.79,"Currency":"EUR","DisplayAmount":"18,79 €"}}]}},{"ASIN":"B079JSPSBZ","DetailPageURL":"https://www.amazon.es/dp/B079JSPSBZ?tag=topinalambricos-21&linkCode=osi&th=1&psc=1","Images":{"Primary":{"Small":{"Height":75,"URL":"https://m.media-amazon.com/images/I/4177Ue4BBVL._SL75_.jpg","Width":64}}},"ItemInfo":{"ByLineInfo":{"Brand":{"DisplayValue":"JOSEKO","Label":"Brand","Locale":"es_ES"}},"Title":{"DisplayValue":"Bolso de hombro JOSEKO de lona Mochila para mujer, bolso convertible de mochila multifuncional para el trabajo, escuela, para viaje, Correa de PU, El color / diseño puede variar","Label":"Title","Locale":"es_ES"}},"Offers":{"Summaries":[{"Condition":{"Value":"New"},"LowestPrice":{"Amount":26.99,"Currency":"EUR","DisplayAmount":"26,99 €"}}]}},{"ASIN":"B0BJDYM791","DetailPageURL":"https://www.amazon.es/dp/B0BJDYM791?tag=topinalambricos-21&linkCode=osi&th=1&psc=1","Images":{"Primary":{"Small":{"Height":75,"URL":"https://m.media-amazon.com/images/I/418ekeILzCL._SL75_.jpg","Width":75}}},"ItemInfo":{"ByLineInfo":{"Brand":{"DisplayValue":"VS VOGSHOW","Label":"Brand","Locale":"es_ES"}},"Title":{"DisplayValue":"Vogshow Mochila de Moda para Mujer Mochilas Impermeable de Cuero de Pu Bolsos Mochila de Gran Capacidad con Múltiples Bolsillos para la Escuela, Viajes, Compras, Trabajo","Label":"Title","Locale":"es_ES"}},"Offers":{"Summaries":[{"Condition":{"Value":"New"},"LowestPrice":{"Amount":42.99,"Currency":"EUR","DisplayAmount":"42,99 €"}}]}},{"ASIN":"B0BV6JKQ3N","DetailPageURL":"https://www.amazon.es/dp/B0BV6JKQ3N?tag=topinalambricos-21&linkCode=osi&th=1&psc=1","Images":{"Primary":{"Small":{"Height":75,"URL":"https://m.media-amazon.com/images/I/51nqWro3STL._SL75_.jpg","Width":75}}},"ItemInfo":{"ByLineInfo":{"Brand":{"DisplayValue":"DON ALGODON","Label":"Brand","Locale":"es_ES"},"Manufacturer":{"DisplayValue":"Don Algodon","Label":"Manufacturer","Locale":"es_ES"}},"Title":{"DisplayValue":"DON ALGODON - Bolso mujer - bolso bandolera mujer - bolsos de mujer - bandolera mujer - bolso mediano - bolso casual - portátil - multifuncional - Marie","Label":"Title","Locale":"es_ES"}},"Offers":{"Summaries":[{"Condition":{"Value":"New"},"LowestPrice":{"Amount":54.99,"Currency":"EUR","DisplayAmount":"54,99 €"}}]}}],"SearchURL":"https://www.amazon.es/s?k=cuero+lona&rh=n%3A2007973031%2Cp_n_availability%3A-1&tag=topinalambricos-21&linkCode=osi","TotalResultCount":731}},"152":{"SearchResult":{"Items":[{"ASIN":"B0BN4LCZVW","DetailPageURL":"https://www.amazon.es/dp/B0BN4LCZVW?tag=topinalambricos-21&linkCode=osi&th=1&psc=1","Images":{"Primary":{"Small":{"Height":75,"URL":"https://m.media-amazon.com/images/I/31QMQpvOXHL._SL75_.jpg","Width":75}}},"ItemInfo":{"ByLineInfo":{"Brand":{"DisplayValue":"Michael Kors","Label":"Brand","Locale":"es_ES"},"Manufacturer":{"DisplayValue":"MICHAEL KORS","Label":"Manufacturer","Locale":"es_ES"}},"Title":{"DisplayValue":"Michael Kors Parker Key Card Holder, Bag Women, Zwart","Label":"Title","Locale":"es_ES"}},"Offers":{"Summaries":[{"Condition":{"Value":"New"},"LowestPrice":{"Amount":74.5,"Currency":"EUR","DisplayAmount":"74,50 €"}}]}},{"ASIN":"B09WRJBBW2","DetailPageURL":"https://www.amazon.es/dp/B09WRJBBW2?tag=topinalambricos-21&linkCode=osi&th=1&psc=1","Images":{"Primary":{"Small":{"Height":75,"URL":"https://m.media-amazon.com/images/I/31XUJsGd5JL._SL75_.jpg","Width":64}}},"ItemInfo":{"ByLineInfo":{"Brand":{"DisplayValue":"BOSANOVA","Label":"Brand","Locale":"es_ES"},"Manufacturer":{"DisplayValue":"BOSANOVA","Label":"Manufacturer","Locale":"es_ES"}},"Title":{"DisplayValue":"BOSANOVA Bolso de Hombro pequeño con Detalle Decorativo de Cadena en asa. Cierre con Cremallera. Negro U","Label":"Title","Locale":"es_ES"}},"Offers":{"Summaries":[{"Condition":{"Value":"New"},"LowestPrice":{"Amount":29.99,"Currency":"EUR","DisplayAmount":"29,99 €"}}]}},{"ASIN":"B09RKKC571","DetailPageURL":"https://www.amazon.es/dp/B09RKKC571?tag=topinalambricos-21&linkCode=osi&th=1&psc=1","Images":{"Primary":{"Small":{"Height":75,"URL":"https://m.media-amazon.com/images/I/31zpG+9x09L._SL75_.jpg","Width":60}}},"ItemInfo":{"ByLineInfo":{"Brand":{"DisplayValue":"BIBA","Label":"Brand","Locale":"es_ES"},"Manufacturer":{"DisplayValue":"United Bags Company S.L.","Label":"Manufacturer","Locale":"es_ES"}},"Title":{"DisplayValue":"BIBA Bolso de Mujer de Cuero Genuino, Bolso Bandolera Leather Utah Cream Out UTC2LO, Asa Larga, Cierre con Cremallera, Piel Bovina Legítima, Color Negro","Label":"Title","Locale":"es_ES"}},"Offers":{"Summaries":[{"Condition":{"Value":"New"},"LowestPrice":{"Amount":59.0,"Currency":"EUR","DisplayAmount":"59,00 €"}}]}},{"ASIN":"B01N6J7JOJ","DetailPageURL":"https://www.amazon.es/dp/B01N6J7JOJ?tag=topinalambricos-21&linkCode=osi&th=1&psc=1","Images":{"Primary":{"Small":{"Height":75,"URL":"https://m.media-amazon.com/images/I/31l6SYu7f-L._SL75_.jpg","Width":54}}},"ItemInfo":{"ByLineInfo":{"Brand":{"DisplayValue":"Lacoste","Label":"Brand","Locale":"es_ES"},"Manufacturer":{"DisplayValue":"Lacoste","Label":"Manufacturer","Locale":"es_ES"}},"Title":{"DisplayValue":"Lacoste L.12.12 Concept, Bolso Bandolera para Mujer, Negro, Talla única","Label":"Title","Locale":"es_ES"}},"Offers":{"Summaries":[{"Condition":{"Value":"New"},"LowestPrice":{"Amount":62.95,"Currency":"EUR","DisplayAmount":"62,95 €"}}]}},{"ASIN":"B09RN9WFRK","DetailPageURL":"https://www.amazon.es/dp/B09RN9WFRK?tag=topinalambricos-21&linkCode=osi&th=1&psc=1","Images":{"Primary":{"Small":{"Height":75,"URL":"https://m.media-amazon.com/images/I/41MHqsiusEL._SL75_.jpg","Width":75}}},"ItemInfo":{"ByLineInfo":{"Brand":{"DisplayValue":"Lois","Label":"Brand","Locale":"es_ES"},"Contributors":[{"Locale":"es_ES","Name":"Lois","Role":"Diseñador","RoleType":"designer"}],"Manufacturer":{"DisplayValue":"Lois","Label":"Manufacturer","Locale":"es_ES"}},"Title":{"DisplayValue":"Lois - Bolso Bandolera Mujer - Bolso Mujer Pequeño de Marca. Bolso Lois Mujer - Bolso Mujer Bandolera de Uso Diario - Bolso Pequeño Mujer 315778, Negro","Label":"Title","Locale":"es_ES"}},"Offers":{"Summaries":[{"Condition":{"Value":"New"},"LowestPrice":{"Amount":49.99,"Currency":"EUR","DisplayAmount":"49,99 €"}}]}},{"ASIN":"B079BVVL3M","DetailPageURL":"https://www.amazon.es/dp/B079BVVL3M?tag=topinalambricos-21&linkCode=osi&th=1&psc=1","Images":{"Primary":{"Small":{"Height":52,"URL":"https://m.media-amazon.com/images/I/318TA3Pw2nL._SL75_.jpg","Width":75}}},"ItemInfo":{"ByLineInfo":{"Brand":{"DisplayValue":"Gusti","Label":"Brand","Locale":"es_ES"},"Manufacturer":{"DisplayValue":"Gusti Leder studio","Label":"Manufacturer","Locale":"es_ES"}},"Title":{"DisplayValue":"Bolso Bandolera Gusti Cuero Studio Karisma Bolso de Mano Mujer Negro GL_2H83-48-6","Label":"Title","Locale":"es_ES"}},"Offers":{"Summaries":[{"Condition":{"Value":"New"},"LowestPrice":{"Amount":29.95,"Currency":"EUR","DisplayAmount":"29,95 €"}}]}},{"ASIN":"B09KYGSF4W","DetailPageURL":"https://www.amazon.es/dp/B09KYGSF4W?tag=topinalambricos-21&linkCode=osi&th=1&psc=1","Images":{"Primary":{"Small":{"Height":43,"URL":"https://m.media-amazon.com/images/I/51Rj36Z+vHL._SL75_.jpg","Width":75}}},"ItemInfo":{"ByLineInfo":{"Brand":{"DisplayValue":"Mandarina Duck","Label":"Brand","Locale":"es_ES"},"Manufacturer":{"DisplayValue":"Mandarina Duck","Label":"Manufacturer","Locale":"es_ES"}},"Title":{"DisplayValue":"Mandarina Duck - Bolso bandolera negro (negro) I-con P10jdt03 26,5 x 20 x 13 cm (largo x alto x ancho)","Label":"Title","Locale":"es_ES"}},"Offers":{"Summaries":[{"Condition":{"Value":"New"},"LowestPrice":{"Amount":43.22,"Currency":"EUR","DisplayAmount":"43,22 €"}}]}},{"ASIN":"B08TX2NG7W","DetailPageURL":"https://www.amazon.es/dp/B08TX2NG7W?tag=topinalambricos-21&linkCode=osi&th=1&psc=1","Images":{"Primary":{"Small":{"Height":75,"URL":"https://m.media-amazon.com/images/I/319EQO8TMES._SL75_.jpg","Width":58}}},"ItemInfo":{"ByLineInfo":{"Brand":{"DisplayValue":"DON ALGODON","Label":"Brand","Locale":"es_ES"},"Manufacturer":{"DisplayValue":"BlueBags","Label":"Manufacturer","Locale":"es_ES"}},"Title":{"DisplayValue":"DON ALGODON - Bolso Bandolera Mujer - Bolso Mujer - Bolsos Bandolera Mujer - Bolsos de Mujer con 2 Cremalleras Exteriores - Bandolera Zeno de Nylon","Label":"Title","Locale":"es_ES"}},"Offers":{"Summaries":[{"Condition":{"Value":"New"},"LowestPrice":{"Amount":25.99,"Currency":"EUR","DisplayAmount":"25,99 €"}}]}},{"ASIN":"B0BGT6WTBR","DetailPageURL":"https://www.amazon.es/dp/B0BGT6WTBR?tag=topinalambricos-21&linkCode=osi&th=1&psc=1","Images":{"Primary":{"Small":{"Height":75,"URL":"https://m.media-amazon.com/images/I/41IBcecXFXL._SL75_.jpg","Width":75}}},"ItemInfo":{"ByLineInfo":{"Brand":{"DisplayValue":"David Jones","Label":"Brand","Locale":"es_ES"}},"Title":{"DisplayValue":"David Jones - Pequeño Bolso Bandolera Cadena Mujer - Bolsos de Hombro Cruzado Cuero PU - Mensajero Crossbody Bag - Bolso Mano Zip Embrague Clutch Pochette Noche Telefono - Negro","Label":"Title","Locale":"es_ES"}},"Offers":{"Summaries":[{"Condition":{"Value":"New"},"LowestPrice":{"Amount":39.99,"Currency":"EUR","DisplayAmount":"39,99 €"}}]}},{"ASIN":"B0BGQH6Z58","DetailPageURL":"https://www.amazon.es/dp/B0BGQH6Z58?tag=topinalambricos-21&linkCode=osi&th=1&psc=1","Images":{"Primary":{"Small":{"Height":75,"URL":"https://m.media-amazon.com/images/I/21NwSWw1eTL._SL75_.jpg","Width":51}}},"ItemInfo":{"ByLineInfo":{"Brand":{"DisplayValue":"DON ALGODON","Label":"Brand","Locale":"es_ES"},"Manufacturer":{"DisplayValue":"DON ALGODON","Label":"Manufacturer","Locale":"es_ES"}},"Title":{"DisplayValue":"DON ALGODON - Bolso bandolera mujer - Bolso mujer bandolera - Bolsos bandolera mujer - Bolso mujer bandolera casual gran capacidad cierre de cremallera","Label":"Title","Locale":"es_ES"}},"Offers":{"Summaries":[{"Condition":{"Value":"New"},"LowestPrice":{"Amount":39.99,"Currency":"EUR","DisplayAmount":"39,99 €"}},{"Condition":{"Value":"Used"},"LowestPrice":{"Amount":36.12,"Currency":"EUR","DisplayAmount":"36,12 €"}}]}}],"SearchURL":"https://www.amazon.es/s?k=bolso+cuero+negro&rh=n%3A2007973031%2Cp_n_availability%3A-1&tag=topinalambricos-21&linkCode=osi","TotalResultCount":1000}},"153":{"SearchResult":{"Items":[{"ASIN":"B08X6HGG46","DetailPageURL":"https://www.amazon.es/dp/B08X6HGG46?tag=topinalambricos-21&linkCode=osi&th=1&psc=1","Images":{"Primary":{"Small":{"Height":75,"URL":"https://m.media-amazon.com/images/I/41XtOoMIqUL._SL75_.jpg","Width":75}}},"ItemInfo":{"ByLineInfo":{"Brand":{"DisplayValue":"Senral","Label":"Brand","Locale":"es_ES"},"Manufacturer":{"DisplayValue":"Senral","Label":"Manufacturer","Locale":"es_ES"}},"Title":{"DisplayValue":"Correa de Hombro de Piel Universal con Ganchos Giratorios para Hombro Accesorios de Correas para Bolso de Piel Cruzada, Maletín, Bandolera, Bolsa, (Vachetta 2s Width 1.2cm (0.47inch) Gold)","Label":"Title","Locale":"es_ES"}},"Offers":{"Summaries":[{"Condition":{"Value":"New"},"LowestPrice":{"Amount":33.99,"Currency":"EUR","DisplayAmount":"33,99 €"}}]}},{"ASIN":"B09SL9D78W","DetailPageURL":"https://www.amazon.es/dp/B09SL9D78W?tag=topinalambricos-21&linkCode=osi&th=1&psc=1","Images":{"Primary":{"Small":{"Height":75,"URL":"https://m.media-amazon.com/images/I/21bY9aDmm1L._SL75_.jpg","Width":75}}},"ItemInfo":{"ByLineInfo":{"Brand":{"DisplayValue":"WADORN","Label":"Brand","Locale":"es_ES"},"Manufacturer":{"DisplayValue":"WADORN","Label":"Manufacturer","Locale":"es_ES"}},"Title":{"DisplayValue":"WADORN Correa Ancha de Cuero para Monedero, Correa de Hombro de Cuero de 35.2 Pulgada, Correa de Repuesto para Bolso de Mano de Cuero de Doble Cara con Cierres Giratorios, Negro","Label":"Title","Locale":"es_ES"}},"Offers":{"Summaries":[{"Condition":{"Value":"New"},"LowestPrice":{"Amount":12.09,"Currency":"EUR","DisplayAmount":"12,09 €"}}]}},{"ASIN":"B0BZYY6PVC","DetailPageURL":"https://www.amazon.es/dp/B0BZYY6PVC?tag=topinalambricos-21&linkCode=osi&th=1&psc=1","Images":{"Primary":{"Small":{"Height":75,"URL":"https://m.media-amazon.com/images/I/41FwmDpXIlL._SL75_.jpg","Width":75}}},"ItemInfo":{"ByLineInfo":{"Brand":{"DisplayValue":"A-QMZL","Label":"Brand","Locale":"es_ES"}},"Title":{"DisplayValue":"Bolsos Bandolera Mujer Cuero PU Bolso de Hombro Pequeña de Mujer Riñonera de Moda para Mujer con Correa Ancha Ajustable Y ExtraíBle Elegante Bandolera (Negro)","Label":"Title","Locale":"es_ES"}},"Offers":{"Summaries":[{"Condition":{"Value":"New"},"LowestPrice":{"Amount":18.99,"Currency":"EUR","DisplayAmount":"18,99 €"}}]}},{"ASIN":"B0B7B9KRNX","DetailPageURL":"https://www.amazon.es/dp/B0B7B9KRNX?tag=topinalambricos-21&linkCode=osi&th=1&psc=1","Images":{"Primary":{"Small":{"Height":75,"URL":"https://m.media-amazon.com/images/I/51oB2r6f0nL._SL75_.jpg","Width":75}}},"ItemInfo":{"ByLineInfo":{"Brand":{"DisplayValue":"Mikqky","Label":"Brand","Locale":"es_ES"},"Manufacturer":{"DisplayValue":"Mikqky","Label":"Manufacturer","Locale":"es_ES"}},"Title":{"DisplayValue":"Mikqky 3 Piezas Correas para Bolsos Estilo Étnico Colorido, Recambio Ajustable Universal Correa De Hombro, DIY Correa Crossbody, para Bandolera para Bolsos, Bolsos de Mensajero","Label":"Title","Locale":"es_ES"}},"Offers":{"Summaries":[{"Condition":{"Value":"New"},"LowestPrice":{"Amount":15.99,"Currency":"EUR","DisplayAmount":"15,99 € (5,33 € / unidad)","PricePerUnit":5.33}}]}},{"ASIN":"B07YYTF61W","DetailPageURL":"https://www.amazon.es/dp/B07YYTF61W?tag=topinalambricos-21&linkCode=osi&th=1&psc=1","Images":{"Primary":{"Small":{"Height":75,"URL":"https://m.media-amazon.com/images/I/51odQRwFq-L._SL75_.jpg","Width":75}}},"ItemInfo":{"ByLineInfo":{"Brand":{"DisplayValue":"BETOY","Label":"Brand","Locale":"es_ES"}},"Title":{"DisplayValue":"BETOY Mini Mujer Bolsa de Teléfono Móvil Bolsos Bandolera Universal Bolso Pequeño de Cuero Bolsos Bandolera de Lona Pequeño Bolsos de Hombro para Teléfono móvil,cambio pequeño, artículo pequeño,llave","Label":"Title","Locale":"es_ES"}},"Offers":{"Summaries":[{"Condition":{"Value":"New"},"LowestPrice":{"Amount":12.98,"Currency":"EUR","DisplayAmount":"12,98 €"}}]}},{"ASIN":"B0BGS98NVZ","DetailPageURL":"https://www.amazon.es/dp/B0BGS98NVZ?tag=topinalambricos-21&linkCode=osi&th=1&psc=1","Images":{"Primary":{"Small":{"Height":75,"URL":"https://m.media-amazon.com/images/I/51VprKKkiSL._SL75_.jpg","Width":75}}},"ItemInfo":{"ByLineInfo":{"Brand":{"DisplayValue":"HAOCHEN","Label":"Brand","Locale":"es_ES"},"Manufacturer":{"DisplayValue":"HAOCHEN","Label":"Manufacturer","Locale":"es_ES"}},"Title":{"DisplayValue":"Bandolera para Bolsos, Correa de Hombro, Correa de Repuesto Ajustable, Correa Ancha Larga Universal para Mujer y Hombre, Bolso Crossbody Cambiar - Naranja","Label":"Title","Locale":"es_ES"}},"Offers":{"Summaries":[{"Condition":{"Value":"New"},"LowestPrice":{"Amount":7.49,"Currency":"EUR","DisplayAmount":"7,49 €"}}]}},{"ASIN":"B07YSNW1TQ","DetailPageURL":"https://www.amazon.es/dp/B07YSNW1TQ?tag=topinalambricos-21&linkCode=osi&th=1&psc=1","Images":{"Primary":{"Small":{"Height":75,"URL":"https://m.media-amazon.com/images/I/516pfkt5XlL._SL75_.jpg","Width":75}}},"ItemInfo":{"ByLineInfo":{"Brand":{"DisplayValue":"Burlife","Label":"Brand","Locale":"es_ES"},"Manufacturer":{"DisplayValue":"Burlife","Label":"Manufacturer","Locale":"es_ES"}},"Title":{"DisplayValue":"Bolsos de Hombro para Celular Hombre, Mujer Compacta Bandolera Bolso de Teléfono Móvil, 6.5\" Universal Vertical Monedero de Cartera con Ranuras para Tarjeta de Correa Bolso de Mensajero Crossbody Bag","Label":"Title","Locale":"es_ES"}},"Offers":{"Summaries":[{"Condition":{"Value":"New"},"LowestPrice":{"Amount":13.99,"Currency":"EUR","DisplayAmount":"13,99 €"}}]}},{"ASIN":"B0BTCHWYX5","DetailPageURL":"https://www.amazon.es/dp/B0BTCHWYX5?tag=topinalambricos-21&linkCode=osi&th=1&psc=1","Images":{"Primary":{"Small":{"Height":75,"URL":"https://m.media-amazon.com/images/I/313jyOsv5wL._SL75_.jpg","Width":75}}},"ItemInfo":{"ByLineInfo":{"Brand":{"DisplayValue":"VALICLUD","Label":"Brand","Locale":"es_ES"},"Manufacturer":{"DisplayValue":"VALICLUD","Label":"Manufacturer","Locale":"es_ES"}},"Title":{"DisplayValue":"VALICLUD 1 Pieza Bolso Creativo Bandolera Mensajero De Moda Acolchado Único Mujer Straddle Correa Multipropósito Hombro Universal Práctico Embrague Bolso De Compras Cuero Remache Señora","Label":"Title","Locale":"es_ES"}},"Offers":{"Summaries":[{"Condition":{"Value":"New"},"LowestPrice":{"Amount":23.32,"Currency":"EUR","DisplayAmount":"23,32 €"}}]}},{"ASIN":"B076H31QT3","DetailPageURL":"https://www.amazon.es/dp/B076H31QT3?tag=topinalambricos-21&linkCode=osi&th=1&psc=1","Images":{"Primary":{"Small":{"Height":75,"URL":"https://m.media-amazon.com/images/I/31kFGPWHxbL._SL75_.jpg","Width":75}}},"ItemInfo":{"ByLineInfo":{"Brand":{"DisplayValue":"Umily","Label":"Brand","Locale":"es_ES"}},"Title":{"DisplayValue":"Umily Ajustable Universal Correa de Hombro Cinturón Bolsa Accesorios Bolso De Hombro Del Cinturón Recambio Desmontables Para Mujeres 90cm","Label":"Title","Locale":"es_ES"}},"Offers":{"Summaries":[{"Condition":{"Value":"New"},"LowestPrice":{"Amount":19.99,"Currency":"EUR","DisplayAmount":"19,99 €"}}]}},{"ASIN":"B0BDWZNF9Z","DetailPageURL":"https://www.amazon.es/dp/B0BDWZNF9Z?tag=topinalambricos-21&linkCode=osi&th=1&psc=1","Images":{"Primary":{"Small":{"Height":75,"URL":"https://m.media-amazon.com/images/I/41KGk6kDdJL._SL75_.jpg","Width":75}}},"ItemInfo":{"ByLineInfo":{"Brand":{"DisplayValue":"ETORRY","Label":"Brand","Locale":"es_ES"},"Manufacturer":{"DisplayValue":"ETORRY","Label":"Manufacturer","Locale":"es_ES"}},"Title":{"DisplayValue":"ETORRY Bolso de Teléfono Móvil para Mujer, Bolso Multifuncional del Hombro del Cuero de la PU de los Bolsillos RFID de la Protección de la Correa de Hombro Ajustable. (Brown)","Label":"Title","Locale":"es_ES"}},"Offers":{"Summaries":[{"Condition":{"Value":"New"},"LowestPrice":{"Amount":16.98,"Currency":"EUR","DisplayAmount":"16,98 €"}}]}}],"SearchURL":"https://www.amazon.es/s?k=correa+universal+cuero&rh=n%3A2007965031%2Cp_n_availability%3A-1&tag=topinalambricos-21&linkCode=osi","TotalResultCount":535}},"155":{"Errors":[{"__type":"com.amazon.paapi5#ErrorData","Code":"NoResults","Message":"No results found for your request."}]},"156":{"SearchResult":{"Items":[{"ASIN":"B0BN54P9C3","DetailPageURL":"https://www.amazon.es/dp/B0BN54P9C3?tag=topinalambricos-21&linkCode=osi&th=1&psc=1","Images":{"Primary":{"Small":{"Height":75,"URL":"https://m.media-amazon.com/images/I/41j5esskSlL._SL75_.jpg","Width":75}}},"ItemInfo":{"ByLineInfo":{"Brand":{"DisplayValue":"Desconocido","Label":"Brand","Locale":"es_ES"},"Manufacturer":{"DisplayValue":"Generic","Label":"Manufacturer","Locale":"es_ES"}},"Title":{"DisplayValue":"Al aire libre hombres cuero genuino embrague bolsos negocios cuero de vaca carteras móvil piel cremallera teléfono bolsa bolsa masculina largo caso A4Q3, Coffee","Label":"Title","Locale":"es_ES"}},"Offers":{"Summaries":[{"Condition":{"Value":"New"},"LowestPrice":{"Amount":8.9,"Currency":"EUR","DisplayAmount":"8,90 €"}}]}},{"ASIN":"B07MV7T3SX","DetailPageURL":"https://www.amazon.es/dp/B07MV7T3SX?tag=topinalambricos-21&linkCode=osi&th=1&psc=1","Images":{"Primary":{"Small":{"Height":75,"URL":"https://m.media-amazon.com/images/I/41vwHGxvu9L._SL75_.jpg","Width":75}}},"ItemInfo":{"ByLineInfo":{"Brand":{"DisplayValue":"Contacts","Label":"Brand","Locale":"es_ES"}},"Title":{"DisplayValue":"Contacts Cuero Genuino Crossbody Riñonera Tarjeta de teléfono Monedero Cartera de teléfono Café","Label":"Title","Locale":"es_ES"}},"Offers":{"Summaries":[{"Condition":{"Value":"New"},"LowestPrice":{"Amount":33.99,"Currency":"EUR","DisplayAmount":"33,99 €"}}]}},{"ASIN":"B009SPG6WO","DetailPageURL":"https://www.amazon.es/dp/B009SPG6WO?tag=topinalambricos-21&linkCode=osi&th=1&psc=1","Images":{"Primary":{"Small":{"Height":58,"URL":"https://m.media-amazon.com/images/I/41t1bFuk1aL._SL75_.jpg","Width":75}}},"ItemInfo":{"ByLineInfo":{"Brand":{"DisplayValue":"Gusti","Label":"Brand","Locale":"es_ES"}},"Title":{"DisplayValue":"Riñonera de Cuero Gusti Cuero Ronan Bolso para Cinturón Marrón G4","Label":"Title","Locale":"es_ES"}},"Offers":{"Summaries":[{"Condition":{"Value":"New"},"LowestPrice":{"Amount":34.95,"Currency":"EUR","DisplayAmount":"34,95 €"}}]}},{"ASIN":"B0B8VZQPZM","DetailPageURL":"https://www.amazon.es/dp/B0B8VZQPZM?tag=topinalambricos-21&linkCode=osi&th=1&psc=1","Images":{"Primary":{"Small":{"Height":75,"URL":"https://m.media-amazon.com/images/I/41r8KGrxyIL._SL75_.jpg","Width":75}}},"ItemInfo":{"ByLineInfo":{"Brand":{"DisplayValue":"RHXWFDG","Label":"Brand","Locale":"es_ES"},"Manufacturer":{"DisplayValue":"RHXWFDG","Label":"Manufacturer","Locale":"es_ES"}},"Title":{"DisplayValue":"RHXWFDG Riñonera Medieval para Mujer, Riñonera Ajustable De Cuero PU, Estilo Vintage Viking Knight Cosplay Hip Bag Monedero Deportes Al Aire Libre Botón Ajustable Bolsa,Latón","Label":"Title","Locale":"es_ES"}},"Offers":{"Summaries":[{"Condition":{"Value":"New"},"LowestPrice":{"Amount":58.99,"Currency":"EUR","DisplayAmount":"58,99 €"}}]}},{"ASIN":"B00BVP98CE","DetailPageURL":"https://www.amazon.es/dp/B00BVP98CE?tag=topinalambricos-21&linkCode=osi&th=1&psc=1","Images":{"Primary":{"Small":{"Height":50,"URL":"https://m.media-amazon.com/images/I/41GQtvPjm2L._SL75_.jpg","Width":75}}},"ItemInfo":{"ByLineInfo":{"Brand":{"DisplayValue":"LEAS","Label":"Brand","Locale":"es_ES"},"Manufacturer":{"DisplayValue":"LEAS","Label":"Manufacturer","Locale":"es_ES"}},"Title":{"DisplayValue":"Bolsa de cinturón LEAS, Piel auténtica, negro - ''LEAS Travel-Line''","Label":"Title","Locale":"es_ES"}},"Offers":{"Summaries":[{"Condition":{"Value":"New"},"LowestPrice":{"Amount":24.99,"Currency":"EUR","DisplayAmount":"24,99 €"}}]}},{"ASIN":"B00VJL7XI6","DetailPageURL":"https://www.amazon.es/dp/B00VJL7XI6?tag=topinalambricos-21&linkCode=osi&th=1&psc=1","Images":{"Primary":{"Small":{"Height":75,"URL":"https://m.media-amazon.com/images/I/41wJDr2z70L._SL75_.jpg","Width":75}}},"ItemInfo":{"ByLineInfo":{"Brand":{"DisplayValue":"Le'aokuu","Label":"Brand","Locale":"es_ES"}},"Title":{"DisplayValue":"Le'aokuu Hombres Cuero Genuino Bolsa de Cintura blosa Mensajero y Bandolera Bolso Pierna Multifuncional Militar Táctico Bolsa de cardera Senderismo Deportes Camping 211-4","Label":"Title","Locale":"es_ES"}},"Offers":{"Summaries":[{"Condition":{"Value":"New"},"LowestPrice":{"Amount":37.99,"Currency":"EUR","DisplayAmount":"37,99 €"}}]}},{"ASIN":"B07Z2F8JL2","DetailPageURL":"https://www.amazon.es/dp/B07Z2F8JL2?tag=topinalambricos-21&linkCode=osi&th=1&psc=1","Images":{"Primary":{"Small":{"Height":75,"URL":"https://m.media-amazon.com/images/I/51aFpQtyzYL._SL75_.jpg","Width":75}}},"ItemInfo":{"ByLineInfo":{"Brand":{"DisplayValue":"Morbuy-Shop","Label":"Brand","Locale":"es_ES"},"Manufacturer":{"DisplayValue":"Morbuy-Shop","Label":"Manufacturer","Locale":"es_ES"}},"Title":{"DisplayValue":"Hombre Bandolera Mini Multiusos Riñonera, Morbuy Bolso del teléfono Bolsa de Mensajero Pequeña móvil Deporte Senderismo de Viaje (13 * 20 cm,Rojo marrón)","Label":"Title","Locale":"es_ES"}},"Offers":{"Summaries":[{"Condition":{"Value":"New"},"LowestPrice":{"Amount":21.99,"Currency":"EUR","DisplayAmount":"21,99 €"}}]}},{"ASIN":"B09B82KCBY","DetailPageURL":"https://www.amazon.es/dp/B09B82KCBY?tag=topinalambricos-21&linkCode=osi&th=1&psc=1","Images":{"Primary":{"Small":{"Height":75,"URL":"https://m.media-amazon.com/images/I/3192oRgqnnL._SL75_.jpg","Width":49}}},"ItemInfo":{"ByLineInfo":{"Brand":{"DisplayValue":"AmbraModa","Label":"Brand","Locale":"es_ES"}},"Title":{"DisplayValue":"AmbraModa GLX10 – Bolso para mujer y hombre, unisex, pequeño, de piel auténtica, Marrón claro., 23/7/12 cm, Riñonera, bandolera","Label":"Title","Locale":"es_ES"}},"Offers":{"Summaries":[{"Condition":{"Value":"New"},"LowestPrice":{"Amount":30.06,"Currency":"EUR","DisplayAmount":"30,06 €"}}]}},{"ASIN":"B0BRSGCWZJ","DetailPageURL":"https://www.amazon.es/dp/B0BRSGCWZJ?tag=topinalambricos-21&linkCode=osi&th=1&psc=1","Images":{"Primary":{"Small":{"Height":75,"URL":"https://m.media-amazon.com/images/I/41o-eUv+sqL._SL75_.jpg","Width":75}}},"ItemInfo":{"ByLineInfo":{"Brand":{"DisplayValue":"Desconocido","Label":"Brand","Locale":"es_ES"},"Manufacturer":{"DisplayValue":"Generic","Label":"Manufacturer","Locale":"es_ES"}},"Title":{"DisplayValue":"Cinturón ajustable impermeable lindo bolso de cintura transparente bolsa transparente bolsa de cuero para mujer mochila para laptop para trabajo (RD1, talla única)","Label":"Title","Locale":"es_ES"}},"Offers":{"Summaries":[{"Condition":{"Value":"New"},"LowestPrice":{"Amount":1.1,"Currency":"EUR","DisplayAmount":"1,10 €"}}]}},{"ASIN":"B00FWODQLE","DetailPageURL":"https://www.amazon.es/dp/B00FWODQLE?tag=topinalambricos-21&linkCode=osi&th=1&psc=1","Images":{"Primary":{"Small":{"Height":50,"URL":"https://m.media-amazon.com/images/I/518hRuOsyVL._SL75_.jpg","Width":75}}},"ItemInfo":{"ByLineInfo":{"Brand":{"DisplayValue":"LEAS","Label":"Brand","Locale":"es_ES"},"Manufacturer":{"DisplayValue":"LEAS","Label":"Manufacturer","Locale":"es_ES"}},"Title":{"DisplayValue":"LEAS Bolsa de cinturón Muy Alta, Piel auténtica del búfalo, Negro Travel-Line''","Label":"Title","Locale":"es_ES"}},"Offers":{"Summaries":[{"Condition":{"Value":"New"},"LowestPrice":{"Amount":49.99,"Currency":"EUR","DisplayAmount":"49,99 €"}}]}}],"SearchURL":"https://www.amazon.es/s?k=cuero+hombre&rh=n%3A11960907031%2Cp_n_availability%3A-1&tag=topinalambricos-21&linkCode=osi","TotalResultCount":42}},"157":{"SearchResult":{"Items":[{"ASIN":"B0B3SDRT94","DetailPageURL":"https://www.amazon.es/dp/B0B3SDRT94?tag=topinalambricos-21&linkCode=osi&th=1&psc=1","Images":{"Primary":{"Small":{"Height":75,"URL":"https://m.media-amazon.com/images/I/41f9xv-kM+L._SL75_.jpg","Width":75}}},"ItemInfo":{"ByLineInfo":{"Brand":{"DisplayValue":"Genérico","Label":"Brand","Locale":"es_ES"}},"Title":{"DisplayValue":"Riñonera de Cuero Hippie, Riñonera de Cuero Color Natural, Riñonera de Piel cámel, Riñonera Hombre y Mujer de Cuero, Riñonera Cuero Artesanal","Label":"Title","Locale":"es_ES"}},"Offers":{"Summaries":[{"Condition":{"Value":"New"},"LowestPrice":{"Amount":19.95,"Currency":"EUR","DisplayAmount":"19,95 €"}}]}},{"ASIN":"B0B3S1W6GX","DetailPageURL":"https://www.amazon.es/dp/B0B3S1W6GX?tag=topinalambricos-21&linkCode=osi&th=1&psc=1","Images":{"Primary":{"Small":{"Height":60,"URL":"https://m.media-amazon.com/images/I/41z6py9J8YL._SL75_.jpg","Width":75}}},"ItemInfo":{"ByLineInfo":{"Brand":{"DisplayValue":"Genérico","Label":"Brand","Locale":"es_ES"}},"Title":{"DisplayValue":"Riñonera de Cuero Hippie, Riñonera marrón de Piel, Riñonera Hombre y Mujer de Cuero, Riñonera Cuero Artesanal","Label":"Title","Locale":"es_ES"}},"Offers":{"Summaries":[{"Condition":{"Value":"New"},"LowestPrice":{"Amount":19.95,"Currency":"EUR","DisplayAmount":"19,95 €"}}]}},{"ASIN":"B0B3S7MLRM","DetailPageURL":"https://www.amazon.es/dp/B0B3S7MLRM?tag=topinalambricos-21&linkCode=osi&th=1&psc=1","Images":{"Primary":{"Small":{"Height":75,"URL":"https://m.media-amazon.com/images/I/31sk0yGksQL._SL75_.jpg","Width":75}}},"ItemInfo":{"ByLineInfo":{"Brand":{"DisplayValue":"Genérico","Label":"Brand","Locale":"es_ES"}},"Title":{"DisplayValue":"Riñonera de Cuero Hippie, Riñonera de Cuero Negra, Riñonera de Piel Negra, Riñonera Hombre y Mujer de Cuero, Riñonera Cuero Artesanal, Negro","Label":"Title","Locale":"es_ES"}},"Offers":{"Summaries":[{"Condition":{"Value":"New"},"LowestPrice":{"Amount":19.95,"Currency":"EUR","DisplayAmount":"19,95 €"}}]}},{"ASIN":"B08DRM4JPL","DetailPageURL":"https://www.amazon.es/dp/B08DRM4JPL?tag=topinalambricos-21&linkCode=osi&th=1&psc=1","Images":{"Primary":{"Small":{"Height":75,"URL":"https://m.media-amazon.com/images/I/41FVifq1hlL._SL75_.jpg","Width":75}}},"ItemInfo":{"ByLineInfo":{"Brand":{"DisplayValue":"STILORD","Label":"Brand","Locale":"es_ES"},"Manufacturer":{"DisplayValue":"STILORD","Label":"Manufacturer","Locale":"es_ES"}},"Title":{"DisplayValue":"STILORD 'Terry' Riñonera de Cuero Vintage Bolso de Cinturón para Hombre Mujer Bolsa Cadera para Deportes Correr Running Fiestas Viaje Festival, Color:marrón - Medio","Label":"Title","Locale":"es_ES"}},"Offers":{"Summaries":[{"Condition":{"Value":"New"},"LowestPrice":{"Amount":49.9,"Currency":"EUR","DisplayAmount":"49,90 €"}}]}},{"ASIN":"B07G9WXMXZ","DetailPageURL":"https://www.amazon.es/dp/B07G9WXMXZ?tag=topinalambricos-21&linkCode=osi&th=1&psc=1","Images":{"Primary":{"Small":{"Height":75,"URL":"https://m.media-amazon.com/images/I/51aFgllrr6L._SL75_.jpg","Width":75}}},"ItemInfo":{"ByLineInfo":{"Brand":{"DisplayValue":"Le'aokuu","Label":"Brand","Locale":"es_ES"}},"Title":{"DisplayValue":"Le'aokuu Hombres Cuero genunio Bolsa de Mensajero Bandolera Bolsa de teléfono Bolsa de Viaje al Aire Libre Bolsa de Cintura con ganche (611-1 A Marrón Oscuro Tamaño-Grande)","Label":"Title","Locale":"es_ES"}},"Offers":{"Summaries":[{"Condition":{"Value":"New"},"LowestPrice":{"Amount":38.99,"Currency":"EUR","DisplayAmount":"38,99 €"}}]}},{"ASIN":"B07838TL3B","DetailPageURL":"https://www.amazon.es/dp/B07838TL3B?tag=topinalambricos-21&linkCode=osi&th=1&psc=1","Images":{"Primary":{"Small":{"Height":75,"URL":"https://m.media-amazon.com/images/I/41GkHxbfmPL._SL75_.jpg","Width":75}}},"ItemInfo":{"ByLineInfo":{"Brand":{"DisplayValue":"Xieben","Label":"Brand","Locale":"es_ES"},"Manufacturer":{"DisplayValue":"xieben","Label":"Manufacturer","Locale":"es_ES"}},"Title":{"DisplayValue":"Xieben Cuero De La Vendimia Fanny Pack Bolso De La Cintura para Hombres Mujeres Viajes Senderismo Correr Hip Bum Cinturón Delgado Teléfono Celular Monedero Cartera Bolsa Café","Label":"Title","Locale":"es_ES"}},"Offers":{"Summaries":[{"Condition":{"Value":"New"},"LowestPrice":{"Amount":24.89,"Currency":"EUR","DisplayAmount":"24,89 €"}}]}},{"ASIN":"B018LWC9K2","DetailPageURL":"https://www.amazon.es/dp/B018LWC9K2?tag=topinalambricos-21&linkCode=osi&th=1&psc=1","Images":{"Primary":{"Small":{"Height":75,"URL":"https://m.media-amazon.com/images/I/41l6Hv+KTbL._SL75_.jpg","Width":75}}},"ItemInfo":{"ByLineInfo":{"Brand":{"DisplayValue":"Le'aokuu","Label":"Brand","Locale":"es_ES"}},"Title":{"DisplayValue":"Le'aokuu Hombres Cuero Genuino Bolso Cintura Bolsa de Cuero Gota Pierna Bolsa para Hombres Bolso Multifuncional Militar Táctico Moto Bicicleta Senderismo Deportes Camping Montar","Label":"Title","Locale":"es_ES"}},"Offers":{"Summaries":[{"Condition":{"Value":"New"},"LowestPrice":{"Amount":37.89,"Currency":"EUR","DisplayAmount":"37,89 €"}}]}},{"ASIN":"B07KSYQKHP","DetailPageURL":"https://www.amazon.es/dp/B07KSYQKHP?tag=topinalambricos-21&linkCode=osi&th=1&psc=1","Images":{"Primary":{"Small":{"Height":75,"URL":"https://m.media-amazon.com/images/I/419KJN67d9L._SL75_.jpg","Width":75}}},"ItemInfo":{"ByLineInfo":{"Brand":{"DisplayValue":"STILORD","Label":"Brand","Locale":"es_ES"},"Manufacturer":{"DisplayValue":"STILORD","Label":"Manufacturer","Locale":"es_ES"}},"Title":{"DisplayValue":"STILORD 'Shawn' Riñonera Cuero Grande Vintage para Festivales Deporte Bolso Cintura Bum Bag auténtica Piel, Color:Zamora - marrón","Label":"Title","Locale":"es_ES"}},"Offers":{"Summaries":[{"Condition":{"Value":"New"},"LowestPrice":{"Amount":67.9,"Currency":"EUR","DisplayAmount":"67,90 €"}}]}},{"ASIN":"B09QQSJCN9","DetailPageURL":"https://www.amazon.es/dp/B09QQSJCN9?tag=topinalambricos-21&linkCode=osi&th=1&psc=1","Images":{"Primary":{"Small":{"Height":75,"URL":"https://m.media-amazon.com/images/I/41yRPt792zL._SL75_.jpg","Width":75}}},"ItemInfo":{"ByLineInfo":{"Brand":{"DisplayValue":"STILORD","Label":"Brand","Locale":"es_ES"},"Manufacturer":{"DisplayValue":"STILORD","Label":"Manufacturer","Locale":"es_ES"}},"Title":{"DisplayValue":"STILORD 'Marquez' Riñonera Cuero Cuero Ideal Bolso Bandolero Hombro Cross-Body Bolsa de Cinturón Vintage para Hombres Mujeres Bolsa de Correa de Cuero Real, Color:Terni - marrón","Label":"Title","Locale":"es_ES"}},"Offers":{"Summaries":[{"Condition":{"Value":"New"},"LowestPrice":{"Amount":54.9,"Currency":"EUR","DisplayAmount":"54,90 €"}}]}},{"ASIN":"B092VN5KXK","DetailPageURL":"https://www.amazon.es/dp/B092VN5KXK?tag=topinalambricos-21&linkCode=osi&th=1&psc=1","Images":{"Primary":{"Small":{"Height":49,"URL":"https://m.media-amazon.com/images/I/411gVVEk4mL._SL75_.jpg","Width":75}}},"ItemInfo":{"ByLineInfo":{"Brand":{"DisplayValue":"Time Resistance","Label":"Brand","Locale":"es_ES"}},"Title":{"DisplayValue":"Time Resistance Riñonera de Piel para Hombre y Mujer - Estilo Vintage con Cuero Aunténtico de Vachetta, Hecha a Mano en Italia - Ideal para Llevar Todo lo Que Necesitas, Color Marrón Oscuro","Label":"Title","Locale":"es_ES"}},"Offers":{"Summaries":[{"Condition":{"Value":"New"},"LowestPrice":{"Amount":123.0,"Currency":"EUR","DisplayAmount":"123,00 €"}}]}}],"SearchURL":"https://www.amazon.es/s?k=artesanal+cuero&rh=n%3A11960907031%2Cp_n_availability%3A-1&tag=topinalambricos-21&linkCode=osi","TotalResultCount":38}},"158":{"SearchResult":{"Items":[{"ASIN":"B0B3S7MLRM","DetailPageURL":"https://www.amazon.es/dp/B0B3S7MLRM?tag=topinalambricos-21&linkCode=osi&th=1&psc=1","Images":{"Primary":{"Small":{"Height":75,"URL":"https://m.media-amazon.com/images/I/31sk0yGksQL._SL75_.jpg","Width":75}}},"ItemInfo":{"ByLineInfo":{"Brand":{"DisplayValue":"Genérico","Label":"Brand","Locale":"es_ES"}},"Title":{"DisplayValue":"Riñonera de Cuero Hippie, Riñonera de Cuero Negra, Riñonera de Piel Negra, Riñonera Hombre y Mujer de Cuero, Riñonera Cuero Artesanal, Negro","Label":"Title","Locale":"es_ES"}},"Offers":{"Summaries":[{"Condition":{"Value":"New"},"LowestPrice":{"Amount":19.95,"Currency":"EUR","DisplayAmount":"19,95 €"}}]}},{"ASIN":"B0B3SDRT94","DetailPageURL":"https://www.amazon.es/dp/B0B3SDRT94?tag=topinalambricos-21&linkCode=osi&th=1&psc=1","Images":{"Primary":{"Small":{"Height":75,"URL":"https://m.media-amazon.com/images/I/41f9xv-kM+L._SL75_.jpg","Width":75}}},"ItemInfo":{"ByLineInfo":{"Brand":{"DisplayValue":"Genérico","Label":"Brand","Locale":"es_ES"}},"Title":{"DisplayValue":"Riñonera de Cuero Hippie, Riñonera de Cuero Color Natural, Riñonera de Piel cámel, Riñonera Hombre y Mujer de Cuero, Riñonera Cuero Artesanal","Label":"Title","Locale":"es_ES"}},"Offers":{"Summaries":[{"Condition":{"Value":"New"},"LowestPrice":{"Amount":19.95,"Currency":"EUR","DisplayAmount":"19,95 €"}}]}},{"ASIN":"B0BDPRVB8C","DetailPageURL":"https://www.amazon.es/dp/B0BDPRVB8C?tag=topinalambricos-21&linkCode=osi&th=1&psc=1","Images":{"Primary":{"Small":{"Height":75,"URL":"https://m.media-amazon.com/images/I/51xGtavQvrL._SL75_.jpg","Width":75}}},"ItemInfo":{"ByLineInfo":{"Brand":{"DisplayValue":"HUNTLAND","Label":"Brand","Locale":"es_ES"},"Manufacturer":{"DisplayValue":"HUNTLAND","Label":"Manufacturer","Locale":"es_ES"}},"Title":{"DisplayValue":"HUNTLAND-Riñonera pierna Pernera moto Bolsa pierna moto Riñoneras hombre Riñonera moto Perneras militar Pernera tactica Riñonera lateral hombre Riñonera moto pierna Bolso de pierna para moto VA(NEGRO)","Label":"Title","Locale":"es_ES"}},"Offers":{"Summaries":[{"Condition":{"Value":"New"},"LowestPrice":{"Amount":15.9,"Currency":"EUR","DisplayAmount":"15,90 €"}}]}},{"ASIN":"B0B9C1RR5W","DetailPageURL":"https://www.amazon.es/dp/B0B9C1RR5W?tag=topinalambricos-21&linkCode=osi&th=1&psc=1","Images":{"Primary":{"Small":{"Height":75,"URL":"https://m.media-amazon.com/images/I/51Bi5nzY8JL._SL75_.jpg","Width":75}}},"ItemInfo":{"ByLineInfo":{"Brand":{"DisplayValue":"GORGECRAFT","Label":"Brand","Locale":"es_ES"},"Manufacturer":{"DisplayValue":"GORGECRAFT","Label":"Manufacturer","Locale":"es_ES"}},"Title":{"DisplayValue":"GORGECRAFT - Riñonera Medieval de Piel con Cordón, Diseño Vintage, Portátil, Color Marrón, con Dados, Monedero, para Mujeres, Hombres, Senderismo, Riñoneras, Patrón de Martillo de Lobo","Label":"Title","Locale":"es_ES"}},"Offers":{"Summaries":[{"Condition":{"Value":"New"},"LowestPrice":{"Amount":19.19,"Currency":"EUR","DisplayAmount":"19,19 €"}}]}},{"ASIN":"B0B3S1W6GX","DetailPageURL":"https://www.amazon.es/dp/B0B3S1W6GX?tag=topinalambricos-21&linkCode=osi&th=1&psc=1","Images":{"Primary":{"Small":{"Height":60,"URL":"https://m.media-amazon.com/images/I/41z6py9J8YL._SL75_.jpg","Width":75}}},"ItemInfo":{"ByLineInfo":{"Brand":{"DisplayValue":"Genérico","Label":"Brand","Locale":"es_ES"}},"Title":{"DisplayValue":"Riñonera de Cuero Hippie, Riñonera marrón de Piel, Riñonera Hombre y Mujer de Cuero, Riñonera Cuero Artesanal","Label":"Title","Locale":"es_ES"}},"Offers":{"Summaries":[{"Condition":{"Value":"New"},"LowestPrice":{"Amount":19.95,"Currency":"EUR","DisplayAmount":"19,95 €"}}]}},{"ASIN":"B07N4LPJXZ","DetailPageURL":"https://www.amazon.es/dp/B07N4LPJXZ?tag=topinalambricos-21&linkCode=osi&th=1&psc=1","Images":{"Primary":{"Small":{"Height":75,"URL":"https://m.media-amazon.com/images/I/41PVMqQ+WcL._SL75_.jpg","Width":63}}},"ItemInfo":{"ByLineInfo":{"Brand":{"DisplayValue":"Le'aokuu","Label":"Brand","Locale":"es_ES"}},"Title":{"DisplayValue":"Le'aokuu Hombres Bolsa táctica Bolsa de Escalada Cinturón Bolso Cinturón Fanny Paquete de la Cintura Bolsa de la Pierna caída Bolso Mensajero de Cuero de Vaca 3111  (3111 A marrón)","Label":"Title","Locale":"es_ES"}},"Offers":{"Summaries":[{"Condition":{"Value":"New"},"LowestPrice":{"Amount":39.99,"Currency":"EUR","DisplayAmount":"39,99 €"}}]}},{"ASIN":"B07838TL3B","DetailPageURL":"https://www.amazon.es/dp/B07838TL3B?tag=topinalambricos-21&linkCode=osi&th=1&psc=1","Images":{"Primary":{"Small":{"Height":75,"URL":"https://m.media-amazon.com/images/I/41GkHxbfmPL._SL75_.jpg","Width":75}}},"ItemInfo":{"ByLineInfo":{"Brand":{"DisplayValue":"Xieben","Label":"Brand","Locale":"es_ES"},"Manufacturer":{"DisplayValue":"xieben","Label":"Manufacturer","Locale":"es_ES"}},"Title":{"DisplayValue":"Xieben Cuero De La Vendimia Fanny Pack Bolso De La Cintura para Hombres Mujeres Viajes Senderismo Correr Hip Bum Cinturón Delgado Teléfono Celular Monedero Cartera Bolsa Café","Label":"Title","Locale":"es_ES"}},"Offers":{"Summaries":[{"Condition":{"Value":"New"},"LowestPrice":{"Amount":24.89,"Currency":"EUR","DisplayAmount":"24,89 €"}}]}},{"ASIN":"B08NVXZCB3","DetailPageURL":"https://www.amazon.es/dp/B08NVXZCB3?tag=topinalambricos-21&linkCode=osi&th=1&psc=1","Images":{"Primary":{"Small":{"Height":48,"URL":"https://m.media-amazon.com/images/I/41EI9HmkWJL._SL75_.jpg","Width":75}}},"ItemInfo":{"ByLineInfo":{"Brand":{"DisplayValue":"Fa.Volmer","Label":"Brand","Locale":"es_ES"},"Manufacturer":{"DisplayValue":"Fa.Volmer","Label":"Manufacturer","Locale":"es_ES"}},"Title":{"DisplayValue":"Fa.Volmer ® Riñonera en piel auténtica para hombre y mujer, disponible en negro y marrón, varios modelos, marrón, large, Bolso bandolera","Label":"Title","Locale":"es_ES"}},"Offers":{"Summaries":[{"Condition":{"Value":"New"},"LowestPrice":{"Amount":36.9,"Currency":"EUR","DisplayAmount":"36,90 €"}}]}},{"ASIN":"B09R2JBW5Z","DetailPageURL":"https://www.amazon.es/dp/B09R2JBW5Z?tag=topinalambricos-21&linkCode=osi&th=1&psc=1","Images":{"Primary":{"Small":{"Height":75,"URL":"https://m.media-amazon.com/images/I/31scx6BYX1L._SL75_.jpg","Width":75}}},"ItemInfo":{"ByLineInfo":{"Brand":{"DisplayValue":"Lois","Label":"Brand","Locale":"es_ES"},"Contributors":[{"Locale":"es_ES","Name":"Lois","Role":"Diseñador","RoleType":"designer"}],"Manufacturer":{"DisplayValue":"Lois","Label":"Manufacturer","Locale":"es_ES"}},"Title":{"DisplayValue":"Lois - Riñoneras Hombre - Riñonera Mujer - Riñonera Running Pequeña - Riñonera Hombre para Movil - Riñonera Niño - Riñoneras Moda - Riñonera Deportiva 307812, Negro","Label":"Title","Locale":"es_ES"}},"Offers":{"Summaries":[{"Condition":{"Value":"New"},"LowestPrice":{"Amount":34.99,"Currency":"EUR","DisplayAmount":"34,99 €"}}]}},{"ASIN":"B09HH9L52X","DetailPageURL":"https://www.amazon.es/dp/B09HH9L52X?tag=topinalambricos-21&linkCode=osi&th=1&psc=1","Images":{"Primary":{"Small":{"Height":75,"URL":"https://m.media-amazon.com/images/I/31KwZp53BCL._SL75_.jpg","Width":75}}},"ItemInfo":{"ByLineInfo":{"Brand":{"DisplayValue":"DONBOLSO","Label":"Brand","Locale":"es_ES"},"Manufacturer":{"DisplayValue":"DONBOLSO","Label":"Manufacturer","Locale":"es_ES"}},"Title":{"DisplayValue":"DONBOLSO Riñonera Seattle | Riñonera Hippie Hecha a Mano en Piel con Aspecto Vintage | Bolsa de Cintura Hombres y Mujeres | Vintage Marrón","Label":"Title","Locale":"es_ES"}},"Offers":{"Summaries":[{"Condition":{"Value":"New"},"LowestPrice":{"Amount":48.99,"Currency":"EUR","DisplayAmount":"48,99 €"}}]}}],"SearchURL":"https://www.amazon.es/s?k=hippie+cuero&rh=n%3A11960907031%2Cp_n_availability%3A-1&tag=topinalambricos-21&linkCode=osi","TotalResultCount":157}},"160":{"SearchResult":{"Items":[{"ASIN":"B095KMZ5MR","DetailPageURL":"https://www.amazon.es/dp/B095KMZ5MR?tag=topinalambricos-21&linkCode=osi&th=1&psc=1","Images":{"Primary":{"Small":{"Height":75,"URL":"https://m.media-amazon.com/images/I/41DltRVzodS._SL75_.jpg","Width":75}}},"ItemInfo":{"ByLineInfo":{"Brand":{"DisplayValue":"Coronel Tapiocca","Label":"Brand","Locale":"es_ES"},"Manufacturer":{"DisplayValue":"Coronel Tapiocca","Label":"Manufacturer","Locale":"es_ES"}},"Title":{"DisplayValue":"Coronel Tapiocca Mano para Hombre, Bolso Bandolera, Marrón, Talla única, 0LX8865","Label":"Title","Locale":"es_ES"}},"Offers":{"Summaries":[{"Condition":{"Value":"New"},"LowestPrice":{"Amount":32.99,"Currency":"EUR","DisplayAmount":"32,99 €"}}]}},{"ASIN":"B09RLXCYSP","DetailPageURL":"https://www.amazon.es/dp/B09RLXCYSP?tag=topinalambricos-21&linkCode=osi&th=1&psc=1","Images":{"Primary":{"Small":{"Height":75,"URL":"https://m.media-amazon.com/images/I/31gPkNAtWbL._SL75_.jpg","Width":75}}},"ItemInfo":{"ByLineInfo":{"Brand":{"DisplayValue":"Lois","Label":"Brand","Locale":"es_ES"},"Contributors":[{"Locale":"es_ES","Name":"Lois","Role":"Diseñador","RoleType":"designer"}],"Manufacturer":{"DisplayValue":"Lois","Label":"Manufacturer","Locale":"es_ES"}},"Title":{"DisplayValue":"Lois - Bandoleras Hombre - Bolso Hombre Bandolera Ajustable - Bandolera Hombre Lois de Lona-Polipiel - Bolso Bandolera Hombre para Uso Diario. Bolso de Hombre Pequeño 314919, Negro","Label":"Title","Locale":"es_ES"}},"Offers":{"Summaries":[{"Condition":{"Value":"New"},"LowestPrice":{"Amount":42.99,"Currency":"EUR","DisplayAmount":"42,99 €"}}]}},{"ASIN":"B0B7NYXDK7","DetailPageURL":"https://www.amazon.es/dp/B0B7NYXDK7?tag=topinalambricos-21&linkCode=osi&th=1&psc=1","Images":{"Primary":{"Small":{"Height":75,"URL":"https://m.media-amazon.com/images/I/41L8sQLfduL._SL75_.jpg","Width":75}}},"ItemInfo":{"ByLineInfo":{"Brand":{"DisplayValue":"Lois","Label":"Brand","Locale":"es_ES"},"Contributors":[{"Locale":"es_ES","Name":"Lois","Role":"Diseñador","RoleType":"designer"}],"Manufacturer":{"DisplayValue":"Lois","Label":"Manufacturer","Locale":"es_ES"}},"Title":{"DisplayValue":"Lois - Bandoleras Hombre - Bolso Hombre Bandolera Ajustable - Bandolera Hombre Lois de Polipiel - Bolso Bandolera Hombre para Uso Diario. Bolso de Hombre Pequeño 40214, Negro","Label":"Title","Locale":"es_ES"}},"Offers":{"Summaries":[{"Condition":{"Value":"New"},"LowestPrice":{"Amount":29.99,"Currency":"EUR","DisplayAmount":"29,99 €"}}]}},{"ASIN":"B0BNJDNWFW","DetailPageURL":"https://www.amazon.es/dp/B0BNJDNWFW?tag=topinalambricos-21&linkCode=osi&th=1&psc=1","Images":{"Primary":{"Small":{"Height":75,"URL":"https://m.media-amazon.com/images/I/51l4+wWPYnL._SL75_.jpg","Width":75}}},"ItemInfo":{"ByLineInfo":{"Brand":{"DisplayValue":"Lois","Label":"Brand","Locale":"es_ES"},"Contributors":[{"Locale":"es_ES","Name":"Lois","Role":"Diseñador","RoleType":"designer"}],"Manufacturer":{"DisplayValue":"Lois","Label":"Manufacturer","Locale":"es_ES"}},"Title":{"DisplayValue":"Lois - Bandoleras Hombre - Bolso Hombre Bandolera Ajustable - Bandolera Hombre Lois de Polipiel - Bolso Bandolera Hombre para Uso Diario. Bolso de Hombre Pequeño 317316, Marron","Label":"Title","Locale":"es_ES"}},"Offers":{"Summaries":[{"Condition":{"Value":"New"},"LowestPrice":{"Amount":44.99,"Currency":"EUR","DisplayAmount":"44,99 €"}}]}},{"ASIN":"B095KL8221","DetailPageURL":"https://www.amazon.es/dp/B095KL8221?tag=topinalambricos-21&linkCode=osi&th=1&psc=1","Images":{"Primary":{"Small":{"Height":75,"URL":"https://m.media-amazon.com/images/I/413dB1DEMHS._SL75_.jpg","Width":75}}},"ItemInfo":{"ByLineInfo":{"Brand":{"DisplayValue":"Coronel Tapiocca","Label":"Brand","Locale":"es_ES"},"Manufacturer":{"DisplayValue":"Coronel Tapiocca","Label":"Manufacturer","Locale":"es_ES"}},"Title":{"DisplayValue":"Coronel Tapiocca Hombre, Bolso Bandolera de Piel Sintetica para hombre","Label":"Title","Locale":"es_ES"}},"Offers":{"Summaries":[{"Condition":{"Value":"New"},"LowestPrice":{"Amount":23.99,"Currency":"EUR","DisplayAmount":"23,99 €"}}]}},{"ASIN":"B08LLC4H4F","DetailPageURL":"https://www.amazon.es/dp/B08LLC4H4F?tag=topinalambricos-21&linkCode=osi&th=1&psc=1","Images":{"Primary":{"Small":{"Height":75,"URL":"https://m.media-amazon.com/images/I/51TNQS+AVIL._SL75_.jpg","Width":75}}},"ItemInfo":{"ByLineInfo":{"Brand":{"DisplayValue":"Lois","Label":"Brand","Locale":"es_ES"},"Contributors":[{"Locale":"es_ES","Name":"Lois","Role":"Diseñador","RoleType":"designer"}],"Manufacturer":{"DisplayValue":"LOIS","Label":"Manufacturer","Locale":"es_ES"}},"Title":{"DisplayValue":"Lois - Bandoleras Hombre - Bolso Hombre Bandolera Ajustable - Bandolera Hombre Lois de Polipiel - Bolso Bandolera Hombre para Uso Diario. Bolso de Hombre Pequeño 310219, Marron","Label":"Title","Locale":"es_ES"}},"Offers":{"Summaries":[{"Condition":{"Value":"New"},"LowestPrice":{"Amount":37.99,"Currency":"EUR","DisplayAmount":"37,99 €"}}]}},{"ASIN":"B09KHBW4LJ","DetailPageURL":"https://www.amazon.es/dp/B09KHBW4LJ?tag=topinalambricos-21&linkCode=osi&th=1&psc=1","Images":{"Primary":{"Small":{"Height":75,"URL":"https://m.media-amazon.com/images/I/415DKxM6M0L._SL75_.jpg","Width":75}}},"ItemInfo":{"ByLineInfo":{"Brand":{"DisplayValue":"STILORD","Label":"Brand","Locale":"es_ES"},"Manufacturer":{"DisplayValue":"STILORD","Label":"Manufacturer","Locale":"es_ES"}},"Title":{"DisplayValue":"STILORD 'Ryan' Bolso Cruzado Hombre Piel Mariconera Hombres Bolsa de Hombro Pequeño Vintage Bolsito Mensajero para iPad 9.7 Pulgadas Cuero Auténtico, Color:Zamora - marrón","Label":"Title","Locale":"es_ES"}},"Offers":{"Summaries":[{"Condition":{"Value":"New"},"LowestPrice":{"Amount":79.9,"Currency":"EUR","DisplayAmount":"79,90 €"}}]}},{"ASIN":"B0BF4NS6WK","DetailPageURL":"https://www.amazon.es/dp/B0BF4NS6WK?tag=topinalambricos-21&linkCode=osi&th=1&psc=1","Images":{"Primary":{"Small":{"Height":75,"URL":"https://m.media-amazon.com/images/I/21o3DeisbRL._SL75_.jpg","Width":51}}},"ItemInfo":{"ByLineInfo":{"Brand":{"DisplayValue":"Coronel Tapiocca","Label":"Brand","Locale":"es_ES"},"Manufacturer":{"DisplayValue":"CORONEL TAPIOCCA","Label":"Manufacturer","Locale":"es_ES"}},"Title":{"DisplayValue":"Coronel Tapioca - Bandoleras Hombre - Bolso Hombre - Bolso hombre bandolera - Bolso Bandolera hombre - Bandolera piel Grande hombre para uso diario, casual, viaje o negocios","Label":"Title","Locale":"es_ES"}},"Offers":{"Summaries":[{"Condition":{"Value":"New"},"LowestPrice":{"Amount":26.77,"Currency":"EUR","DisplayAmount":"26,77 €"}}]}},{"ASIN":"B09R2J3DSP","DetailPageURL":"https://www.amazon.es/dp/B09R2J3DSP?tag=topinalambricos-21&linkCode=osi&th=1&psc=1","Images":{"Primary":{"Small":{"Height":75,"URL":"https://m.media-amazon.com/images/I/51wK77P4daL._SL75_.jpg","Width":75}}},"ItemInfo":{"ByLineInfo":{"Brand":{"DisplayValue":"Lois","Label":"Brand","Locale":"es_ES"},"Contributors":[{"Locale":"es_ES","Name":"Lois","Role":"Diseñador","RoleType":"designer"}],"Manufacturer":{"DisplayValue":"Lois","Label":"Manufacturer","Locale":"es_ES"}},"Title":{"DisplayValue":"Lois - Bandoleras Hombre - Bolso Hombre Bandolera Ajustable - Bandolera Hombre Lois de Lona recubierta/Piel - Bolso Bandolera Hombre para Uso Diario. Bolso de Hombre Pequeño 307821, Marron","Label":"Title","Locale":"es_ES"}},"Offers":{"Summaries":[{"Condition":{"Value":"New"},"LowestPrice":{"Amount":34.3,"Currency":"EUR","DisplayAmount":"34,30 €"}}]}},{"ASIN":"B09JLJB99X","DetailPageURL":"https://www.amazon.es/dp/B09JLJB99X?tag=topinalambricos-21&linkCode=osi&th=1&psc=1","Images":{"Primary":{"Small":{"Height":75,"URL":"https://m.media-amazon.com/images/I/41c1pqkZtyL._SL75_.jpg","Width":75}}},"ItemInfo":{"ByLineInfo":{"Brand":{"DisplayValue":"Aucuu","Label":"Brand","Locale":"es_ES"},"Manufacturer":{"DisplayValue":"Aucuu","Label":"Manufacturer","Locale":"es_ES"}},"Title":{"DisplayValue":"Aucuu Bolso de Pecho de Cuero para Hombres, Bolso Bandolera de Cuero PU Retro Impermeable para Hombres con Puertos USB, Bolso Bandolera de Cuero PU Gran Capacidad para Negocios Senderismo Viajes","Label":"Title","Locale":"es_ES"}},"Offers":{"Summaries":[{"Condition":{"Value":"New"},"LowestPrice":{"Amount":17.99,"Currency":"EUR","DisplayAmount":"17,99 €"}}]}}],"SearchURL":"https://www.amazon.es/s?k=bandolera+cuero&rh=n%3A2007971031%2Cp_n_availability%3A-1&tag=topinalambricos-21&linkCode=osi","TotalResultCount":1000}},"161":{"SearchResult":{"Items":[{"ASIN":"B006EJXGIY","DetailPageURL":"https://www.amazon.es/dp/B006EJXGIY?tag=topinalambricos-21&linkCode=osi&th=1&psc=1","Images":{"Primary":{"Small":{"Height":54,"URL":"https://m.media-amazon.com/images/I/21ugeIwpN6L._SL75_.jpg","Width":75}}},"ItemInfo":{"ByLineInfo":{"Brand":{"DisplayValue":"Gusti","Label":"Brand","Locale":"es_ES"}},"Title":{"DisplayValue":"Gusti Bolso de piel - Summer Bolso bandolera de cuero marrón pequeño","Label":"Title","Locale":"es_ES"}},"Offers":{"Summaries":[{"Condition":{"Value":"New"},"LowestPrice":{"Amount":23.95,"Currency":"EUR","DisplayAmount":"23,95 €"}}]}},{"ASIN":"B0BZSX4F36","DetailPageURL":"https://www.amazon.es/dp/B0BZSX4F36?tag=topinalambricos-21&linkCode=osi&th=1&psc=1","Images":{"Primary":{"Small":{"Height":75,"URL":"https://m.media-amazon.com/images/I/51vq67ro2kL._SL75_.jpg","Width":75}}},"ItemInfo":{"ByLineInfo":{"Brand":{"DisplayValue":"DKNY","Label":"Brand","Locale":"es_ES"},"Contributors":[{"Locale":"es_ES","Name":"DKNY","Role":"Diseñador","RoleType":"designer"}],"Manufacturer":{"DisplayValue":"DKNY","Label":"Manufacturer","Locale":"es_ES"}},"Title":{"DisplayValue":"DKNY - Bolso Bandolera Mujer - Bolso Mujer Pequeño de Marca. Bolso DKNY Mujer - Bolso Mujer Bandolera de Uso Diario - Bolso Pequeño Mujer DK62483, Black Logo Print","Label":"Title","Locale":"es_ES"}},"Offers":{"Summaries":[{"Condition":{"Value":"New"},"LowestPrice":{"Amount":59.99,"Currency":"EUR","DisplayAmount":"59,99 €"}}]}},{"ASIN":"B07T94QQY7","DetailPageURL":"https://www.amazon.es/dp/B07T94QQY7?tag=topinalambricos-21&linkCode=osi&th=1&psc=1","Images":{"Primary":{"Small":{"Height":70,"URL":"https://m.media-amazon.com/images/I/4178eZv9SUL._SL75_.jpg","Width":75}}},"ItemInfo":{"ByLineInfo":{"Brand":{"DisplayValue":"TOM TAILOR","Label":"Brand","Locale":"es_ES"},"Manufacturer":{"DisplayValue":"Tom Tailor Acc","Label":"Manufacturer","Locale":"es_ES"}},"Title":{"DisplayValue":"Tom Tailor Acc Novara, Bolso Bandolera para Mujer, Blanco (Weiß), 28x25x8.5 Centimeters (W x H x L)","Label":"Title","Locale":"es_ES"}},"Offers":{"Summaries":[{"Condition":{"Value":"New"},"LowestPrice":{"Amount":49.99,"Currency":"EUR","DisplayAmount":"49,99 €"}},{"Condition":{"Value":"Used"},"LowestPrice":{"Amount":39.29,"Currency":"EUR","DisplayAmount":"39,29 €"}}]}},{"ASIN":"B09M6YNQJ6","DetailPageURL":"https://www.amazon.es/dp/B09M6YNQJ6?tag=topinalambricos-21&linkCode=osi&th=1&psc=1","Images":{"Primary":{"Small":{"Height":75,"URL":"https://m.media-amazon.com/images/I/51KOML+V55L._SL75_.jpg","Width":75}}},"ItemInfo":{"ByLineInfo":{"Brand":{"DisplayValue":"FORRICA","Label":"Brand","Locale":"es_ES"},"Manufacturer":{"DisplayValue":"FORRICA","Label":"Manufacturer","Locale":"es_ES"}},"Title":{"DisplayValue":"FORRICA Bolso de Teléfono Móvil Mujer Cartera con Espejo Bolso de Bandolera Pequeño Moda Patrón de cocodrilo Niña Monedero de Teléfono Celular Tarjetero Cuero PU Azul","Label":"Title","Locale":"es_ES"}},"Offers":{"Summaries":[{"Condition":{"Value":"New"},"LowestPrice":{"Amount":31.99,"Currency":"EUR","DisplayAmount":"31,99 €"}}]}},{"ASIN":"B07NC1MCSD","DetailPageURL":"https://www.amazon.es/dp/B07NC1MCSD?tag=topinalambricos-21&linkCode=osi&th=1&psc=1","Images":{"Primary":{"Small":{"Height":75,"URL":"https://m.media-amazon.com/images/I/31OrE-iDFsL._SL75_.jpg","Width":75}}},"ItemInfo":{"ByLineInfo":{"Brand":{"DisplayValue":"TOUS","Label":"Brand","Locale":"es_ES"},"Manufacturer":{"DisplayValue":"Tous","Label":"Manufacturer","Locale":"es_ES"}},"Title":{"DisplayValue":"Tous Sherton, Bolso Bandolera para Mujer, Marrón (Cuero 995890622), 19x14x5 cm (W x H x L)","Label":"Title","Locale":"es_ES"}},"Offers":{"Summaries":[{"Condition":{"Value":"New"},"LowestPrice":{"Amount":119.0,"Currency":"EUR","DisplayAmount":"119,00 €"}}]}},{"ASIN":"B0B8SN2JWW","DetailPageURL":"https://www.amazon.es/dp/B0B8SN2JWW?tag=topinalambricos-21&linkCode=osi&th=1&psc=1","Images":{"Primary":{"Small":{"Height":75,"URL":"https://m.media-amazon.com/images/I/510Z1D41e-L._SL75_.jpg","Width":67}}},"ItemInfo":{"ByLineInfo":{"Brand":{"DisplayValue":"Anekke","Label":"Brand","Locale":"es_ES"},"Manufacturer":{"DisplayValue":"ANEKKE","Label":"Manufacturer","Locale":"es_ES"}},"Title":{"DisplayValue":"Anekke - Bolso de Mujer - Bandolera Pequeña - Bolsa de Hombro Polipiel con 1 Asa y Cierre Cremallera - Maleta de Mano - Colección Voice - Accesorios y Complementos Mujer - 15 x 21 x 2 cm","Label":"Title","Locale":"es_ES"}},"Offers":{"Summaries":[{"Condition":{"Value":"New"},"LowestPrice":{"Amount":30.85,"Currency":"EUR","DisplayAmount":"30,85 €"}}]}},{"ASIN":"B07JLJ1D4H","DetailPageURL":"https://www.amazon.es/dp/B07JLJ1D4H?tag=topinalambricos-21&linkCode=osi&th=1&psc=1","Images":{"Primary":{"Small":{"Height":75,"URL":"https://m.media-amazon.com/images/I/518RO39xaGL._SL75_.jpg","Width":75}}},"ItemInfo":{"ByLineInfo":{"Brand":{"DisplayValue":"FIRENZE ARTEGIANI","Label":"Brand","Locale":"es_ES"},"Manufacturer":{"DisplayValue":"Firenze Artegiani","Label":"Manufacturer","Locale":"es_ES"}},"Title":{"DisplayValue":"Firenze Artegiani Bolso Bandolera de Mujer en Piel auténtica, Acabado Gamuza, Solapa con Bolsillo con Cierre Cremallera, 24 cm, Marrón Oscuro","Label":"Title","Locale":"es_ES"}},"Offers":{"Summaries":[{"Condition":{"Value":"New"},"LowestPrice":{"Amount":24.4,"Currency":"EUR","DisplayAmount":"24,40 €"}}]}},{"ASIN":"B09NXHCKLZ","DetailPageURL":"https://www.amazon.es/dp/B09NXHCKLZ?tag=topinalambricos-21&linkCode=osi&th=1&psc=1","Images":{"Primary":{"Small":{"Height":75,"URL":"https://m.media-amazon.com/images/I/31f0A8CfagL._SL75_.jpg","Width":57}}},"ItemInfo":{"ByLineInfo":{"Brand":{"DisplayValue":"TOUS","Label":"Brand","Locale":"es_ES"},"Manufacturer":{"DisplayValue":"Tous","Label":"Manufacturer","Locale":"es_ES"}},"Title":{"DisplayValue":"TOUS MARRÓN, Bandolera Amaya K.Shock Mujer, Talla única","Label":"Title","Locale":"es_ES"}},"Offers":{"Summaries":[{"Condition":{"Value":"New"},"LowestPrice":{"Amount":137.61,"Currency":"EUR","DisplayAmount":"137,61 €"}}]}},{"ASIN":"B07W4RDGCS","DetailPageURL":"https://www.amazon.es/dp/B07W4RDGCS?tag=topinalambricos-21&linkCode=osi&th=1&psc=1","Images":{"Primary":{"Small":{"Height":75,"URL":"https://m.media-amazon.com/images/I/51UWWGmfESL._SL75_.jpg","Width":70}}},"ItemInfo":{"ByLineInfo":{"Brand":{"DisplayValue":"Funrey","Label":"Brand","Locale":"es_ES"}},"Title":{"DisplayValue":"Funrey Bolso Bandolera Rociero piel Ubrique Convertible Riñonera","Label":"Title","Locale":"es_ES"}},"Offers":{"Summaries":[{"Condition":{"Value":"New"},"LowestPrice":{"Amount":29.95,"Currency":"EUR","DisplayAmount":"29,95 €"}}]}},{"ASIN":"B01DP9U6Q0","DetailPageURL":"https://www.amazon.es/dp/B01DP9U6Q0?tag=topinalambricos-21&linkCode=osi&th=1&psc=1","Images":{"Primary":{"Small":{"Height":75,"URL":"https://m.media-amazon.com/images/I/419f1I9+6qL._SL75_.jpg","Width":67}}},"ItemInfo":{"ByLineInfo":{"Brand":{"DisplayValue":"Gusti","Label":"Brand","Locale":"es_ES"},"Manufacturer":{"DisplayValue":"Gusti Leder","Label":"Manufacturer","Locale":"es_ES"}},"Title":{"DisplayValue":"Gusti Cuero nature Garan Bolso Bandolera Auténtico Tablet 7,9\" Universidad Trabajo Tiempo Libre Vintage Retro Mujer Piel de Cabra Marrón K66b","Label":"Title","Locale":"es_ES"}},"Offers":{"Summaries":[{"Condition":{"Value":"New"},"LowestPrice":{"Amount":22.95,"Currency":"EUR","DisplayAmount":"22,95 €"}}]}}],"SearchURL":"https://www.amazon.es/s?k=bandolera+cuero&rh=n%3A2007978031%2Cp_n_availability%3A-1&tag=topinalambricos-21&linkCode=osi","TotalResultCount":1000}},"163":{"SearchResult":{"Items":[{"ASIN":"B07FKSJJ4X","DetailPageURL":"https://www.amazon.es/dp/B07FKSJJ4X?tag=topinalambricos-21&linkCode=osi&th=1&psc=1","Images":{"Primary":{"Small":{"Height":75,"URL":"https://m.media-amazon.com/images/I/41fjxfYeDcL._SL75_.jpg","Width":75}}},"ItemInfo":{"ByLineInfo":{"Brand":{"DisplayValue":"David Jones","Label":"Brand","Locale":"es_ES"}},"Title":{"DisplayValue":"David Jones - Bolso de Mano Maletín Hombre - Portadocumentos Ordenador Portátil 13 Pulgadas - Cartera Cuero PU Negocios Trabajo - Bolso Bandolera Hombre Mensajero Portafolio Oficina Business - Negro","Label":"Title","Locale":"es_ES"}},"Offers":{"Summaries":[{"Condition":{"Value":"New"},"LowestPrice":{"Amount":59.99,"Currency":"EUR","DisplayAmount":"59,99 €"}}]}},{"ASIN":"B09Y55TJQB","DetailPageURL":"https://www.amazon.es/dp/B09Y55TJQB?tag=topinalambricos-21&linkCode=osi&th=1&psc=1","Images":{"Primary":{"Small":{"Height":75,"URL":"https://m.media-amazon.com/images/I/41GYx25oGfL._SL75_.jpg","Width":75}}},"ItemInfo":{"ByLineInfo":{"Brand":{"DisplayValue":"Naudamp","Label":"Brand","Locale":"es_ES"},"Manufacturer":{"DisplayValue":"Naudamp","Label":"Manufacturer","Locale":"es_ES"}},"Title":{"DisplayValue":"Naudamp Bolso de Hombro para Hombre Bolso de Hombro de Cuero Bolso Casual Impermeable Bolso Deportes Maletín de Computadora","Label":"Title","Locale":"es_ES"}},"Offers":{"Summaries":[{"Condition":{"Value":"New"},"LowestPrice":{"Amount":24.98,"Currency":"EUR","DisplayAmount":"24,98 €"}}]}},{"ASIN":"B09XVJZ53X","DetailPageURL":"https://www.amazon.es/dp/B09XVJZ53X?tag=topinalambricos-21&linkCode=osi&th=1&psc=1","Images":{"Primary":{"Small":{"Height":68,"URL":"https://m.media-amazon.com/images/I/41rA5H3bRzL._SL75_.jpg","Width":75}}},"ItemInfo":{"ByLineInfo":{"Brand":{"DisplayValue":"Tommy Hilfiger","Label":"Brand","Locale":"es_ES"},"Manufacturer":{"DisplayValue":"Tommy Hilfiger","Label":"Manufacturer","Locale":"es_ES"}},"Title":{"DisplayValue":"Tommy Hilfiger Bolsa de computadora Delgada Casual, Ordenador para Hombre, Black, One Size","Label":"Title","Locale":"es_ES"}},"Offers":{"Summaries":[{"Condition":{"Value":"New"},"LowestPrice":{"Amount":112.0,"Currency":"EUR","DisplayAmount":"112,00 €"}},{"Condition":{"Value":"Used"},"LowestPrice":{"Amount":95.77,"Currency":"EUR","DisplayAmount":"95,77 €"}}]}},{"ASIN":"B07Y8FF9RS","DetailPageURL":"https://www.amazon.es/dp/B07Y8FF9RS?tag=topinalambricos-21&linkCode=osi&th=1&psc=1","Images":{"Primary":{"Small":{"Height":75,"URL":"https://m.media-amazon.com/images/I/41MwH+zydFL._SL75_.jpg","Width":75}}},"ItemInfo":{"ByLineInfo":{"Brand":{"DisplayValue":"David Jones","Label":"Brand","Locale":"es_ES"}},"Title":{"DisplayValue":"David Jones Bolso de Mano Grande Hombre Negocios Business Trabajo Ordenador Portatiles 15,6 Pulgadas PU Piel Cuero 38 x 9 x 29 cm Negro","Label":"Title","Locale":"es_ES"}},"Offers":{"Summaries":[{"Condition":{"Value":"New"},"LowestPrice":{"Amount":56.0,"Currency":"EUR","DisplayAmount":"56,00 €"}}]}},{"ASIN":"B001AEKJHY","DetailPageURL":"https://www.amazon.es/dp/B001AEKJHY?tag=topinalambricos-21&linkCode=osi&th=1&psc=1","Images":{"Primary":{"Small":{"Height":50,"URL":"https://m.media-amazon.com/images/I/31WJMaHFs6L._SL75_.jpg","Width":75}}},"ItemInfo":{"ByLineInfo":{"Brand":{"DisplayValue":"VISCONTI","Label":"Brand","Locale":"es_ES"},"Manufacturer":{"DisplayValue":"VISCONTI","Label":"Manufacturer","Locale":"es_ES"}},"Title":{"DisplayValue":"VISCONTI - Borsa Messenger - Lavoro/Tracolla/Valigetta per ufficio/Borsa per PC portatili - Vera Pelle - Unisex - 18548 - Negro","Label":"Title","Locale":"es_ES"}},"Offers":{"Summaries":[{"Condition":{"Value":"New"},"LowestPrice":{"Amount":99.95,"Currency":"EUR","DisplayAmount":"99,95 €"}}]}},{"ASIN":"B09L59CV4W","DetailPageURL":"https://www.amazon.es/dp/B09L59CV4W?tag=topinalambricos-21&linkCode=osi&th=1&psc=1","Images":{"Primary":{"Small":{"Height":75,"URL":"https://m.media-amazon.com/images/I/41nRK0RzPTL._SL75_.jpg","Width":75}}},"ItemInfo":{"ByLineInfo":{"Brand":{"DisplayValue":"STILORD","Label":"Brand","Locale":"es_ES"},"Manufacturer":{"DisplayValue":"STILORD","Label":"Manufacturer","Locale":"es_ES"}},"Title":{"DisplayValue":"STILORD 'Tom' Bolso Bandolera de Cuero Maletín Vintage de Hombre y Mujer para portátiles de 15' Estudios Universidad o Trabajo de Piel auténtica, Color:Calais - marrón","Label":"Title","Locale":"es_ES"}},"Offers":{"Summaries":[{"Condition":{"Value":"New"},"LowestPrice":{"Amount":147.9,"Currency":"EUR","DisplayAmount":"147,90 €"}}]}},{"ASIN":"B01EUMH2AE","DetailPageURL":"https://www.amazon.es/dp/B01EUMH2AE?tag=topinalambricos-21&linkCode=osi&th=1&psc=1","Images":{"Primary":{"Small":{"Height":75,"URL":"https://m.media-amazon.com/images/I/3198Hm7KOpL._SL75_.jpg","Width":75}}},"ItemInfo":{"ByLineInfo":{"Brand":{"DisplayValue":"Leathario","Label":"Brand","Locale":"es_ES"},"Manufacturer":{"DisplayValue":"Leathario","Label":"Manufacturer","Locale":"es_ES"}},"Title":{"DisplayValue":"Leathario Maletín Cuero Vintage Ejecutivo de Trabajo Bolsa Mensajero para Portátil 14 Pulgadas Bolso Bandolera de Mano Piel Negocio para Hombre","Label":"Title","Locale":"es_ES"}},"Offers":{"Summaries":[{"Condition":{"Value":"New"},"LowestPrice":{"Amount":79.99,"Currency":"EUR","DisplayAmount":"79,99 €"}}]}},{"ASIN":"B01D40VEVQ","DetailPageURL":"https://www.amazon.es/dp/B01D40VEVQ?tag=topinalambricos-21&linkCode=osi&th=1&psc=1","Images":{"Primary":{"Small":{"Height":75,"URL":"https://m.media-amazon.com/images/I/41MLpqaC5ML._SL75_.jpg","Width":75}}},"ItemInfo":{"ByLineInfo":{"Brand":{"DisplayValue":"STILORD","Label":"Brand","Locale":"es_ES"},"Manufacturer":{"DisplayValue":"STILORD","Label":"Manufacturer","Locale":"es_ES"}},"Title":{"DisplayValue":"STILORD 'Elias' Bandolera Hombre Piel Grande Bolsa de Hombro Mujer Maletín Portátil 15.6 Portadocumentos Cuero Bolso portatil, Color:Cognac marrón Oscuro","Label":"Title","Locale":"es_ES"}},"Offers":{"Summaries":[{"Condition":{"Value":"New"},"LowestPrice":{"Amount":139.0,"Currency":"EUR","DisplayAmount":"139,00 €"}}]}},{"ASIN":"B0B1TDH87T","DetailPageURL":"https://www.amazon.es/dp/B0B1TDH87T?tag=topinalambricos-21&linkCode=osi&th=1&psc=1","Images":{"Primary":{"Small":{"Height":75,"URL":"https://m.media-amazon.com/images/I/41bYCUF8QbL._SL75_.jpg","Width":75}}},"ItemInfo":{"ByLineInfo":{"Brand":{"DisplayValue":"Naudamp","Label":"Brand","Locale":"es_ES"},"Manufacturer":{"DisplayValue":"Naudamp","Label":"Manufacturer","Locale":"es_ES"}},"Title":{"DisplayValue":"Naudamp Bolso de hombro de cuero PU para hombre, bolso bandolera casual para oficina, portátil, maletín de viaje al aire libre, marrón claro, Talla única","Label":"Title","Locale":"es_ES"}},"Offers":{"Summaries":[{"Condition":{"Value":"New"},"LowestPrice":{"Amount":27.24,"Currency":"EUR","DisplayAmount":"27,24 €"}}]}},{"ASIN":"B00XJIZBMW","DetailPageURL":"https://www.amazon.es/dp/B00XJIZBMW?tag=topinalambricos-21&linkCode=osi&th=1&psc=1","Images":{"Primary":{"Small":{"Height":58,"URL":"https://m.media-amazon.com/images/I/51PZ6Wfa4ML._SL75_.jpg","Width":75}}},"ItemInfo":{"ByLineInfo":{"Brand":{"DisplayValue":"LEABAGS","Label":"Brand","Locale":"es_ES"}},"Title":{"DisplayValue":"LEABAGS Gainsville maletín de auténtico Cuero búfalo en el Estilo Vintage - Muskat","Label":"Title","Locale":"es_ES"}},"Offers":{"Summaries":[{"Condition":{"Value":"New"},"LowestPrice":{"Amount":143.95,"Currency":"EUR","DisplayAmount":"143,95 €"}}]}}],"SearchURL":"https://www.amazon.es/s?k=maletin+cuero&rh=n%3A2007968031%2Cp_n_availability%3A-1&tag=topinalambricos-21&linkCode=osi","TotalResultCount":1000}},"164":{"SearchResult":{"Items":[{"ASIN":"B0999R37HD","DetailPageURL":"https://www.amazon.es/dp/B0999R37HD?tag=topinalambricos-21&linkCode=osi&th=1&psc=1","Images":{"Primary":{"Small":{"Height":75,"URL":"https://m.media-amazon.com/images/I/41I7mIFBqnS._SL75_.jpg","Width":75}}},"ItemInfo":{"ByLineInfo":{"Brand":{"DisplayValue":"STILORD","Label":"Brand","Locale":"es_ES"},"Manufacturer":{"DisplayValue":"STILORD","Label":"Manufacturer","Locale":"es_ES"}},"Title":{"DisplayValue":"STILORD 'Kylie' Maletín Mujer Trabajo Cuero Bolso de Negocios Vintage Bolsa para Portátil de 13,3' Bolso Bandolera de Auténtica Piel, Color:marrón Oscuro","Label":"Title","Locale":"es_ES"}},"Offers":{"Summaries":[{"Condition":{"Value":"New"},"LowestPrice":{"Amount":139.9,"Currency":"EUR","DisplayAmount":"139,90 €"}}]}},{"ASIN":"B09X2WXZ9Y","DetailPageURL":"https://www.amazon.es/dp/B09X2WXZ9Y?tag=topinalambricos-21&linkCode=osi&th=1&psc=1","Images":{"Primary":{"Small":{"Height":75,"URL":"https://m.media-amazon.com/images/I/31Nboj6A99L._SL75_.jpg","Width":75}}},"ItemInfo":{"ByLineInfo":{"Brand":{"DisplayValue":"FANDARE","Label":"Brand","Locale":"es_ES"},"Manufacturer":{"DisplayValue":"FANDARE","Label":"Manufacturer","Locale":"es_ES"}},"Title":{"DisplayValue":"FANDARE Maletín Portátil Mujer Grande Bolso Bandolera Impermeable Shoppers y Bolsos de Hombro PU Cuero Bolso de Mano para Viajes Compras Trabajo Citas Negro","Label":"Title","Locale":"es_ES"}},"Offers":{"Summaries":[{"Condition":{"Value":"New"},"LowestPrice":{"Amount":38.99,"Currency":"EUR","DisplayAmount":"38,99 €"}}]}},{"ASIN":"B09JCJ6T45","DetailPageURL":"https://www.amazon.es/dp/B09JCJ6T45?tag=topinalambricos-21&linkCode=osi&th=1&psc=1","Images":{"Primary":{"Small":{"Height":75,"URL":"https://m.media-amazon.com/images/I/41qQNxUZTrL._SL75_.jpg","Width":75}}},"ItemInfo":{"ByLineInfo":{"Brand":{"DisplayValue":"STILORD","Label":"Brand","Locale":"es_ES"},"Manufacturer":{"DisplayValue":"STILORD","Label":"Manufacturer","Locale":"es_ES"}},"Title":{"DisplayValue":"STILORD 'Lydia' Maletín Ejecutivo Mujer Cuero Vintage Grande Bolso de Negocios Maleta Portadocumentos Bolso Portátil de 13,3 Pulgadas de Auténtica Piel, Color:Porto - marrón","Label":"Title","Locale":"es_ES"}},"Offers":{"Summaries":[{"Condition":{"Value":"New"},"LowestPrice":{"Amount":129.0,"Currency":"EUR","DisplayAmount":"129,00 €"}}]}},{"ASIN":"B074PKB3KN","DetailPageURL":"https://www.amazon.es/dp/B074PKB3KN?tag=topinalambricos-21&linkCode=osi&th=1&psc=1","Images":{"Primary":{"Small":{"Height":75,"URL":"https://m.media-amazon.com/images/I/41YgF+IhaaL._SL75_.jpg","Width":75}}},"ItemInfo":{"ByLineInfo":{"Brand":{"DisplayValue":"STILORD","Label":"Brand","Locale":"es_ES"},"Manufacturer":{"DisplayValue":"STILORD","Label":"Manufacturer","Locale":"es_ES"}},"Title":{"DisplayValue":"STILORD 'Rick' Bolso de Mensajero o Bandolera de Piel Vintage Bolsa de portátil de 15.6' para Universidad Negocios o Profesor Maletín marrón de auténtico Cuero, Color:Cognac marrón Oscuro","Label":"Title","Locale":"es_ES"}},"Offers":{"Summaries":[{"Condition":{"Value":"New"},"LowestPrice":{"Amount":147.9,"Currency":"EUR","DisplayAmount":"147,90 €"}}]}},{"ASIN":"B0BG4DP916","DetailPageURL":"https://www.amazon.es/dp/B0BG4DP916?tag=topinalambricos-21&linkCode=osi&th=1&psc=1","Images":{"Primary":{"Small":{"Height":75,"URL":"https://m.media-amazon.com/images/I/31lhoKbbCqL._SL75_.jpg","Width":60}}},"ItemInfo":{"ByLineInfo":{"Brand":{"DisplayValue":"Pikolinos","Label":"Brand","Locale":"es_ES"},"Manufacturer":{"DisplayValue":"PIKOLINOS INTERCONTINENTAL S.L.","Label":"Manufacturer","Locale":"es_ES"}},"Title":{"DisplayValue":"Pikolinos Bandolera De Piel Belmonte Mha para Hombre","Label":"Title","Locale":"es_ES"}},"Offers":{"Summaries":[{"Condition":{"Value":"New"},"LowestPrice":{"Amount":220.0,"Currency":"EUR","DisplayAmount":"220,00 €"}}]}},{"ASIN":"B09GKWMLBD","DetailPageURL":"https://www.amazon.es/dp/B09GKWMLBD?tag=topinalambricos-21&linkCode=osi&th=1&psc=1","Images":{"Primary":{"Small":{"Height":75,"URL":"https://m.media-amazon.com/images/I/41K5UPQ4e+L._SL75_.jpg","Width":75}}},"ItemInfo":{"ByLineInfo":{"Brand":{"DisplayValue":"STILORD","Label":"Brand","Locale":"es_ES"},"Manufacturer":{"DisplayValue":"STILORD","Label":"Manufacturer","Locale":"es_ES"}},"Title":{"DisplayValue":"STILORD 'Tom' Bolso Bandolera de Cuero Maletín Vintage de Hombre y Mujer para portátiles de 15' Estudios Universidad o Trabajo de Piel auténtica, Color:Colorado - marrón","Label":"Title","Locale":"es_ES"}},"Offers":{"Summaries":[{"Condition":{"Value":"New"},"LowestPrice":{"Amount":147.9,"Currency":"EUR","DisplayAmount":"147,90 €"}}]}},{"ASIN":"B08K3H4JW1","DetailPageURL":"https://www.amazon.es/dp/B08K3H4JW1?tag=topinalambricos-21&linkCode=osi&th=1&psc=1","Images":{"Primary":{"Small":{"Height":75,"URL":"https://m.media-amazon.com/images/I/41YvKILCUlL._SL75_.jpg","Width":75}}},"ItemInfo":{"ByLineInfo":{"Brand":{"DisplayValue":"STILORD","Label":"Brand","Locale":"es_ES"},"Manufacturer":{"DisplayValue":"STILORD","Label":"Manufacturer","Locale":"es_ES"}},"Title":{"DisplayValue":"STILORD 'Marvin' Bolso Bandolera de Piel para Hombre y Mujer Bolsa de Mensajero para portátil de 15,6' Maletín Unisex de auténtico Cuero Vintage, Color:Veleta - marrón","Label":"Title","Locale":"es_ES"}},"Offers":{"Summaries":[{"Condition":{"Value":"New"},"LowestPrice":{"Amount":147.9,"Currency":"EUR","DisplayAmount":"147,90 €"}}]}},{"ASIN":"B01DP9U6Q0","DetailPageURL":"https://www.amazon.es/dp/B01DP9U6Q0?tag=topinalambricos-21&linkCode=osi&th=1&psc=1","Images":{"Primary":{"Small":{"Height":75,"URL":"https://m.media-amazon.com/images/I/419f1I9+6qL._SL75_.jpg","Width":67}}},"ItemInfo":{"ByLineInfo":{"Brand":{"DisplayValue":"Gusti","Label":"Brand","Locale":"es_ES"},"Manufacturer":{"DisplayValue":"Gusti Leder","Label":"Manufacturer","Locale":"es_ES"}},"Title":{"DisplayValue":"Gusti Cuero nature Garan Bolso Bandolera Auténtico Tablet 7,9\" Universidad Trabajo Tiempo Libre Vintage Retro Mujer Piel de Cabra Marrón K66b","Label":"Title","Locale":"es_ES"}},"Offers":{"Summaries":[{"Condition":{"Value":"New"},"LowestPrice":{"Amount":22.95,"Currency":"EUR","DisplayAmount":"22,95 €"}}]}},{"ASIN":"B00XJIZBMW","DetailPageURL":"https://www.amazon.es/dp/B00XJIZBMW?tag=topinalambricos-21&linkCode=osi&th=1&psc=1","Images":{"Primary":{"Small":{"Height":58,"URL":"https://m.media-amazon.com/images/I/51PZ6Wfa4ML._SL75_.jpg","Width":75}}},"ItemInfo":{"ByLineInfo":{"Brand":{"DisplayValue":"LEABAGS","Label":"Brand","Locale":"es_ES"}},"Title":{"DisplayValue":"LEABAGS Gainsville maletín de auténtico Cuero búfalo en el Estilo Vintage - Muskat","Label":"Title","Locale":"es_ES"}},"Offers":{"Summaries":[{"Condition":{"Value":"New"},"LowestPrice":{"Amount":143.95,"Currency":"EUR","DisplayAmount":"143,95 €"}}]}},{"ASIN":"B07JFDWC8L","DetailPageURL":"https://www.amazon.es/dp/B07JFDWC8L?tag=topinalambricos-21&linkCode=osi&th=1&psc=1","Images":{"Primary":{"Small":{"Height":75,"URL":"https://m.media-amazon.com/images/I/51CeZZjDVaL._SL75_.jpg","Width":75}}},"ItemInfo":{"ByLineInfo":{"Brand":{"DisplayValue":"Catwalk Collection Handbags","Label":"Brand","Locale":"es_ES"},"Manufacturer":{"DisplayValue":"Catwalk Collection Handbags","Label":"Manufacturer","Locale":"es_ES"}},"Title":{"DisplayValue":"CATWALK COLLECTION - Bolso de Mujer Para Trabajo/Oficina - Cuero Vintage - SIENNA - Tostado","Label":"Title","Locale":"es_ES"}},"Offers":{"Summaries":[{"Condition":{"Value":"New"},"LowestPrice":{"Amount":104.95,"Currency":"EUR","DisplayAmount":"104,95 €"}}]}}],"SearchURL":"https://www.amazon.es/s?k=maletin+cuero&rh=n%3A2007973031%2Cp_n_availability%3A-1&tag=topinalambricos-21&linkCode=osi","TotalResultCount":1000}},"165":{"SearchResult":{"Items":[{"ASIN":"B0BNC88X3D","DetailPageURL":"https://www.amazon.es/dp/B0BNC88X3D?tag=topinalambricos-21&linkCode=osi&th=1&psc=1","Images":{"Primary":{"Small":{"Height":75,"URL":"https://m.media-amazon.com/images/I/41s6POIg-HL._SL75_.jpg","Width":75}}},"ItemInfo":{"ByLineInfo":{"Brand":{"DisplayValue":"Clundoo","Label":"Brand","Locale":"es_ES"},"Manufacturer":{"DisplayValue":"Clundoo","Label":"Manufacturer","Locale":"es_ES"}},"Title":{"DisplayValue":"Clundoo Etiqueta de equipaje, Cuero Etiquetas de Equipaje de Viaje, Etiquetas de Equipaje para Maletas Perfectas Evitando la Pérdida de Bolsas y Maletas(Negro + Rosa)","Label":"Title","Locale":"es_ES"}},"Offers":{"Summaries":[{"Condition":{"Value":"New"},"LowestPrice":{"Amount":5.99,"Currency":"EUR","DisplayAmount":"5,99 € (3,00 € / unidad)","PricePerUnit":3.0}}]}},{"ASIN":"B082WWJ53P","DetailPageURL":"https://www.amazon.es/dp/B082WWJ53P?tag=topinalambricos-21&linkCode=osi&th=1&psc=1","Images":{"Primary":{"Small":{"Height":75,"URL":"https://m.media-amazon.com/images/I/41bcAkwkRBL._SL75_.jpg","Width":56}}},"ItemInfo":{"ByLineInfo":{"Brand":{"DisplayValue":"ItalianHandbags","Label":"Brand","Locale":"es_ES"}},"Title":{"DisplayValue":"Maleta de avion in piel verde trolley rígida maleta de cuero bolso de cuero de viaje hombre mujer bolso de cabina bolso con ruedas","Label":"Title","Locale":"es_ES"}},"Offers":{"Summaries":[{"Condition":{"Value":"New"},"LowestPrice":{"Amount":440.0,"Currency":"EUR","DisplayAmount":"440,00 €"}}]}},{"ASIN":"B01NCYV2T0","DetailPageURL":"https://www.amazon.es/dp/B01NCYV2T0?tag=topinalambricos-21&linkCode=osi&th=1&psc=1","Images":{"Primary":{"Small":{"Height":75,"URL":"https://m.media-amazon.com/images/I/41B+W5XOCYL._SL75_.jpg","Width":66}}},"ItemInfo":{"ByLineInfo":{"Brand":{"DisplayValue":"ItalianHandbags","Label":"Brand","Locale":"es_ES"}},"Title":{"DisplayValue":"Trolley rígida maleta de cuero bolso de cuero de viaje hombre mujer marron bolso de cabina bolso de mano bolso con ruedas y asa bolso piel","Label":"Title","Locale":"es_ES"}},"Offers":{"Summaries":[{"Condition":{"Value":"New"},"LowestPrice":{"Amount":590.0,"Currency":"EUR","DisplayAmount":"590,00 €"}}]}},{"ASIN":"B09V4WWYWQ","DetailPageURL":"https://www.amazon.es/dp/B09V4WWYWQ?tag=topinalambricos-21&linkCode=osi&th=1&psc=1","Images":{"Primary":{"Small":{"Height":75,"URL":"https://m.media-amazon.com/images/I/41c4Qc3YJaL._SL75_.jpg","Width":75}}},"ItemInfo":{"ByLineInfo":{"Brand":{"DisplayValue":"kwmobile","Label":"Brand","Locale":"es_ES"},"Manufacturer":{"DisplayValue":"KW-Commerce","Label":"Manufacturer","Locale":"es_ES"}},"Title":{"DisplayValue":"kwmobile 2x Etiqueta para maleta - Tarjetas de identificación de equipaje de cuero sintético - Colgante para viajes - rojo oscuro","Label":"Title","Locale":"es_ES"}},"Offers":{"Summaries":[{"Condition":{"Value":"New"},"LowestPrice":{"Amount":6.99,"Currency":"EUR","DisplayAmount":"6,99 €"}}]}},{"ASIN":"B0B12LTJ3K","DetailPageURL":"https://www.amazon.es/dp/B0B12LTJ3K?tag=topinalambricos-21&linkCode=osi&th=1&psc=1","Images":{"Primary":{"Small":{"Height":75,"URL":"https://m.media-amazon.com/images/I/51EpupSXjXL._SL75_.jpg","Width":75}}},"ItemInfo":{"ByLineInfo":{"Brand":{"DisplayValue":"Fintie","Label":"Brand","Locale":"es_ES"},"Manufacturer":{"DisplayValue":"FINTIE","Label":"Manufacturer","Locale":"es_ES"}},"Title":{"DisplayValue":"Fintie Etiquetas de Equipaje [Paquete de 2] de Material Sintético con Cubierta de Identificación de Nombre para Maleta, Vintage Marrón","Label":"Title","Locale":"es_ES"}},"Offers":{"Summaries":[{"Condition":{"Value":"New"},"LowestPrice":{"Amount":9.99,"Currency":"EUR","DisplayAmount":"9,99 € (5,00 € / unidad)","PricePerUnit":5.0}}]}},{"ASIN":"B08426N91P","DetailPageURL":"https://www.amazon.es/dp/B08426N91P?tag=topinalambricos-21&linkCode=osi&th=1&psc=1","Images":{"Primary":{"Small":{"Height":75,"URL":"https://m.media-amazon.com/images/I/41j2OOyV0vL._SL75_.jpg","Width":75}}},"ItemInfo":{"ByLineInfo":{"Brand":{"DisplayValue":"Desconocido","Label":"Brand","Locale":"es_ES"}},"Title":{"DisplayValue":"Etiquetas para equipaje de jazz trompeta jugador de cuero etiquetas para maleta de viaje, 1 paquete","Label":"Title","Locale":"es_ES"}},"Offers":{"Summaries":[{"Condition":{"Value":"New"},"LowestPrice":{"Amount":9.57,"Currency":"EUR","DisplayAmount":"9,57 €"}}]}},{"ASIN":"B0BGLX55K1","DetailPageURL":"https://www.amazon.es/dp/B0BGLX55K1?tag=topinalambricos-21&linkCode=osi&th=1&psc=1","Images":{"Primary":{"Small":{"Height":75,"URL":"https://m.media-amazon.com/images/I/41JODdAzPiL._SL75_.jpg","Width":75}}},"ItemInfo":{"ByLineInfo":{"Brand":{"DisplayValue":"YYeglkas","Label":"Brand","Locale":"es_ES"},"Manufacturer":{"DisplayValue":"YYeglkas","Label":"Manufacturer","Locale":"es_ES"}},"Title":{"DisplayValue":"YYeglkas Funda Pasaporte y Etiquetas Equipaje, 1 Piezas Porta Pasaportes para Viaje con 1 Etiquetas para Maleta in Pile PU Protector de Pasaporte para Mujeres y Hombres, B","Label":"Title","Locale":"es_ES"}},"Offers":{"Summaries":[{"Condition":{"Value":"New"},"LowestPrice":{"Amount":8.58,"Currency":"EUR","DisplayAmount":"8,58 €"}}]}},{"ASIN":"B0BF9LN8ZM","DetailPageURL":"https://www.amazon.es/dp/B0BF9LN8ZM?tag=topinalambricos-21&linkCode=osi&th=1&psc=1","Images":{"Primary":{"Small":{"Height":75,"URL":"https://m.media-amazon.com/images/I/41BYNM5K9PL._SL75_.jpg","Width":75}}},"ItemInfo":{"ByLineInfo":{"Brand":{"DisplayValue":"KINBOM","Label":"Brand","Locale":"es_ES"},"Manufacturer":{"DisplayValue":"KINBOM","Label":"Manufacturer","Locale":"es_ES"}},"Title":{"DisplayValue":"2pzs Etiqueta Equipaje Avion, Etiqueta Equipaje Cuero con Correa Ajustable Protección de Privacidad Identificador Maletas Viaje para Equipaje Maletas Boda San Valentín Regalo (Negro, Rosa)","Label":"Title","Locale":"es_ES"}},"Offers":{"Summaries":[{"Condition":{"Value":"New"},"LowestPrice":{"Amount":7.59,"Currency":"EUR","DisplayAmount":"7,59 € (3,80 € / unidad)","PricePerUnit":3.8}}]}},{"ASIN":"B0C1M3LPB7","DetailPageURL":"https://www.amazon.es/dp/B0C1M3LPB7?tag=topinalambricos-21&linkCode=osi&th=1&psc=1","Images":{"Primary":{"Small":{"Height":75,"URL":"https://m.media-amazon.com/images/I/41m6i2uVkLL._SL75_.jpg","Width":75}}},"ItemInfo":{"ByLineInfo":{"Brand":{"DisplayValue":"LUTER","Label":"Brand","Locale":"es_ES"},"Manufacturer":{"DisplayValue":"LUTER","Label":"Manufacturer","Locale":"es_ES"}},"Title":{"DisplayValue":"2 Uds Etiqueta Equipaje Cuero de PU, Etiquetas de Dirección de Equipaje Etiquetas Maletas de Viaje con Correa Ajustable y Cubierta de Protección de Privacidad para Regalo de Boda (Negro)","Label":"Title","Locale":"es_ES"}},"Offers":{"Summaries":[{"Condition":{"Value":"New"},"LowestPrice":{"Amount":8.59,"Currency":"EUR","DisplayAmount":"8,59 €"}}]}},{"ASIN":"B0B9RQX4QN","DetailPageURL":"https://www.amazon.es/dp/B0B9RQX4QN?tag=topinalambricos-21&linkCode=osi&th=1&psc=1","Images":{"Primary":{"Small":{"Height":75,"URL":"https://m.media-amazon.com/images/I/41Ut-RF3b2L._SL75_.jpg","Width":75}}},"ItemInfo":{"ByLineInfo":{"Brand":{"DisplayValue":"TSHAOUN","Label":"Brand","Locale":"es_ES"},"Manufacturer":{"DisplayValue":"TSHAOUN","Label":"Manufacturer","Locale":"es_ES"}},"Title":{"DisplayValue":"TSHAOUN 5 PCS etiquetas de equipaje, etiquetas de equipaje de cuero para maletas,Etiquetas de Maletas de Equipaje, para Evitar la Pérdida de Bolsas y Maletas (5 colores)","Label":"Title","Locale":"es_ES"}},"Offers":{"Summaries":[{"Condition":{"Value":"New"},"LowestPrice":{"Amount":10.99,"Currency":"EUR","DisplayAmount":"10,99 € (2,20 € / unidad)","PricePerUnit":2.2}}]}}],"SearchURL":"https://www.amazon.es/s?k=maleta+viaje+cuero&rh=p_n_availability%3A-1&tag=topinalambricos-21&linkCode=osi","TotalResultCount":306}},"167":{"SearchResult":{"Items":[{"ASIN":"B0BGQFTF22","DetailPageURL":"https://www.amazon.es/dp/B0BGQFTF22?tag=topinalambricos-21&linkCode=osi&th=1&psc=1","Images":{"Primary":{"Small":{"Height":75,"URL":"https://m.media-amazon.com/images/I/11SwFHf0EIL._SL75_.jpg","Width":51}}},"ItemInfo":{"ByLineInfo":{"Brand":{"DisplayValue":"Coronel Tapiocca","Label":"Brand","Locale":"es_ES"},"Manufacturer":{"DisplayValue":"CORONEL TAPIOCCA","Label":"Manufacturer","Locale":"es_ES"}},"Title":{"DisplayValue":"Coronel Tapioca - Carteras para Hombre de Piel - Cartera Hombre con Monedero - Monedero Hombre Casual - Cartera Tarjetero Hombre Gran Capacidad con Protección RFID","Label":"Title","Locale":"es_ES"}},"Offers":{"Summaries":[{"Condition":{"Value":"New"},"LowestPrice":{"Amount":25.99,"Currency":"EUR","DisplayAmount":"25,99 €"}},{"Condition":{"Value":"Used"},"LowestPrice":{"Amount":24.31,"Currency":"EUR","DisplayAmount":"24,31 €"}}]}},{"ASIN":"B0193MLQHG","DetailPageURL":"https://www.amazon.es/dp/B0193MLQHG?tag=topinalambricos-21&linkCode=osi&th=1&psc=1","Images":{"Primary":{"Small":{"Height":75,"URL":"https://m.media-amazon.com/images/I/31mjQs60wIL._SL75_.jpg","Width":75}}},"ItemInfo":{"ByLineInfo":{"Brand":{"DisplayValue":"Bugatti","Label":"Brand","Locale":"es_ES"}},"Title":{"DisplayValue":"bugatti Volo Cartera piel 10 cm marrón","Label":"Title","Locale":"es_ES"}},"Offers":{"Summaries":[{"Condition":{"Value":"New"},"LowestPrice":{"Amount":29.95,"Currency":"EUR","DisplayAmount":"29,95 €"}}]}},{"ASIN":"B0BGQD2423","DetailPageURL":"https://www.amazon.es/dp/B0BGQD2423?tag=topinalambricos-21&linkCode=osi&th=1&psc=1","Images":{"Primary":{"Small":{"Height":75,"URL":"https://m.media-amazon.com/images/I/21pDO6J3NJL._SL75_.jpg","Width":51}}},"ItemInfo":{"ByLineInfo":{"Brand":{"DisplayValue":"Coronel Tapiocca","Label":"Brand","Locale":"es_ES"},"Manufacturer":{"DisplayValue":"CORONEL TAPIOCCA","Label":"Manufacturer","Locale":"es_ES"}},"Title":{"DisplayValue":"Coronel Tapioca - Carteras para Hombre de Piel - Cartera Hombre con Monedero - Monedero Hombre Casual - Cartera Tarjetero Hombre Gran Capacidad con Protección RFID","Label":"Title","Locale":"es_ES"}},"Offers":{"Summaries":[{"Condition":{"Value":"New"},"LowestPrice":{"Amount":25.99,"Currency":"EUR","DisplayAmount":"25,99 €"}}]}},{"ASIN":"B01828NPQ2","DetailPageURL":"https://www.amazon.es/dp/B01828NPQ2?tag=topinalambricos-21&linkCode=osi&th=1&psc=1","Images":{"Primary":{"Small":{"Height":68,"URL":"https://m.media-amazon.com/images/I/51roAo-otjL._SL75_.jpg","Width":75}}},"ItemInfo":{"ByLineInfo":{"Brand":{"DisplayValue":"Fossil","Label":"Brand","Locale":"es_ES"},"Manufacturer":{"DisplayValue":"Fossil","Label":"Manufacturer","Locale":"es_ES"}},"Title":{"DisplayValue":"Fossil Derrick de cuero plegable para hombre de 11,5 cm de largo x 2 cm de ancho x 9 cm de alto","Label":"Title","Locale":"es_ES"}},"Offers":{"Summaries":[{"Condition":{"Value":"New"},"LowestPrice":{"Amount":36.91,"Currency":"EUR","DisplayAmount":"36,91 €"}}]}},{"ASIN":"B00JGMKAZI","DetailPageURL":"https://www.amazon.es/dp/B00JGMKAZI?tag=topinalambricos-21&linkCode=osi&th=1&psc=1","Images":{"Primary":{"Small":{"Height":75,"URL":"https://m.media-amazon.com/images/I/41Vb7f+6wCL._SL75_.jpg","Width":75}}},"ItemInfo":{"ByLineInfo":{"Brand":{"DisplayValue":"Levi's","Label":"Brand","Locale":"es_ES"},"Manufacturer":{"DisplayValue":"LEVIS FOOTWEAR AND ACCESSORIES","Label":"Manufacturer","Locale":"es_ES"}},"Title":{"DisplayValue":"LEVIS FOOTWEAR AND ACCESSORIES Vintage Two Horse Vertical, Monedero para Hombre de cuero, Marrón (Dark Brown), 13x2x10 centimeters (W x H x L)","Label":"Title","Locale":"es_ES"}},"Offers":{"Summaries":[{"Condition":{"Value":"New"},"LowestPrice":{"Amount":34.95,"Currency":"EUR","DisplayAmount":"34,95 €"}}]}},{"ASIN":"B0BGR8BYGV","DetailPageURL":"https://www.amazon.es/dp/B0BGR8BYGV?tag=topinalambricos-21&linkCode=osi&th=1&psc=1","Images":{"Primary":{"Small":{"Height":75,"URL":"https://m.media-amazon.com/images/I/11YNkr68tDL._SL75_.jpg","Width":51}}},"ItemInfo":{"ByLineInfo":{"Brand":{"DisplayValue":"Coronel Tapiocca","Label":"Brand","Locale":"es_ES"},"Manufacturer":{"DisplayValue":"CORONEL TAPIOCCA","Label":"Manufacturer","Locale":"es_ES"}},"Title":{"DisplayValue":"Coronel Tapioca - Carteras para Hombre de Piel - Cartera Hombre con Monedero - Monedero Hombre Casual - Cartera Tarjetero Hombre Gran Capacidad con Protección RFID","Label":"Title","Locale":"es_ES"}},"Offers":{"Summaries":[{"Condition":{"Value":"New"},"LowestPrice":{"Amount":25.99,"Currency":"EUR","DisplayAmount":"25,99 €"}}]}},{"ASIN":"B0BNC45WNH","DetailPageURL":"https://www.amazon.es/dp/B0BNC45WNH?tag=topinalambricos-21&linkCode=osi&th=1&psc=1","Images":{"Primary":{"Small":{"Height":75,"URL":"https://m.media-amazon.com/images/I/41DyE3SnqAL._SL75_.jpg","Width":75}}},"ItemInfo":{"ByLineInfo":{"Brand":{"DisplayValue":"Lois","Label":"Brand","Locale":"es_ES"},"Contributors":[{"Locale":"es_ES","Name":"Lois","Role":"Diseñador","RoleType":"designer"}],"Manufacturer":{"DisplayValue":"Lois","Label":"Manufacturer","Locale":"es_ES"}},"Title":{"DisplayValue":"Lois - Carteras para Hombre de Piel - Cartera Hombre Piel con Monedero y múltiples Compartimentos, billeteras y monederos para Hombre jóvenes y Adultos 206101, Marron","Label":"Title","Locale":"es_ES"}},"Offers":{"Summaries":[{"Condition":{"Value":"New"},"LowestPrice":{"Amount":24.99,"Currency":"EUR","DisplayAmount":"24,99 €"}}]}},{"ASIN":"B08HQVM5HD","DetailPageURL":"https://www.amazon.es/dp/B08HQVM5HD?tag=topinalambricos-21&linkCode=osi&th=1&psc=1","Images":{"Primary":{"Small":{"Height":75,"URL":"https://m.media-amazon.com/images/I/31lXt9LSizL._SL75_.jpg","Width":75}}},"ItemInfo":{"ByLineInfo":{"Brand":{"DisplayValue":"Lois","Label":"Brand","Locale":"es_ES"},"Contributors":[{"Locale":"es_ES","Name":"Lois","Role":"Diseñador","RoleType":"designer"}],"Manufacturer":{"DisplayValue":"LOIS","Label":"Manufacturer","Locale":"es_ES"}},"Title":{"DisplayValue":"Lois - Monedero Hombre Pequeño - Carteras para Hombre Piel Genuina - Monedero Mujer - Billeteras para Hombre. Cartera Tarjetero Hombre con Llavero Incluido - Cartera Hombre con RFID 202802, Marino","Label":"Title","Locale":"es_ES"}},"Offers":{"Summaries":[{"Condition":{"Value":"New"},"LowestPrice":{"Amount":18.99,"Currency":"EUR","DisplayAmount":"18,99 €"}}]}},{"ASIN":"B07T6ZW1NG","DetailPageURL":"https://www.amazon.es/dp/B07T6ZW1NG?tag=topinalambricos-21&linkCode=osi&th=1&psc=1","Images":{"Primary":{"Small":{"Height":75,"URL":"https://m.media-amazon.com/images/I/11Jd0pFLY3L._SL75_.jpg","Width":60}}},"ItemInfo":{"ByLineInfo":{"Brand":{"DisplayValue":"BIBA","Label":"Brand","Locale":"es_ES"},"Manufacturer":{"DisplayValue":"United Bags Company S.L.","Label":"Manufacturer","Locale":"es_ES"}},"Title":{"DisplayValue":"BIBA | Cartera de Hombre de Cuero Genuino, Monedero Heritage Michigan MIC15, Cierre con Cremallera, Piel de Vaca Legítima, Color Negro","Label":"Title","Locale":"es_ES"}},"Offers":{"Summaries":[{"Condition":{"Value":"New"},"LowestPrice":{"Amount":32.0,"Currency":"EUR","DisplayAmount":"32,00 €"}}]}},{"ASIN":"B018G0GY2I","DetailPageURL":"https://www.amazon.es/dp/B018G0GY2I?tag=topinalambricos-21&linkCode=osi&th=1&psc=1","Images":{"Primary":{"Small":{"Height":69,"URL":"https://m.media-amazon.com/images/I/41u5I8RIsyL._SL75_.jpg","Width":75}}},"ItemInfo":{"ByLineInfo":{"Brand":{"DisplayValue":"Fossil","Label":"Brand","Locale":"es_ES"},"Manufacturer":{"DisplayValue":"Fossil","Label":"Manufacturer","Locale":"es_ES"}},"Title":{"DisplayValue":"Fossil - Plegable de cuero Quinn para hombre de 11,43 cm de largo x 2,54 cm de ancho x 9,525 cm de alto","Label":"Title","Locale":"es_ES"}},"Offers":{"Summaries":[{"Condition":{"Value":"New"},"LowestPrice":{"Amount":35.08,"Currency":"EUR","DisplayAmount":"35,08 €"}}]}}],"SearchURL":"https://www.amazon.es/s?k=cuero&rh=n%3A2008291031%2Cp_n_availability%3A-1&tag=topinalambricos-21&linkCode=osi","TotalResultCount":1000}},"168":{"SearchResult":{"Items":[{"ASIN":"B07RLQ5J4K","DetailPageURL":"https://www.amazon.es/dp/B07RLQ5J4K?tag=topinalambricos-21&linkCode=osi&th=1&psc=1","Images":{"Primary":{"Small":{"Height":75,"URL":"https://m.media-amazon.com/images/I/41lCOO4DVaL._SL75_.jpg","Width":60}}},"ItemInfo":{"ByLineInfo":{"Brand":{"DisplayValue":"FLW","Label":"Brand","Locale":"es_ES"},"Manufacturer":{"DisplayValue":"FLW","Label":"Manufacturer","Locale":"es_ES"}},"Title":{"DisplayValue":"Cartera de cuero marrón genuino para hombre hecha de cuero de vaca sólido con un scorpion","Label":"Title","Locale":"es_ES"}},"Offers":{"Summaries":[{"Condition":{"Value":"New"},"LowestPrice":{"Amount":19.0,"Currency":"EUR","DisplayAmount":"19,00 €"}}]}},{"ASIN":"B071FQV6GD","DetailPageURL":"https://www.amazon.es/dp/B071FQV6GD?tag=topinalambricos-21&linkCode=osi&th=1&psc=1","Images":{"Primary":{"Small":{"Height":42,"URL":"https://m.media-amazon.com/images/I/418SznGJcGL._SL75_.jpg","Width":75}}},"ItemInfo":{"ByLineInfo":{"Brand":{"DisplayValue":"HAPPER STUDIO","Label":"Brand","Locale":"es_ES"}},"Title":{"DisplayValue":"Marrón oscuro Cartera de piel. Apta para Tarjeta de Crédito, Efectivo o Carnet de Identidad. Bolsa Rústica Unisex.","Label":"Title","Locale":"es_ES"}},"Offers":{"Summaries":[{"Condition":{"Value":"New"},"LowestPrice":{"Amount":39.95,"Currency":"EUR","DisplayAmount":"39,95 €"}}]}},{"ASIN":"B078C8339D","DetailPageURL":"https://www.amazon.es/dp/B078C8339D?tag=topinalambricos-21&linkCode=osi&th=1&psc=1","Images":{"Primary":{"Small":{"Height":50,"URL":"https://m.media-amazon.com/images/I/413yspDqk1L._SL75_.jpg","Width":75}}},"ItemInfo":{"ByLineInfo":{"Brand":{"DisplayValue":"VISCONTI","Label":"Brand","Locale":"es_ES"},"Manufacturer":{"DisplayValue":"VISCONTI","Label":"Manufacturer","Locale":"es_ES"}},"Title":{"DisplayValue":"VISCONTI - Arrow 705 - Cartera - Cuero Hunter - Tostado - RFID","Label":"Title","Locale":"es_ES"}},"Offers":{"Summaries":[{"Condition":{"Value":"New"},"LowestPrice":{"Amount":19.95,"Currency":"EUR","DisplayAmount":"19,95 €"}}]}},{"ASIN":"B07QB43KXD","DetailPageURL":"https://www.amazon.es/dp/B07QB43KXD?tag=topinalambricos-21&linkCode=osi&th=1&psc=1","Images":{"Primary":{"Small":{"Height":75,"URL":"https://m.media-amazon.com/images/I/419sjeoWiqS._SL75_.jpg","Width":75}}},"ItemInfo":{"ByLineInfo":{"Brand":{"DisplayValue":"moonster","Label":"Brand","Locale":"es_ES"},"Manufacturer":{"DisplayValue":"Moonster Products Ltd","Label":"Manufacturer","Locale":"es_ES"}},"Title":{"DisplayValue":"moonster Cartera de Piel con Bloqueo RFID Mantiene el Dinero y Las Tarjetas Organizadas con Fácil Acceso – Billetera para Hombre Minimalista – 100% Piel de Búfalo – Preciosa Caja Regalo","Label":"Title","Locale":"es_ES"}},"Offers":{"Summaries":[{"Condition":{"Value":"New"},"LowestPrice":{"Amount":21.95,"Currency":"EUR","DisplayAmount":"21,95 €"}},{"Condition":{"Value":"Used"},"LowestPrice":{"Amount":20.66,"Currency":"EUR","DisplayAmount":"20,66 €"}}]}},{"ASIN":"B077S4LT9Z","DetailPageURL":"https://www.amazon.es/dp/B077S4LT9Z?tag=topinalambricos-21&linkCode=osi&th=1&psc=1","Images":{"Primary":{"Small":{"Height":50,"URL":"https://m.media-amazon.com/images/I/41-Wen4V-ML._SL75_.jpg","Width":75}}},"ItemInfo":{"ByLineInfo":{"Brand":{"DisplayValue":"VISCONTI","Label":"Brand","Locale":"es_ES"},"Manufacturer":{"DisplayValue":"VISCONTI","Label":"Manufacturer","Locale":"es_ES"}},"Title":{"DisplayValue":"VISCONTI - Spear 708 - Cartera - Cuero Hunter - Tostado - RFID","Label":"Title","Locale":"es_ES"}},"Offers":{"Summaries":[{"Condition":{"Value":"New"},"LowestPrice":{"Amount":29.95,"Currency":"EUR","DisplayAmount":"29,95 €"}}]}},{"ASIN":"B0776YNGT9","DetailPageURL":"https://www.amazon.es/dp/B0776YNGT9?tag=topinalambricos-21&linkCode=osi&th=1&psc=1","Images":{"Primary":{"Small":{"Height":42,"URL":"https://m.media-amazon.com/images/I/41KwJfbsZXL._SL75_.jpg","Width":75}}},"ItemInfo":{"ByLineInfo":{"Brand":{"DisplayValue":"YOJAN PIEL","Label":"Brand","Locale":"es_ES"}},"Title":{"DisplayValue":"YOJAN PIEL | Porta Placa de Cuero Para Vigilante Seguridad | Negro | Hecha a Mano Artesanalmente con Piel de Ubrique | Gran Acabado y Suavidad | Resistente y Duradera","Label":"Title","Locale":"es_ES"}},"Offers":{"Summaries":[{"Condition":{"Value":"New"},"LowestPrice":{"Amount":17.5,"Currency":"EUR","DisplayAmount":"17,50 €"}}]}},{"ASIN":"B01LWUB8YN","DetailPageURL":"https://www.amazon.es/dp/B01LWUB8YN?tag=topinalambricos-21&linkCode=osi&th=1&psc=1","Images":{"Primary":{"Small":{"Height":71,"URL":"https://m.media-amazon.com/images/I/61wM7O439aL._SL75_.jpg","Width":75}}},"ItemInfo":{"ByLineInfo":{"Brand":{"DisplayValue":"Fa.Volmer","Label":"Brand","Locale":"es_ES"},"Manufacturer":{"DisplayValue":"Fa.Volmer","Label":"Manufacturer","Locale":"es_ES"}},"Title":{"DisplayValue":"Fa.Volmer® Billetera de Cuero para Hombre marrón/Negro con protección RFID Billetera de Cuero Real Billetera usada Look # VO19 (marrón)","Label":"Title","Locale":"es_ES"}},"Offers":{"Summaries":[{"Condition":{"Value":"New"},"LowestPrice":{"Amount":26.9,"Currency":"EUR","DisplayAmount":"26,90 €"}}]}},{"ASIN":"B09NDYKHYD","DetailPageURL":"https://www.amazon.es/dp/B09NDYKHYD?tag=topinalambricos-21&linkCode=osi&th=1&psc=1","Images":{"Primary":{"Small":{"Height":75,"URL":"https://m.media-amazon.com/images/I/41gf5iCSuML._SL75_.jpg","Width":75}}},"ItemInfo":{"ByLineInfo":{"Brand":{"DisplayValue":"STILORD","Label":"Brand","Locale":"es_ES"},"Manufacturer":{"DisplayValue":"STILORD","Label":"Manufacturer","Locale":"es_ES"}},"Title":{"DisplayValue":"STILORD 'Sander' Mini Billetera Hombre Cuero Vintage Elegante Cartera con Monedero Pequeña Tarjetero RFID Wallet Portamonete de Auténtica Piel, Color:marrón - Medio","Label":"Title","Locale":"es_ES"}},"Offers":{"Summaries":[{"Condition":{"Value":"New"},"LowestPrice":{"Amount":39.97,"Currency":"EUR","DisplayAmount":"39,97 €"}}]}},{"ASIN":"B06ZY8LF2T","DetailPageURL":"https://www.amazon.es/dp/B06ZY8LF2T?tag=topinalambricos-21&linkCode=osi&th=1&psc=1","Images":{"Primary":{"Small":{"Height":75,"URL":"https://m.media-amazon.com/images/I/412pVGuvTsL._SL75_.jpg","Width":75}}},"ItemInfo":{"ByLineInfo":{"Brand":{"DisplayValue":"Otto Angelino","Label":"Brand","Locale":"es_ES"},"Manufacturer":{"DisplayValue":"Otto Angelino","Label":"Manufacturer","Locale":"es_ES"}},"Title":{"DisplayValue":"Otto Angelino Cartera con Tarjetero de Cuero Genuino Delgado para Hombres - Múltiples Ranuras para Tarjetas de Crédito, Tarjetas Débito, de Banco y de Negocios, Bloqueo DE RFID","Label":"Title","Locale":"es_ES"}},"Offers":{"Summaries":[{"Condition":{"Value":"New"},"LowestPrice":{"Amount":16.42,"Currency":"EUR","DisplayAmount":"16,42 €"}},{"Condition":{"Value":"Used"},"LowestPrice":{"Amount":12.7,"Currency":"EUR","DisplayAmount":"12,70 €"}}]}},{"ASIN":"B01477UCU4","DetailPageURL":"https://www.amazon.es/dp/B01477UCU4?tag=topinalambricos-21&linkCode=osi&th=1&psc=1","Images":{"Primary":{"Small":{"Height":73,"URL":"https://m.media-amazon.com/images/I/41C1V9pWxDL._SL75_.jpg","Width":75}}},"ItemInfo":{"ByLineInfo":{"Brand":{"DisplayValue":"Gusti","Label":"Brand","Locale":"es_ES"}},"Title":{"DisplayValue":"Gusti Cuero Studio Cartera de Cuero Monedero de Piel Vintage Tarjetas Elegante 2A68-22-6","Label":"Title","Locale":"es_ES"}},"Offers":{"Summaries":[{"Condition":{"Value":"New"},"LowestPrice":{"Amount":5.95,"Currency":"EUR","DisplayAmount":"5,95 €"}}]}}],"SearchURL":"https://www.amazon.es/s?k=cuero+artesanal&rh=n%3A2008291031%2Cp_n_availability%3A-1&tag=topinalambricos-21&linkCode=osi","TotalResultCount":394}},"169":{"SearchResult":{"Items":[{"ASIN":"B085NRQL1Q","DetailPageURL":"https://www.amazon.es/dp/B085NRQL1Q?tag=topinalambricos-21&linkCode=osi&th=1&psc=1","Images":{"Primary":{"Small":{"Height":75,"URL":"https://m.media-amazon.com/images/I/41FrC4BOdJL._SL75_.jpg","Width":75}}},"ItemInfo":{"ByLineInfo":{"Brand":{"DisplayValue":"DONBOLSO","Label":"Brand","Locale":"es_ES"},"Manufacturer":{"DisplayValue":"DONBOLSO","Label":"Manufacturer","Locale":"es_ES"}},"Title":{"DisplayValue":"DONBOLSO® Rio Monedero de Cuero para Mujer, 4 Ranuras para Tarjetas y protección RFID Blocker, Muchos Colores Incluyendo Negro y marrón, Cartera Vintage para Mujer (Marrón)","Label":"Title","Locale":"es_ES"}},"Offers":{"Summaries":[{"Condition":{"Value":"New"},"LowestPrice":{"Amount":44.99,"Currency":"EUR","DisplayAmount":"44,99 €"}}]}},{"ASIN":"B08CVSB2RL","DetailPageURL":"https://www.amazon.es/dp/B08CVSB2RL?tag=topinalambricos-21&linkCode=osi&th=1&psc=1","Images":{"Primary":{"Small":{"Height":75,"URL":"https://m.media-amazon.com/images/I/516MiL0XW9S._SL75_.jpg","Width":65}}},"ItemInfo":{"ByLineInfo":{"Brand":{"DisplayValue":"moonster","Label":"Brand","Locale":"es_ES"},"Manufacturer":{"DisplayValue":"Moonster Products Ltd","Label":"Manufacturer","Locale":"es_ES"}},"Title":{"DisplayValue":"moonster Cartera de Cuero para Mujer Tarjetero y Monedero de Cuero Genuino de Plena Flor Cartera de Mujer Artesanal - Bolsillo de Bloqueo RFID 2X Zip, 3X Abiertos, 1x Transparente 9X Ranuras","Label":"Title","Locale":"es_ES"}},"Offers":{"Summaries":[{"Condition":{"Value":"New"},"LowestPrice":{"Amount":24.95,"Currency":"EUR","DisplayAmount":"24,95 €"}}]}},{"ASIN":"B085NSF81J","DetailPageURL":"https://www.amazon.es/dp/B085NSF81J?tag=topinalambricos-21&linkCode=osi&th=1&psc=1","Images":{"Primary":{"Small":{"Height":75,"URL":"https://m.media-amazon.com/images/I/41MO2aoYaXL._SL75_.jpg","Width":75}}},"ItemInfo":{"ByLineInfo":{"Brand":{"DisplayValue":"DONBOLSO","Label":"Brand","Locale":"es_ES"},"Manufacturer":{"DisplayValue":"DONBOLSO","Label":"Manufacturer","Locale":"es_ES"}},"Title":{"DisplayValue":"DONBOLSO Monedero Mujer Montréal | Monedero Tarjetero Mujer con 4 Ranuras para Tarjetas y Protección RFID | Mini Carteras de Mujer de Cuero | Pequeña y Hermosa Cartera para Señoras | Verde","Label":"Title","Locale":"es_ES"}},"Offers":{"Summaries":[{"Condition":{"Value":"New"},"LowestPrice":{"Amount":39.99,"Currency":"EUR","DisplayAmount":"39,99 €"}}]}},{"ASIN":"B01CHITYWW","DetailPageURL":"https://www.amazon.es/dp/B01CHITYWW?tag=topinalambricos-21&linkCode=osi&th=1&psc=1","Images":{"Primary":{"Small":{"Height":75,"URL":"https://m.media-amazon.com/images/I/51qdSCDUOML._SL75_.jpg","Width":75}}},"ItemInfo":{"ByLineInfo":{"Brand":{"DisplayValue":"STILORD","Label":"Brand","Locale":"es_ES"},"Manufacturer":{"DisplayValue":"STILORD","Label":"Manufacturer","Locale":"es_ES"}},"Title":{"DisplayValue":"STILORD 'Greta' Monedero o Cartera de Piel para Mujer para Tarjetas Pasaporte Billetes Billetero y Portamonedas Retro o Vintage de Flores y auténtico Cuero, Color:Sepia - marrón","Label":"Title","Locale":"es_ES"}},"Offers":{"Summaries":[{"Condition":{"Value":"New"},"LowestPrice":{"Amount":49.9,"Currency":"EUR","DisplayAmount":"49,90 €"}}]}},{"ASIN":"B08KHKPX54","DetailPageURL":"https://www.amazon.es/dp/B08KHKPX54?tag=topinalambricos-21&linkCode=osi&th=1&psc=1","Images":{"Primary":{"Small":{"Height":75,"URL":"https://m.media-amazon.com/images/I/418CKH4wAGS._SL75_.jpg","Width":75}}},"ItemInfo":{"ByLineInfo":{"Brand":{"DisplayValue":"STILORD","Label":"Brand","Locale":"es_ES"},"Manufacturer":{"DisplayValue":"STILORD","Label":"Manufacturer","Locale":"es_ES"}},"Title":{"DisplayValue":"STILORD 'Thea' Monedero de Mujer Billetera RFID Cuero Grande Wallet Vintage con Protección NFC Billeteras con Cremallera en Caja de Regalo Piel Genuina, Color:Bergamo - marrón","Label":"Title","Locale":"es_ES"}},"Offers":{"Summaries":[{"Condition":{"Value":"New"},"LowestPrice":{"Amount":54.97,"Currency":"EUR","DisplayAmount":"54,97 €"}}]}},{"ASIN":"B08MV6N6N8","DetailPageURL":"https://www.amazon.es/dp/B08MV6N6N8?tag=topinalambricos-21&linkCode=osi&th=1&psc=1","Images":{"Primary":{"Small":{"Height":75,"URL":"https://m.media-amazon.com/images/I/41yRsL5bnLL._SL75_.jpg","Width":75}}},"ItemInfo":{"ByLineInfo":{"Brand":{"DisplayValue":"LUGUPELL","Label":"Brand","Locale":"es_ES"}},"Title":{"DisplayValue":"Monedero de Mujer, Señora y Chica de Piel (Tricolor Cereza)","Label":"Title","Locale":"es_ES"}},"Offers":{"Summaries":[{"Condition":{"Value":"New"},"LowestPrice":{"Amount":23.95,"Currency":"EUR","DisplayAmount":"23,95 €"}}]}},{"ASIN":"B07KH7J8VY","DetailPageURL":"https://www.amazon.es/dp/B07KH7J8VY?tag=topinalambricos-21&linkCode=osi&th=1&psc=1","Images":{"Primary":{"Small":{"Height":75,"URL":"https://m.media-amazon.com/images/I/31BcaBA4ahS._SL75_.jpg","Width":75}}},"ItemInfo":{"ByLineInfo":{"Brand":{"DisplayValue":"STILORD","Label":"Brand","Locale":"es_ES"},"Manufacturer":{"DisplayValue":"STILORD","Label":"Manufacturer","Locale":"es_ES"}},"Title":{"DisplayValue":"STILORD 'Sophia' Vintage Cartera Cuero Mujeres RFID Protector Monedero Billetera para Señora 15 Tarjetas Billetes y Monedas con Caja de Regalo, Color:Kara - Cognac","Label":"Title","Locale":"es_ES"}},"Offers":{"Summaries":[{"Condition":{"Value":"New"},"LowestPrice":{"Amount":47.9,"Currency":"EUR","DisplayAmount":"47,90 €"}}]}},{"ASIN":"B0BQ7J9F8S","DetailPageURL":"https://www.amazon.es/dp/B0BQ7J9F8S?tag=topinalambricos-21&linkCode=osi&th=1&psc=1","Images":{"Primary":{"Small":{"Height":75,"URL":"https://m.media-amazon.com/images/I/41G+BEpcgWL._SL75_.jpg","Width":75}}},"ItemInfo":{"ByLineInfo":{"Brand":{"DisplayValue":"STILORD","Label":"Brand","Locale":"es_ES"},"Manufacturer":{"DisplayValue":"STILORD","Label":"Manufacturer","Locale":"es_ES"}},"Title":{"DisplayValue":"STILORD 'Maeve' Monedero de Pulsera Piel Mujer Vintage Cartera con Correa para Pulsera Elegante Mini Bolso para Móvil Clutch Wallet Cuero Genuino, Color:Kara - Cognac","Label":"Title","Locale":"es_ES"}},"Offers":{"Summaries":[{"Condition":{"Value":"New"},"LowestPrice":{"Amount":69.9,"Currency":"EUR","DisplayAmount":"69,90 €"}}]}},{"ASIN":"B07Q88415Q","DetailPageURL":"https://www.amazon.es/dp/B07Q88415Q?tag=topinalambricos-21&linkCode=osi&th=1&psc=1","Images":{"Primary":{"Small":{"Height":75,"URL":"https://m.media-amazon.com/images/I/51iGmFYxwXL._SL75_.jpg","Width":75}}},"ItemInfo":{"ByLineInfo":{"Brand":{"DisplayValue":"TALED","Label":"Brand","Locale":"es_ES"},"Manufacturer":{"DisplayValue":"Taled","Label":"Manufacturer","Locale":"es_ES"}},"Title":{"DisplayValue":"TALED Billetera señoras Cuero Genuino con protección RFID Billetera señoras con Estampado Floral | Billetera XXL en Exclusiva Caja de Regalo - Billetera señoras con Cremallera - Diseñada en Alemania","Label":"Title","Locale":"es_ES"}},"Offers":{"Summaries":[{"Condition":{"Value":"New"},"LowestPrice":{"Amount":44.95,"Currency":"EUR","DisplayAmount":"44,95 €"}}]}},{"ASIN":"B09GKTDJFJ","DetailPageURL":"https://www.amazon.es/dp/B09GKTDJFJ?tag=topinalambricos-21&linkCode=osi&th=1&psc=1","Images":{"Primary":{"Small":{"Height":68,"URL":"https://m.media-amazon.com/images/I/51FWJBcz6fL._SL75_.jpg","Width":75}}},"ItemInfo":{"ByLineInfo":{"Brand":{"DisplayValue":"Matador","Label":"Brand","Locale":"es_ES"},"Manufacturer":{"DisplayValue":"HandMade","Label":"Manufacturer","Locale":"es_ES"}},"Title":{"DisplayValue":"MATADOR 557 cuero genuino señoras cartera RFID protección cartera compacta, Caro-marrón, Vintage","Label":"Title","Locale":"es_ES"}},"Offers":{"Summaries":[{"Condition":{"Value":"New"},"LowestPrice":{"Amount":29.95,"Currency":"EUR","DisplayAmount":"29,95 €"}}]}}],"SearchURL":"https://www.amazon.es/s?k=cuero+artesanal&rh=n%3A11960916031%2Cp_n_availability%3A-1&tag=topinalambricos-21&linkCode=osi","TotalResultCount":204}},"170":{"SearchResult":{"Items":[{"ASIN":"B00JGMKAZI","DetailPageURL":"https://www.amazon.es/dp/B00JGMKAZI?tag=topinalambricos-21&linkCode=osi&th=1&psc=1","Images":{"Primary":{"Small":{"Height":75,"URL":"https://m.media-amazon.com/images/I/41Vb7f+6wCL._SL75_.jpg","Width":75}}},"ItemInfo":{"ByLineInfo":{"Brand":{"DisplayValue":"Levi's","Label":"Brand","Locale":"es_ES"},"Manufacturer":{"DisplayValue":"LEVIS FOOTWEAR AND ACCESSORIES","Label":"Manufacturer","Locale":"es_ES"}},"Title":{"DisplayValue":"LEVIS FOOTWEAR AND ACCESSORIES Vintage Two Horse Vertical, Monedero para Hombre de cuero, Marrón (Dark Brown), 13x2x10 centimeters (W x H x L)","Label":"Title","Locale":"es_ES"}},"Offers":{"Summaries":[{"Condition":{"Value":"New"},"LowestPrice":{"Amount":34.95,"Currency":"EUR","DisplayAmount":"34,95 €"}}]}},{"ASIN":"B0B33Z1BHV","DetailPageURL":"https://www.amazon.es/dp/B0B33Z1BHV?tag=topinalambricos-21&linkCode=osi&th=1&psc=1","Images":{"Primary":{"Small":{"Height":49,"URL":"https://m.media-amazon.com/images/I/31M+03ThBAL._SL75_.jpg","Width":75}}},"ItemInfo":{"ByLineInfo":{"Brand":{"DisplayValue":"Bellroy","Label":"Brand","Locale":"es_ES"},"Manufacturer":{"DisplayValue":"Bellroy","Label":"Manufacturer","Locale":"es_ES"}},"Title":{"DisplayValue":"Bellroy - Tarjetero (pequeña cartera de cuero con capacidad para 4-15 tarjetas, bolsillo para monedas y espacio para papeles), Talla única","Label":"Title","Locale":"es_ES"}},"Offers":{"Summaries":[{"Condition":{"Value":"New"},"LowestPrice":{"Amount":59.0,"Currency":"EUR","DisplayAmount":"59,00 €"}}]}},{"ASIN":"B0BML9YHXS","DetailPageURL":"https://www.amazon.es/dp/B0BML9YHXS?tag=topinalambricos-21&linkCode=osi&th=1&psc=1","Images":{"Primary":{"Small":{"Height":75,"URL":"https://m.media-amazon.com/images/I/518GsrulsuL._SL75_.jpg","Width":75}}},"ItemInfo":{"ByLineInfo":{"Brand":{"DisplayValue":"VULKIT","Label":"Brand","Locale":"es_ES"},"Manufacturer":{"DisplayValue":"VULKIT","Label":"Manufacturer","Locale":"es_ES"}},"Title":{"DisplayValue":"VULKIT Tarjetero Cartera para Hombre Emergente Tarjetero de Cuero con Bloqueo RFID con Compartimento para Billetesy Ventana de Identificación","Label":"Title","Locale":"es_ES"}},"Offers":{"Summaries":[{"Condition":{"Value":"New"},"LowestPrice":{"Amount":36.99,"Currency":"EUR","DisplayAmount":"36,99 €"}}]}},{"ASIN":"B0BQXRD5CP","DetailPageURL":"https://www.amazon.es/dp/B0BQXRD5CP?tag=topinalambricos-21&linkCode=osi&th=1&psc=1","Images":{"Primary":{"Small":{"Height":75,"URL":"https://m.media-amazon.com/images/I/51QkawI9u1L._SL75_.jpg","Width":75}}},"ItemInfo":{"ByLineInfo":{"Brand":{"DisplayValue":"VISTYL","Label":"Brand","Locale":"es_ES"}},"Title":{"DisplayValue":"Cartera Corta Mujer, Varios Compartimentos, Material de Cuero, con Cremallera, Cartera Pequeña Decorativa, para Accesorios Pequeños o De Repuesto, Regalos para Niñas (Rosa)","Label":"Title","Locale":"es_ES"}},"Offers":{"Summaries":[{"Condition":{"Value":"New"},"LowestPrice":{"Amount":13.99,"Currency":"EUR","DisplayAmount":"13,99 €"}}]}},{"ASIN":"B08FSTKN8V","DetailPageURL":"https://www.amazon.es/dp/B08FSTKN8V?tag=topinalambricos-21&linkCode=osi&th=1&psc=1","Images":{"Primary":{"Small":{"Height":75,"URL":"https://m.media-amazon.com/images/I/31++jOQoe1L._SL75_.jpg","Width":75}}},"ItemInfo":{"ByLineInfo":{"Brand":{"DisplayValue":"BRASS TACKS Leathercraft","Label":"Brand","Locale":"es_ES"},"Manufacturer":{"DisplayValue":"BRASS TACKS Leathercraft","Label":"Manufacturer","Locale":"es_ES"}},"Title":{"DisplayValue":"BRASS TACKS Leathercraft Cartera de Cuero Genuino para Hombre Mujer Monedero con Bloqueo RFID Billetera Trifold Multi-Ranuras (Marrón)","Label":"Title","Locale":"es_ES"}},"Offers":{"Summaries":[{"Condition":{"Value":"New"},"LowestPrice":{"Amount":19.8,"Currency":"EUR","DisplayAmount":"19,80 €"}}]}},{"ASIN":"B09TFVRSYX","DetailPageURL":"https://www.amazon.es/dp/B09TFVRSYX?tag=topinalambricos-21&linkCode=osi&th=1&psc=1","Images":{"Primary":{"Small":{"Height":75,"URL":"https://m.media-amazon.com/images/I/417wENcsTdL._SL75_.jpg","Width":75}}},"ItemInfo":{"ByLineInfo":{"Brand":{"DisplayValue":"STILORD","Label":"Brand","Locale":"es_ES"},"Manufacturer":{"DisplayValue":"STILORD","Label":"Manufacturer","Locale":"es_ES"}},"Title":{"DisplayValue":"STILORD 'Jólan' Cartera Monedero Hombre Piel Tarjetero Billetera Pequeña con Protección RFID Bolsillo Cuero Genuino Vintage, Color:Negro","Label":"Title","Locale":"es_ES"}},"Offers":{"Summaries":[{"Condition":{"Value":"New"},"LowestPrice":{"Amount":34.97,"Currency":"EUR","DisplayAmount":"34,97 €"}}]}},{"ASIN":"B07TDMLRCR","DetailPageURL":"https://www.amazon.es/dp/B07TDMLRCR?tag=topinalambricos-21&linkCode=osi&th=1&psc=1","Images":{"Primary":{"Small":{"Height":75,"URL":"https://m.media-amazon.com/images/I/51S9oS6W9lL._SL75_.jpg","Width":60}}},"ItemInfo":{"ByLineInfo":{"Brand":{"DisplayValue":"Eono","Label":"Brand","Locale":"es_ES"},"Manufacturer":{"DisplayValue":"Mosay International Pvt. Ltd.","Label":"Manufacturer","Locale":"es_ES"}},"Title":{"DisplayValue":"Eono Carteras de Cuero Hombres y Mujeres: Billetera de Bolsillo Frontal con diseño Minimalista súper Delgado con Bloqueo RFID (01 Fibra de Carbono Negra)","Label":"Title","Locale":"es_ES"}},"Offers":{"Summaries":[{"Condition":{"Value":"New"},"LowestPrice":{"Amount":11.99,"Currency":"EUR","DisplayAmount":"11,99 €"}}]}},{"ASIN":"B084T3GKRF","DetailPageURL":"https://www.amazon.es/dp/B084T3GKRF?tag=topinalambricos-21&linkCode=osi&th=1&psc=1","Images":{"Primary":{"Small":{"Height":75,"URL":"https://m.media-amazon.com/images/I/514OAAphTjL._SL75_.jpg","Width":75}}},"ItemInfo":{"ByLineInfo":{"Brand":{"DisplayValue":"STILORD","Label":"Brand","Locale":"es_ES"},"Manufacturer":{"DisplayValue":"STILORD","Label":"Manufacturer","Locale":"es_ES"}},"Title":{"DisplayValue":"STILORD 'Cash' Mini Billetera Hombre Piel Estuche de Llaves de Cuero Vintage Organizador Monedero Pequeña con Cremallera Slim Wallet, Color:Negro","Label":"Title","Locale":"es_ES"}},"Offers":{"Summaries":[{"Condition":{"Value":"New"},"LowestPrice":{"Amount":32.9,"Currency":"EUR","DisplayAmount":"32,90 €"}}]}},{"ASIN":"B088PLM6R2","DetailPageURL":"https://www.amazon.es/dp/B088PLM6R2?tag=topinalambricos-21&linkCode=osi&th=1&psc=1","Images":{"Primary":{"Small":{"Height":75,"URL":"https://m.media-amazon.com/images/I/31puCLlF9tL._SL75_.jpg","Width":75}}},"ItemInfo":{"ByLineInfo":{"Brand":{"DisplayValue":"Samsonite","Label":"Brand","Locale":"es_ES"},"Manufacturer":{"DisplayValue":"Samsonite","Label":"Manufacturer","Locale":"es_ES"}},"Title":{"DisplayValue":"Samsonite Success 2 SLG - Cartera para hombre, 10.6 cm, Negro (Black)","Label":"Title","Locale":"es_ES"}},"Offers":{"Summaries":[{"Condition":{"Value":"New"},"LowestPrice":{"Amount":45.0,"Currency":"EUR","DisplayAmount":"45,00 €"}}]}},{"ASIN":"B086YZMDQ3","DetailPageURL":"https://www.amazon.es/dp/B086YZMDQ3?tag=topinalambricos-21&linkCode=osi&th=1&psc=1","Images":{"Primary":{"Small":{"Height":75,"URL":"https://m.media-amazon.com/images/I/31oZDteMOIL._SL75_.jpg","Width":55}}},"ItemInfo":{"ByLineInfo":{"Brand":{"DisplayValue":"Secrid","Label":"Brand","Locale":"es_ES"},"Manufacturer":{"DisplayValue":"Secrid","Label":"Manufacturer","Locale":"es_ES"}},"Title":{"DisplayValue":"Secrid - Miniwallet, Accesorio de Viaje- Portatarjetas Tipo sobre,","Label":"Title","Locale":"es_ES"}},"Offers":{"Summaries":[{"Condition":{"Value":"New"},"LowestPrice":{"Amount":54.0,"Currency":"EUR","DisplayAmount":"54,00 €"}}]}}],"SearchURL":"https://www.amazon.es/s?k=cartera+cuero&rh=n%3A11960916031%2Cp_n_availability%3A-1&tag=topinalambricos-21&linkCode=osi","TotalResultCount":1000}},"172":{"SearchResult":{"Items":[{"ASIN":"B07XP67LRD","DetailPageURL":"https://www.amazon.es/dp/B07XP67LRD?tag=topinalambricos-21&linkCode=osi&th=1&psc=1","Images":{"Primary":{"Small":{"Height":75,"URL":"https://m.media-amazon.com/images/I/41YGPzZlaIL._SL75_.jpg","Width":75}}},"ItemInfo":{"ByLineInfo":{"Brand":{"DisplayValue":"STILORD","Label":"Brand","Locale":"es_ES"},"Manufacturer":{"DisplayValue":"STILORD","Label":"Manufacturer","Locale":"es_ES"}},"Title":{"DisplayValue":"STILORD 'Niklas' Vintage Bolsa Cuero Estuche Monedero Billetera Vintage de Cuero Funda de Piel Cambio de Monedas Cartera Bolsita Piel, Color:Cognac marrón Oscuro","Label":"Title","Locale":"es_ES"}},"Offers":{"Summaries":[{"Condition":{"Value":"New"},"LowestPrice":{"Amount":29.97,"Currency":"EUR","DisplayAmount":"29,97 €"}}]}},{"ASIN":"B074PRBLCN","DetailPageURL":"https://www.amazon.es/dp/B074PRBLCN?tag=topinalambricos-21&linkCode=osi&th=1&psc=1","Images":{"Primary":{"Small":{"Height":60,"URL":"https://m.media-amazon.com/images/I/413xGkFiklL._SL75_.jpg","Width":75}}},"ItemInfo":{"ByLineInfo":{"Brand":{"DisplayValue":"Gusti","Label":"Brand","Locale":"es_ES"}},"Title":{"DisplayValue":"Gusti Monedero Cuero Linus Monedero portamonedas pequeño marrón Oscuro","Label":"Title","Locale":"es_ES"}},"Offers":{"Summaries":[{"Condition":{"Value":"New"},"LowestPrice":{"Amount":14.95,"Currency":"EUR","DisplayAmount":"14,95 €"}}]}},{"ASIN":"B0B2KLG2VK","DetailPageURL":"https://www.amazon.es/dp/B0B2KLG2VK?tag=topinalambricos-21&linkCode=osi&th=1&psc=1","Images":{"Primary":{"Small":{"Height":75,"URL":"https://m.media-amazon.com/images/I/41WGiOrhPJL._SL75_.jpg","Width":75}}},"ItemInfo":{"ByLineInfo":{"Brand":{"DisplayValue":"Lois","Label":"Brand","Locale":"es_ES"},"Contributors":[{"Locale":"es_ES","Name":"Lois","Role":"Diseñador","RoleType":"designer"}],"Manufacturer":{"DisplayValue":"Lois","Label":"Manufacturer","Locale":"es_ES"}},"Title":{"DisplayValue":"Lois - Carteras de Mujer Piel de Marca Lois - Monedero Mujer Piel Genuina - Cartera Mujer de Moda Vintage con protección RFID. Monedero Mujer Grande 314508, Negro","Label":"Title","Locale":"es_ES"}},"Offers":{"Summaries":[{"Condition":{"Value":"New"},"LowestPrice":{"Amount":24.99,"Currency":"EUR","DisplayAmount":"24,99 €"}}]}},{"ASIN":"B01BWO2NFM","DetailPageURL":"https://www.amazon.es/dp/B01BWO2NFM?tag=topinalambricos-21&linkCode=osi&th=1&psc=1","Images":{"Primary":{"Small":{"Height":75,"URL":"https://m.media-amazon.com/images/I/41ExshigiDL._SL75_.jpg","Width":53}}},"ItemInfo":{"ByLineInfo":{"Brand":{"DisplayValue":"Gusti","Label":"Brand","Locale":"es_ES"}},"Title":{"DisplayValue":"Gusti Leder studio „Macy“ Bolsa de Piel de Ante Monedero Cartera Monedas Dinero Tabaco Vintage 2A103-26-9","Label":"Title","Locale":"es_ES"}},"Offers":{"Summaries":[{"Condition":{"Value":"New"},"LowestPrice":{"Amount":6.95,"Currency":"EUR","DisplayAmount":"6,95 €"}}]}},{"ASIN":"B00EDNTE3Y","DetailPageURL":"https://www.amazon.es/dp/B00EDNTE3Y?tag=topinalambricos-21&linkCode=osi&th=1&psc=1","Images":{"Primary":{"Small":{"Height":75,"URL":"https://m.media-amazon.com/images/I/41-W6ko2FHL._SL75_.jpg","Width":38}}},"ItemInfo":{"ByLineInfo":{"Brand":{"DisplayValue":"Gusti","Label":"Brand","Locale":"es_ES"}},"Title":{"DisplayValue":"Gusti Monedero para Mujer de Cuero Leder Arlo Cartera Bolso de Tabaco de Liar Llavero Suelto Cuero de Cabra A76b","Label":"Title","Locale":"es_ES"}},"Offers":{"Summaries":[{"Condition":{"Value":"New"},"LowestPrice":{"Amount":19.95,"Currency":"EUR","DisplayAmount":"19,95 €"}}]}},{"ASIN":"B09LZ5FF6M","DetailPageURL":"https://www.amazon.es/dp/B09LZ5FF6M?tag=topinalambricos-21&linkCode=osi&th=1&psc=1","Images":{"Primary":{"Small":{"Height":75,"URL":"https://m.media-amazon.com/images/I/218PS1D2PaL._SL75_.jpg","Width":75}}},"ItemInfo":{"ByLineInfo":{"Brand":{"DisplayValue":"LUGUPELL","Label":"Brand","Locale":"es_ES"}},"Title":{"DisplayValue":"Lugupell Cuero Taco Monedero Piel Genuina Auténtica con Fleje para Hombre y Mujer (Negro)","Label":"Title","Locale":"es_ES"}},"Offers":{"Summaries":[{"Condition":{"Value":"New"},"LowestPrice":{"Amount":9.95,"Currency":"EUR","DisplayAmount":"9,95 €"}}]}},{"ASIN":"B07TKXSDH8","DetailPageURL":"https://www.amazon.es/dp/B07TKXSDH8?tag=topinalambricos-21&linkCode=osi&th=1&psc=1","Images":{"Primary":{"Small":{"Height":75,"URL":"https://m.media-amazon.com/images/I/41zNuGfCajL._SL75_.jpg","Width":75}}},"ItemInfo":{"ByLineInfo":{"Brand":{"DisplayValue":"STILORD","Label":"Brand","Locale":"es_ES"},"Manufacturer":{"DisplayValue":"STILORD","Label":"Manufacturer","Locale":"es_ES"}},"Title":{"DisplayValue":"STILORD 'Mikkel' Bolsa de Piel Estuche Monedero Billetera Media Vintage de Cuero Funda de Piel Cambio de Monedas Cartera Bolsita Piel, Color:marrón Oscuro - Opaco","Label":"Title","Locale":"es_ES"}},"Offers":{"Summaries":[{"Condition":{"Value":"New"},"LowestPrice":{"Amount":29.97,"Currency":"EUR","DisplayAmount":"29,97 €"}}]}},{"ASIN":"B08KHKPX54","DetailPageURL":"https://www.amazon.es/dp/B08KHKPX54?tag=topinalambricos-21&linkCode=osi&th=1&psc=1","Images":{"Primary":{"Small":{"Height":75,"URL":"https://m.media-amazon.com/images/I/418CKH4wAGS._SL75_.jpg","Width":75}}},"ItemInfo":{"ByLineInfo":{"Brand":{"DisplayValue":"STILORD","Label":"Brand","Locale":"es_ES"},"Manufacturer":{"DisplayValue":"STILORD","Label":"Manufacturer","Locale":"es_ES"}},"Title":{"DisplayValue":"STILORD 'Thea' Monedero de Mujer Billetera RFID Cuero Grande Wallet Vintage con Protección NFC Billeteras con Cremallera en Caja de Regalo Piel Genuina, Color:Bergamo - marrón","Label":"Title","Locale":"es_ES"}},"Offers":{"Summaries":[{"Condition":{"Value":"New"},"LowestPrice":{"Amount":54.97,"Currency":"EUR","DisplayAmount":"54,97 €"}}]}},{"ASIN":"B0BHTBVRFZ","DetailPageURL":"https://www.amazon.es/dp/B0BHTBVRFZ?tag=topinalambricos-21&linkCode=osi&th=1&psc=1","Images":{"Primary":{"Small":{"Height":75,"URL":"https://m.media-amazon.com/images/I/41IdDEXaFAL._SL75_.jpg","Width":75}}},"ItemInfo":{"ByLineInfo":{"Brand":{"DisplayValue":"SWEET & CANDY BAGS","Label":"Brand","Locale":"es_ES"}},"Title":{"DisplayValue":"Sweet Candy - Monedero Grande de 3 Cremalleras con Porta Móvil para Mujer, con Dibujo de Muñeca y Correa de Bandolera Ajustable y Extraíble","Label":"Title","Locale":"es_ES"}},"Offers":{"Summaries":[{"Condition":{"Value":"New"},"LowestPrice":{"Amount":19.99,"Currency":"EUR","DisplayAmount":"19,99 €"}}]}},{"ASIN":"B00JGMKAZI","DetailPageURL":"https://www.amazon.es/dp/B00JGMKAZI?tag=topinalambricos-21&linkCode=osi&th=1&psc=1","Images":{"Primary":{"Small":{"Height":75,"URL":"https://m.media-amazon.com/images/I/41Vb7f+6wCL._SL75_.jpg","Width":75}}},"ItemInfo":{"ByLineInfo":{"Brand":{"DisplayValue":"Levi's","Label":"Brand","Locale":"es_ES"},"Manufacturer":{"DisplayValue":"LEVIS FOOTWEAR AND ACCESSORIES","Label":"Manufacturer","Locale":"es_ES"}},"Title":{"DisplayValue":"LEVIS FOOTWEAR AND ACCESSORIES Vintage Two Horse Vertical, Monedero para Hombre de cuero, Marrón (Dark Brown), 13x2x10 centimeters (W x H x L)","Label":"Title","Locale":"es_ES"}},"Offers":{"Summaries":[{"Condition":{"Value":"New"},"LowestPrice":{"Amount":34.95,"Currency":"EUR","DisplayAmount":"34,95 €"}}]}}],"SearchURL":"https://www.amazon.es/s?k=monedero+cuero&rh=n%3A11960916031%2Cp_n_availability%3A-1&tag=topinalambricos-21&linkCode=osi","TotalResultCount":1000}},"173":{"SearchResult":{"Items":[{"ASIN":"B00WILRZL6","DetailPageURL":"https://www.amazon.es/dp/B00WILRZL6?tag=topinalambricos-21&linkCode=osi&th=1&psc=1","Images":{"Primary":{"Small":{"Height":75,"URL":"https://m.media-amazon.com/images/I/510HnGbUyVL._SL75_.jpg","Width":69}}},"ItemInfo":{"ByLineInfo":{"Brand":{"DisplayValue":"Gusti","Label":"Brand","Locale":"es_ES"},"Manufacturer":{"DisplayValue":"Gusti","Label":"Manufacturer","Locale":"es_ES"}},"Title":{"DisplayValue":"Gusti Cuero Studio Brian Cartera Monedero Vintage Retro Trabajo Universidad Tarjetas Unisex 2A14-22-5","Label":"Title","Locale":"es_ES"}},"Offers":{"Summaries":[{"Condition":{"Value":"New"},"LowestPrice":{"Amount":7.95,"Currency":"EUR","DisplayAmount":"7,95 €"}}]}},{"ASIN":"B0756KZCH9","DetailPageURL":"https://www.amazon.es/dp/B0756KZCH9?tag=topinalambricos-21&linkCode=osi&th=1&psc=1","Images":{"Primary":{"Small":{"Height":75,"URL":"https://m.media-amazon.com/images/I/41twnd3hdjL._SL75_.jpg","Width":75}}},"ItemInfo":{"ByLineInfo":{"Brand":{"DisplayValue":"Lois","Label":"Brand","Locale":"es_ES"},"Contributors":[{"Locale":"es_ES","Name":"Lois","Role":"Diseñador","RoleType":"designer"}],"Manufacturer":{"DisplayValue":"Lois","Label":"Manufacturer","Locale":"es_ES"}},"Title":{"DisplayValue":"Lois - 11002 Cartera Monedero Billetero Tarjetero Unisex de Piel Genuina con Cremallera y Llavero Interior Anilla. Bolsillo Exterior con Cremallera, Color Marron Oscuro","Label":"Title","Locale":"es_ES"}},"Offers":{"Summaries":[{"Condition":{"Value":"New"},"LowestPrice":{"Amount":18.99,"Currency":"EUR","DisplayAmount":"18,99 €"}}]}},{"ASIN":"B08KGXKC3N","DetailPageURL":"https://www.amazon.es/dp/B08KGXKC3N?tag=topinalambricos-21&linkCode=osi&th=1&psc=1","Images":{"Primary":{"Small":{"Height":75,"URL":"https://m.media-amazon.com/images/I/516WB3ZugrL._SL75_.jpg","Width":75}}},"ItemInfo":{"ByLineInfo":{"Brand":{"DisplayValue":"Lois","Label":"Brand","Locale":"es_ES"},"Contributors":[{"Locale":"es_ES","Name":"Lois","Role":"Diseñador","RoleType":"designer"}],"Manufacturer":{"DisplayValue":"LOIS","Label":"Manufacturer","Locale":"es_ES"}},"Title":{"DisplayValue":"Lois - Monedero Hombre Pequeño - Carteras para Hombre Piel Genuina - Monedero Mujer - Billeteras para Hombre. Cartera Tarjetero Hombre con Llavero Incluido - Cartera Hombre con RFID 202602, Marron","Label":"Title","Locale":"es_ES"}},"Offers":{"Summaries":[{"Condition":{"Value":"New"},"LowestPrice":{"Amount":16.99,"Currency":"EUR","DisplayAmount":"16,99 €"}}]}},{"ASIN":"B09YC2M573","DetailPageURL":"https://www.amazon.es/dp/B09YC2M573?tag=topinalambricos-21&linkCode=osi&th=1&psc=1","Images":{"Primary":{"Small":{"Height":56,"URL":"https://m.media-amazon.com/images/I/41VgOLxQp2L._SL75_.jpg","Width":75}}},"ItemInfo":{"ByLineInfo":{"Brand":{"DisplayValue":"Pielini","Label":"Brand","Locale":"es_ES"},"Manufacturer":{"DisplayValue":"Pielini","Label":"Manufacturer","Locale":"es_ES"}},"Title":{"DisplayValue":"Pielini Monedero para Hombre con Cremallera, Fabricado en Piel 4 Cremalleras y Llavero. Espacios para Monedas, Tarjetas y Billetes. Diseñado en España. Color Negro.","Label":"Title","Locale":"es_ES"}},"Offers":{"Summaries":[{"Condition":{"Value":"New"},"LowestPrice":{"Amount":9.5,"Currency":"EUR","DisplayAmount":"9,50 €"}}]}},{"ASIN":"B09J4X8527","DetailPageURL":"https://www.amazon.es/dp/B09J4X8527?tag=topinalambricos-21&linkCode=osi&th=1&psc=1","Images":{"Primary":{"Small":{"Height":75,"URL":"https://m.media-amazon.com/images/I/51RfExSBtHL._SL75_.jpg","Width":75}}},"ItemInfo":{"ByLineInfo":{"Brand":{"DisplayValue":"Lois","Label":"Brand","Locale":"es_ES"},"Contributors":[{"Locale":"es_ES","Name":"Lois","Role":"Diseñador","RoleType":"designer"}],"Manufacturer":{"DisplayValue":"LOIS","Label":"Manufacturer","Locale":"es_ES"}},"Title":{"DisplayValue":"Lois - Carteras para Hombre de Piel - Cartera Hombre Piel con Monedero y múltiples Compartimentos, billeteras y monederos para Hombre jóvenes y Adultos 203117, Marron","Label":"Title","Locale":"es_ES"}},"Offers":{"Summaries":[{"Condition":{"Value":"New"},"LowestPrice":{"Amount":25.4,"Currency":"EUR","DisplayAmount":"25,40 €"}}]}},{"ASIN":"B08HQVM5HD","DetailPageURL":"https://www.amazon.es/dp/B08HQVM5HD?tag=topinalambricos-21&linkCode=osi&th=1&psc=1","Images":{"Primary":{"Small":{"Height":75,"URL":"https://m.media-amazon.com/images/I/31lXt9LSizL._SL75_.jpg","Width":75}}},"ItemInfo":{"ByLineInfo":{"Brand":{"DisplayValue":"Lois","Label":"Brand","Locale":"es_ES"},"Contributors":[{"Locale":"es_ES","Name":"Lois","Role":"Diseñador","RoleType":"designer"}],"Manufacturer":{"DisplayValue":"LOIS","Label":"Manufacturer","Locale":"es_ES"}},"Title":{"DisplayValue":"Lois - Monedero Hombre Pequeño - Carteras para Hombre Piel Genuina - Monedero Mujer - Billeteras para Hombre. Cartera Tarjetero Hombre con Llavero Incluido - Cartera Hombre con RFID 202802, Marino","Label":"Title","Locale":"es_ES"}},"Offers":{"Summaries":[{"Condition":{"Value":"New"},"LowestPrice":{"Amount":18.99,"Currency":"EUR","DisplayAmount":"18,99 €"}}]}},{"ASIN":"B0BGQJ1NVY","DetailPageURL":"https://www.amazon.es/dp/B0BGQJ1NVY?tag=topinalambricos-21&linkCode=osi&th=1&psc=1","Images":{"Primary":{"Small":{"Height":75,"URL":"https://m.media-amazon.com/images/I/21kL17Fr-7L._SL75_.jpg","Width":60}}},"ItemInfo":{"ByLineInfo":{"Brand":{"DisplayValue":"Coronel Tapiocca","Label":"Brand","Locale":"es_ES"},"Manufacturer":{"DisplayValue":"CORONEL TAPIOCCA","Label":"Manufacturer","Locale":"es_ES"}},"Title":{"DisplayValue":"Coronel Tapioca - Carteras para Hombre de Piel - Cartera Hombre con Monedero - Monedero Hombre Casual - Cartera Tarjetero Hombre Gran Capacidad Cierre de Cremallera","Label":"Title","Locale":"es_ES"}},"Offers":{"Summaries":[{"Condition":{"Value":"New"},"LowestPrice":{"Amount":16.99,"Currency":"EUR","DisplayAmount":"16,99 €"}}]}},{"ASIN":"B08RQP2NRX","DetailPageURL":"https://www.amazon.es/dp/B08RQP2NRX?tag=topinalambricos-21&linkCode=osi&th=1&psc=1","Images":{"Primary":{"Small":{"Height":75,"URL":"https://m.media-amazon.com/images/I/313Z32ulNWL._SL75_.jpg","Width":75}}},"ItemInfo":{"ByLineInfo":{"Brand":{"DisplayValue":"Coronel Tapiocca","Label":"Brand","Locale":"es_ES"},"Manufacturer":{"DisplayValue":"Bluebags","Label":"Manufacturer","Locale":"es_ES"}},"Title":{"DisplayValue":"Coronel Tapioca - Carteras para Hombre de Piel - Cartera Hombre con Monedero - Monedero Hombre Casual - Cartera Tarjetero Hombre Gran Capacidad","Label":"Title","Locale":"es_ES"}},"Offers":{"Summaries":[{"Condition":{"Value":"New"},"LowestPrice":{"Amount":17.99,"Currency":"EUR","DisplayAmount":"17,99 €"}}]}},{"ASIN":"B0193MLQHG","DetailPageURL":"https://www.amazon.es/dp/B0193MLQHG?tag=topinalambricos-21&linkCode=osi&th=1&psc=1","Images":{"Primary":{"Small":{"Height":75,"URL":"https://m.media-amazon.com/images/I/31mjQs60wIL._SL75_.jpg","Width":75}}},"ItemInfo":{"ByLineInfo":{"Brand":{"DisplayValue":"Bugatti","Label":"Brand","Locale":"es_ES"}},"Title":{"DisplayValue":"bugatti Volo Cartera piel 10 cm marrón","Label":"Title","Locale":"es_ES"}},"Offers":{"Summaries":[{"Condition":{"Value":"New"},"LowestPrice":{"Amount":29.95,"Currency":"EUR","DisplayAmount":"29,95 €"}}]}},{"ASIN":"B08RQFS7MV","DetailPageURL":"https://www.amazon.es/dp/B08RQFS7MV?tag=topinalambricos-21&linkCode=osi&th=1&psc=1","Images":{"Primary":{"Small":{"Height":73,"URL":"https://m.media-amazon.com/images/I/319D8v6PfML._SL75_.jpg","Width":75}}},"ItemInfo":{"ByLineInfo":{"Brand":{"DisplayValue":"Coronel Tapiocca","Label":"Brand","Locale":"es_ES"},"Manufacturer":{"DisplayValue":"Bluebags","Label":"Manufacturer","Locale":"es_ES"}},"Title":{"DisplayValue":"Coronel Tapioca - Carteras para Hombre de Piel - Cartera Hombre con Monedero - Monedero Hombre Casual - Cartera Tarjetero Hombre Gran Capacidad","Label":"Title","Locale":"es_ES"}},"Offers":{"Summaries":[{"Condition":{"Value":"New"},"LowestPrice":{"Amount":22.99,"Currency":"EUR","DisplayAmount":"22,99 €"}}]}}],"SearchURL":"https://www.amazon.es/s?k=monedero+cuero&rh=n%3A11960908031%2Cp_n_availability%3A-1&tag=topinalambricos-21&linkCode=osi","TotalResultCount":1000}},"174":{"SearchResult":{"Items":[{"ASIN":"B085NRQL1Q","DetailPageURL":"https://www.amazon.es/dp/B085NRQL1Q?tag=topinalambricos-21&linkCode=osi&th=1&psc=1","Images":{"Primary":{"Small":{"Height":75,"URL":"https://m.media-amazon.com/images/I/41FrC4BOdJL._SL75_.jpg","Width":75}}},"ItemInfo":{"ByLineInfo":{"Brand":{"DisplayValue":"DONBOLSO","Label":"Brand","Locale":"es_ES"},"Manufacturer":{"DisplayValue":"DONBOLSO","Label":"Manufacturer","Locale":"es_ES"}},"Title":{"DisplayValue":"DONBOLSO® Rio Monedero de Cuero para Mujer, 4 Ranuras para Tarjetas y protección RFID Blocker, Muchos Colores Incluyendo Negro y marrón, Cartera Vintage para Mujer (Marrón)","Label":"Title","Locale":"es_ES"}},"Offers":{"Summaries":[{"Condition":{"Value":"New"},"LowestPrice":{"Amount":44.99,"Currency":"EUR","DisplayAmount":"44,99 €"}}]}},{"ASIN":"B01BWO2NFM","DetailPageURL":"https://www.amazon.es/dp/B01BWO2NFM?tag=topinalambricos-21&linkCode=osi&th=1&psc=1","Images":{"Primary":{"Small":{"Height":75,"URL":"https://m.media-amazon.com/images/I/41ExshigiDL._SL75_.jpg","Width":53}}},"ItemInfo":{"ByLineInfo":{"Brand":{"DisplayValue":"Gusti","Label":"Brand","Locale":"es_ES"}},"Title":{"DisplayValue":"Gusti Leder studio „Macy“ Bolsa de Piel de Ante Monedero Cartera Monedas Dinero Tabaco Vintage 2A103-26-9","Label":"Title","Locale":"es_ES"}},"Offers":{"Summaries":[{"Condition":{"Value":"New"},"LowestPrice":{"Amount":6.95,"Currency":"EUR","DisplayAmount":"6,95 €"}}]}},{"ASIN":"B074PRCPDM","DetailPageURL":"https://www.amazon.es/dp/B074PRCPDM?tag=topinalambricos-21&linkCode=osi&th=1&psc=1","Images":{"Primary":{"Small":{"Height":59,"URL":"https://m.media-amazon.com/images/I/41INnlECY1L._SL75_.jpg","Width":75}}},"ItemInfo":{"ByLineInfo":{"Brand":{"DisplayValue":"Gusti","Label":"Brand","Locale":"es_ES"}},"Title":{"DisplayValue":"Gusti Monedero Cuero Linus Monedero portamonedas pequeño marrón Claro","Label":"Title","Locale":"es_ES"}},"Offers":{"Summaries":[{"Condition":{"Value":"New"},"LowestPrice":{"Amount":7.95,"Currency":"EUR","DisplayAmount":"7,95 €"}}]}},{"ASIN":"B09YHZ7TQM","DetailPageURL":"https://www.amazon.es/dp/B09YHZ7TQM?tag=topinalambricos-21&linkCode=osi&th=1&psc=1","Images":{"Primary":{"Small":{"Height":75,"URL":"https://m.media-amazon.com/images/I/41MlvXCXV1L._SL75_.jpg","Width":75}}},"ItemInfo":{"ByLineInfo":{"Brand":{"DisplayValue":"STILORD","Label":"Brand","Locale":"es_ES"},"Manufacturer":{"DisplayValue":"STILORD","Label":"Manufacturer","Locale":"es_ES"}},"Title":{"DisplayValue":"STILORD 'Angelina' Cartera Grande Mujer de Piel Monedero de Cuero Muchas Tarjetas Billetera para Mujeres en Formato Paisaje Genuino Vintage, Color:Perugia - marrón","Label":"Title","Locale":"es_ES"}},"Offers":{"Summaries":[{"Condition":{"Value":"New"},"LowestPrice":{"Amount":59.97,"Currency":"EUR","DisplayAmount":"59,97 €"}}]}},{"ASIN":"B00EDNTE3Y","DetailPageURL":"https://www.amazon.es/dp/B00EDNTE3Y?tag=topinalambricos-21&linkCode=osi&th=1&psc=1","Images":{"Primary":{"Small":{"Height":75,"URL":"https://m.media-amazon.com/images/I/41-W6ko2FHL._SL75_.jpg","Width":38}}},"ItemInfo":{"ByLineInfo":{"Brand":{"DisplayValue":"Gusti","Label":"Brand","Locale":"es_ES"}},"Title":{"DisplayValue":"Gusti Monedero para Mujer de Cuero Leder Arlo Cartera Bolso de Tabaco de Liar Llavero Suelto Cuero de Cabra A76b","Label":"Title","Locale":"es_ES"}},"Offers":{"Summaries":[{"Condition":{"Value":"New"},"LowestPrice":{"Amount":19.95,"Currency":"EUR","DisplayAmount":"19,95 €"}}]}},{"ASIN":"B08CVSB2RL","DetailPageURL":"https://www.amazon.es/dp/B08CVSB2RL?tag=topinalambricos-21&linkCode=osi&th=1&psc=1","Images":{"Primary":{"Small":{"Height":75,"URL":"https://m.media-amazon.com/images/I/516MiL0XW9S._SL75_.jpg","Width":65}}},"ItemInfo":{"ByLineInfo":{"Brand":{"DisplayValue":"moonster","Label":"Brand","Locale":"es_ES"},"Manufacturer":{"DisplayValue":"Moonster Products Ltd","Label":"Manufacturer","Locale":"es_ES"}},"Title":{"DisplayValue":"moonster Cartera de Cuero para Mujer Tarjetero y Monedero de Cuero Genuino de Plena Flor Cartera de Mujer Artesanal - Bolsillo de Bloqueo RFID 2X Zip, 3X Abiertos, 1x Transparente 9X Ranuras","Label":"Title","Locale":"es_ES"}},"Offers":{"Summaries":[{"Condition":{"Value":"New"},"LowestPrice":{"Amount":24.95,"Currency":"EUR","DisplayAmount":"24,95 €"}}]}},{"ASIN":"B07KH7J8VY","DetailPageURL":"https://www.amazon.es/dp/B07KH7J8VY?tag=topinalambricos-21&linkCode=osi&th=1&psc=1","Images":{"Primary":{"Small":{"Height":75,"URL":"https://m.media-amazon.com/images/I/31BcaBA4ahS._SL75_.jpg","Width":75}}},"ItemInfo":{"ByLineInfo":{"Brand":{"DisplayValue":"STILORD","Label":"Brand","Locale":"es_ES"},"Manufacturer":{"DisplayValue":"STILORD","Label":"Manufacturer","Locale":"es_ES"}},"Title":{"DisplayValue":"STILORD 'Sophia' Vintage Cartera Cuero Mujeres RFID Protector Monedero Billetera para Señora 15 Tarjetas Billetes y Monedas con Caja de Regalo, Color:Kara - Cognac","Label":"Title","Locale":"es_ES"}},"Offers":{"Summaries":[{"Condition":{"Value":"New"},"LowestPrice":{"Amount":47.9,"Currency":"EUR","DisplayAmount":"47,90 €"}}]}},{"ASIN":"B0BSSCK2KV","DetailPageURL":"https://www.amazon.es/dp/B0BSSCK2KV?tag=topinalambricos-21&linkCode=osi&th=1&psc=1","Images":{"Primary":{"Small":{"Height":75,"URL":"https://m.media-amazon.com/images/I/318fBgeCi7L._SL75_.jpg","Width":75}}},"ItemInfo":{"ByLineInfo":{"Brand":{"DisplayValue":"Pepe Jeans","Label":"Brand","Locale":"es_ES"}},"Title":{"DisplayValue":"Pepe Jeans Bea Cartera con Tarjetero Beige 14,5x9x2 cms Piel sintética","Label":"Title","Locale":"es_ES"}},"Offers":{"Summaries":[{"Condition":{"Value":"New"},"LowestPrice":{"Amount":39.99,"Currency":"EUR","DisplayAmount":"39,99 €"}}]}},{"ASIN":"B0B45ZFK94","DetailPageURL":"https://www.amazon.es/dp/B0B45ZFK94?tag=topinalambricos-21&linkCode=osi&th=1&psc=1","Images":{"Primary":{"Small":{"Height":75,"URL":"https://m.media-amazon.com/images/I/21xXpAISxsL._SL75_.jpg","Width":51}}},"ItemInfo":{"ByLineInfo":{"Brand":{"DisplayValue":"DON ALGODON","Label":"Brand","Locale":"es_ES"},"Manufacturer":{"DisplayValue":"DON ALGODON","Label":"Manufacturer","Locale":"es_ES"}},"Title":{"DisplayValue":"DON ALGODON - Monedero Mujer Carteras de Mujer con tarjetero mujer - Cartera mujer y monederos mujer Silvana","Label":"Title","Locale":"es_ES"}},"Offers":{"Summaries":[{"Condition":{"Value":"New"},"LowestPrice":{"Amount":18.99,"Currency":"EUR","DisplayAmount":"18,99 €"}},{"Condition":{"Value":"Used"},"LowestPrice":{"Amount":12.93,"Currency":"EUR","DisplayAmount":"12,93 €"}}]}},{"ASIN":"B08RN523JD","DetailPageURL":"https://www.amazon.es/dp/B08RN523JD?tag=topinalambricos-21&linkCode=osi&th=1&psc=1","Images":{"Primary":{"Small":{"Height":57,"URL":"https://m.media-amazon.com/images/I/510qksulRLL._SL75_.jpg","Width":75}}},"ItemInfo":{"ByLineInfo":{"Brand":{"DisplayValue":"MK MEN KAI","Label":"Brand","Locale":"es_ES"}},"Title":{"DisplayValue":"MK MEN KAI MENKAI-Cartera/Billetera Artesanal Hecha con Corcho - Amigable con el Medio Ambiente.Cartera de corcho, vegano para mujer con bloqueo RFID,Ilustraciones Variadas 1617067","Label":"Title","Locale":"es_ES"}},"Offers":{"Summaries":[{"Condition":{"Value":"New"},"LowestPrice":{"Amount":29.99,"Currency":"EUR","DisplayAmount":"29,99 €"}}]}}],"SearchURL":"https://www.amazon.es/s?k=monedero+cuero+artesanal&rh=n%3A11960916031%2Cp_n_availability%3A-1&tag=topinalambricos-21&linkCode=osi","TotalResultCount":434}},"175":{"SearchResult":{"Items":[{"ASIN":"B07FQ19CFY","DetailPageURL":"https://www.amazon.es/dp/B07FQ19CFY?tag=topinalambricos-21&linkCode=osi&th=1&psc=1","Images":{"Primary":{"Small":{"Height":75,"URL":"https://m.media-amazon.com/images/I/312PJHlcnpL._SL75_.jpg","Width":75}}},"ItemInfo":{"ByLineInfo":{"Brand":{"DisplayValue":"Customacces","Label":"Brand","Locale":"es_ES"},"Manufacturer":{"DisplayValue":"Motoacces","Label":"Manufacturer","Locale":"es_ES"}},"Title":{"DisplayValue":"Customacces AP0009N Alforja de Cuero Lado Izquierdo Customacces HD Model AP0009N Negro, Negro, Talla Size","Label":"Title","Locale":"es_ES"}},"Offers":{"Summaries":[{"Condition":{"Value":"New"},"LowestPrice":{"Amount":140.7,"Currency":"EUR","DisplayAmount":"140,70 €"}}]}},{"ASIN":"B077J617YM","DetailPageURL":"https://www.amazon.es/dp/B077J617YM?tag=topinalambricos-21&linkCode=osi&th=1&psc=1","Images":{"Primary":{"Small":{"Height":75,"URL":"https://m.media-amazon.com/images/I/31jc9ekiYjL._SL75_.jpg","Width":75}}},"ItemInfo":{"ByLineInfo":{"Brand":{"DisplayValue":"Kursport","Label":"Brand","Locale":"es_ES"},"Manufacturer":{"DisplayValue":"Cobija","Label":"Manufacturer","Locale":"es_ES"}},"Title":{"DisplayValue":"Alforjas Moto Custom de Cuero con Tapa Gris SD-9189","Label":"Title","Locale":"es_ES"}},"Offers":{"Summaries":[{"Condition":{"Value":"New"},"LowestPrice":{"Amount":93.0,"Currency":"EUR","DisplayAmount":"93,00 €"}}]}},{"ASIN":"B07CB6Z8MF","DetailPageURL":"https://www.amazon.es/dp/B07CB6Z8MF?tag=topinalambricos-21&linkCode=osi&th=1&psc=1","Images":{"Primary":{"Small":{"Height":35,"URL":"https://m.media-amazon.com/images/I/41ZmZqzLMtL._SL75_.jpg","Width":75}}},"ItemInfo":{"ByLineInfo":{"Brand":{"DisplayValue":"Customacces","Label":"Brand","Locale":"es_ES"},"Manufacturer":{"DisplayValue":"Customacces","Label":"Manufacturer","Locale":"es_ES"}},"Title":{"DisplayValue":"Customacces APS002N Alforjas de Cuero Sant Louis con Soportes Universales para Harley Davidson Sportster, Kawasaki Vulcan S, Negro, Talla Size","Label":"Title","Locale":"es_ES"}},"Offers":{"Summaries":[{"Condition":{"Value":"New"},"LowestPrice":{"Amount":162.78,"Currency":"EUR","DisplayAmount":"162,78 €"}}]}},{"ASIN":"B081G7DMNY","DetailPageURL":"https://www.amazon.es/dp/B081G7DMNY?tag=topinalambricos-21&linkCode=osi&th=1&psc=1","Images":{"Primary":{"Small":{"Height":75,"URL":"https://m.media-amazon.com/images/I/410ncpzv+HL._SL75_.jpg","Width":75}}},"ItemInfo":{"ByLineInfo":{"Brand":{"DisplayValue":"Anzene","Label":"Brand","Locale":"es_ES"},"Manufacturer":{"DisplayValue":"Anzene","Label":"Manufacturer","Locale":"es_ES"}},"Title":{"DisplayValue":"Anzene 1 par de Alforjas Laterales de la Motocicleta PU Cuero Sanddlebag Impermeable Lado de la Motocicleta Equipaje Negro","Label":"Title","Locale":"es_ES"}},"Offers":{"Summaries":[{"Condition":{"Value":"New"},"LowestPrice":{"Amount":64.0,"Currency":"EUR","DisplayAmount":"64,00 €"}}]}},{"ASIN":"B08YJ8WCT2","DetailPageURL":"https://www.amazon.es/dp/B08YJ8WCT2?tag=topinalambricos-21&linkCode=osi&th=1&psc=1","Images":{"Primary":{"Small":{"Height":75,"URL":"https://m.media-amazon.com/images/I/51yxiRS8hwL._SL75_.jpg","Width":75}}},"ItemInfo":{"ByLineInfo":{"Brand":{"DisplayValue":"Krtopo","Label":"Brand","Locale":"es_ES"},"Manufacturer":{"DisplayValue":"Krtopo","Label":"Manufacturer","Locale":"es_ES"}},"Title":{"DisplayValue":"Alforjas Vintage para Motocicleta Alforjas Universales Impermeables de PU con Gran Capacidad","Label":"Title","Locale":"es_ES"}},"Offers":{"Summaries":[{"Condition":{"Value":"New"},"LowestPrice":{"Amount":68.99,"Currency":"EUR","DisplayAmount":"68,99 €"}}]}},{"ASIN":"B099ZJ9VLX","DetailPageURL":"https://www.amazon.es/dp/B099ZJ9VLX?tag=topinalambricos-21&linkCode=osi&th=1&psc=1","Images":{"Primary":{"Small":{"Height":75,"URL":"https://m.media-amazon.com/images/I/51FVttNyBeL._SL75_.jpg","Width":75}}},"ItemInfo":{"ByLineInfo":{"Brand":{"DisplayValue":"Krtopo","Label":"Brand","Locale":"es_ES"},"Manufacturer":{"DisplayValue":"Krtopo","Label":"Manufacturer","Locale":"es_ES"}},"Title":{"DisplayValue":"1 Par de Alforjas Laterales para Motocicleta Cuero PU Impermeable Asiento Trasero Bolsa para Sillín Herramienta de Viaje Equipaje Trasero Negro","Label":"Title","Locale":"es_ES"}},"Offers":{"Summaries":[{"Condition":{"Value":"New"},"LowestPrice":{"Amount":82.99,"Currency":"EUR","DisplayAmount":"82,99 €"}}]}},{"ASIN":"B0BFDW1FKH","DetailPageURL":"https://www.amazon.es/dp/B0BFDW1FKH?tag=topinalambricos-21&linkCode=osi&th=1&psc=1","Images":{"Primary":{"Small":{"Height":75,"URL":"https://m.media-amazon.com/images/I/51gCxh1+iSL._SL75_.jpg","Width":75}}},"ItemInfo":{"ByLineInfo":{"Brand":{"DisplayValue":"NICECNC","Label":"Brand","Locale":"es_ES"},"Manufacturer":{"DisplayValue":"NICECNC","Label":"Manufacturer","Locale":"es_ES"}},"Title":{"DisplayValue":"NICECNC Alforjas Moto Custom Cuero PU, Alforjas Laterales para Moto Universal, Correas Reforzadas Y Pieza De Sillín, con Portavasos Y Cerradura, Bolsa de sillín Moto Accesorios para Moto, Negro","Label":"Title","Locale":"es_ES"}},"Offers":{"Summaries":[{"Condition":{"Value":"New"},"LowestPrice":{"Amount":105.86,"Currency":"EUR","DisplayAmount":"105,86 €"}}]}},{"ASIN":"B09B1NMBPD","DetailPageURL":"https://www.amazon.es/dp/B09B1NMBPD?tag=topinalambricos-21&linkCode=osi&th=1&psc=1","Images":{"Primary":{"Small":{"Height":75,"URL":"https://m.media-amazon.com/images/I/51PihhwFRoL._SL75_.jpg","Width":75}}},"ItemInfo":{"ByLineInfo":{"Brand":{"DisplayValue":"Krtopo","Label":"Brand","Locale":"es_ES"},"Manufacturer":{"DisplayValue":"Krtopo","Label":"Manufacturer","Locale":"es_ES"}},"Title":{"DisplayValue":"1 par de Bolsas para Sillín de Motocicleta Cuero PU Impermeable Herramienta de viaje para Asiento Trasero Equipaje Trasero Sistema Antirrobo","Label":"Title","Locale":"es_ES"}},"Offers":{"Summaries":[{"Condition":{"Value":"New"},"LowestPrice":{"Amount":72.99,"Currency":"EUR","DisplayAmount":"72,99 €"}}]}},{"ASIN":"B093SZ6LV4","DetailPageURL":"https://www.amazon.es/dp/B093SZ6LV4?tag=topinalambricos-21&linkCode=osi&th=1&psc=1","Images":{"Primary":{"Small":{"Height":75,"URL":"https://m.media-amazon.com/images/I/41iT5D03OPL._SL75_.jpg","Width":75}}},"ItemInfo":{"ByLineInfo":{"Brand":{"DisplayValue":"Anzene","Label":"Brand","Locale":"es_ES"},"Manufacturer":{"DisplayValue":"Anzene","Label":"Manufacturer","Locale":"es_ES"}},"Title":{"DisplayValue":"Anzene Alforjas Universales para Motocicleta, Bolsa Lateral de Cuero PU para Almacenamiento de Equipaje, Bolsas para Sillín","Label":"Title","Locale":"es_ES"}},"Offers":{"Summaries":[{"Condition":{"Value":"New"},"LowestPrice":{"Amount":76.0,"Currency":"EUR","DisplayAmount":"76,00 €"}}]}},{"ASIN":"B0BKPQ5P9T","DetailPageURL":"https://www.amazon.es/dp/B0BKPQ5P9T?tag=topinalambricos-21&linkCode=osi&th=1&psc=1","Images":{"Primary":{"Small":{"Height":75,"URL":"https://m.media-amazon.com/images/I/41FNxxSfesL._SL75_.jpg","Width":75}}},"ItemInfo":{"ByLineInfo":{"Brand":{"DisplayValue":"QINERSAW","Label":"Brand","Locale":"es_ES"},"Manufacturer":{"DisplayValue":"QINERSAW","Label":"Manufacturer","Locale":"es_ES"}},"Title":{"DisplayValue":"QINERSAW Bolsa de Alforja de Cuero para Moto, Bolsa de Manillar para Moto Impermeable, con 2 Correas de Sujeción, Bolsa de Herramientas para Moto Universal","Label":"Title","Locale":"es_ES"}},"Offers":{"Summaries":[{"Condition":{"Value":"New"},"LowestPrice":{"Amount":14.99,"Currency":"EUR","DisplayAmount":"14,99 €"}}]}}],"SearchURL":"https://www.amazon.es/s?k=alforjas+cuero&rh=p_n_availability%3A-1&tag=topinalambricos-21&linkCode=osi","TotalResultCount":306}},"178":{"SearchResult":{"Items":[{"ASIN":"B09MCBQWQQ","DetailPageURL":"https://www.amazon.es/dp/B09MCBQWQQ?tag=topinalambricos-21&linkCode=osi&th=1&psc=1","Images":{"Primary":{"Small":{"Height":75,"URL":"https://m.media-amazon.com/images/I/41QCfE4H1kL._SL75_.jpg","Width":75}}},"ItemInfo":{"ByLineInfo":{"Brand":{"DisplayValue":"Swift Wear","Label":"Brand","Locale":"es_ES"}},"Title":{"DisplayValue":"Swift Wear Guantes de conducción clásicos para hombre, de piel de piel lamba, color marrón oscuro, color negro, azul marino, azul marino, L","Label":"Title","Locale":"es_ES"}},"Offers":{"Summaries":[{"Condition":{"Value":"New"},"LowestPrice":{"Amount":11.97,"Currency":"EUR","DisplayAmount":"11,97 €"}}]}},{"ASIN":"B01LWL21V8","DetailPageURL":"https://www.amazon.es/dp/B01LWL21V8?tag=topinalambricos-21&linkCode=osi&th=1&psc=1","Images":{"Primary":{"Small":{"Height":75,"URL":"https://m.media-amazon.com/images/I/3105f-gk2aL._SL75_.jpg","Width":75}}},"ItemInfo":{"ByLineInfo":{"Brand":{"DisplayValue":"THE MASONIC COLLECTION","Label":"Brand","Locale":"es_ES"},"Manufacturer":{"DisplayValue":"Masonic","Label":"Manufacturer","Locale":"es_ES"}},"Title":{"DisplayValue":"Guantes, 100% piel, suaves, talla L, color blanco","Label":"Title","Locale":"es_ES"}},"Offers":{"Summaries":[{"Condition":{"Value":"New"},"LowestPrice":{"Amount":24.95,"Currency":"EUR","DisplayAmount":"24,95 €"}}]}},{"ASIN":"B08DHRM3R7","DetailPageURL":"https://www.amazon.es/dp/B08DHRM3R7?tag=topinalambricos-21&linkCode=osi&th=1&psc=1","Images":{"Primary":{"Small":{"Height":75,"URL":"https://m.media-amazon.com/images/I/51YKih9p4lL._SL75_.jpg","Width":75}}},"ItemInfo":{"ByLineInfo":{"Brand":{"DisplayValue":"ZLUXURQ","Label":"Brand","Locale":"es_ES"}},"Title":{"DisplayValue":"ZLUXURQ Guantes de conducción de piel de oveja para hombre sin forro, suaves y cómodos","Label":"Title","Locale":"es_ES"}},"Offers":{"Summaries":[{"Condition":{"Value":"New"},"LowestPrice":{"Amount":23.99,"Currency":"EUR","DisplayAmount":"23,99 €"}}]}},{"ASIN":"B094Y9QNK1","DetailPageURL":"https://www.amazon.es/dp/B094Y9QNK1?tag=topinalambricos-21&linkCode=osi&th=1&psc=1","Images":{"Primary":{"Small":{"Height":75,"URL":"https://m.media-amazon.com/images/I/41Neqm6166L._SL75_.jpg","Width":75}}},"ItemInfo":{"ByLineInfo":{"Brand":{"DisplayValue":"Harssidanzar","Label":"Brand","Locale":"es_ES"}},"Title":{"DisplayValue":"Harssidanzar Guantes de cuero para conducir para hombre GM026D,Bronceado,Tamaño L","Label":"Title","Locale":"es_ES"}},"Offers":{"Summaries":[{"Condition":{"Value":"New"},"LowestPrice":{"Amount":29.99,"Currency":"EUR","DisplayAmount":"29,99 €"}}]}},{"ASIN":"B09D9JZXP9","DetailPageURL":"https://www.amazon.es/dp/B09D9JZXP9?tag=topinalambricos-21&linkCode=osi&th=1&psc=1","Images":{"Primary":{"Small":{"Height":75,"URL":"https://m.media-amazon.com/images/I/51YzBMWUEBL._SL75_.jpg","Width":75}}},"ItemInfo":{"ByLineInfo":{"Brand":{"DisplayValue":"MGGM collection","Label":"Brand","Locale":"es_ES"}},"Title":{"DisplayValue":"MGGM collection Guantes de invierno de cuero para hombre Guantes de montar de piel de oveja suave con forro de cachemira cálida,Negro,M","Label":"Title","Locale":"es_ES"}},"Offers":{"Summaries":[{"Condition":{"Value":"New"},"LowestPrice":{"Amount":27.9,"Currency":"EUR","DisplayAmount":"27,90 €"}}]}},{"ASIN":"B0BFQPJW8S","DetailPageURL":"https://www.amazon.es/dp/B0BFQPJW8S?tag=topinalambricos-21&linkCode=osi&th=1&psc=1","Images":{"Primary":{"Small":{"Height":75,"URL":"https://m.media-amazon.com/images/I/41r37cUB2EL._SL75_.jpg","Width":75}}},"ItemInfo":{"ByLineInfo":{"Brand":{"DisplayValue":"Harssidanzar","Label":"Brand","Locale":"es_ES"}},"Title":{"DisplayValue":"Harssidanzar Guantes de cuero para hombres,guantes forrados de piel de conejo de cuero en invierno frío KM047,Negro,L","Label":"Title","Locale":"es_ES"}},"Offers":{"Summaries":[{"Condition":{"Value":"New"},"LowestPrice":{"Amount":55.15,"Currency":"EUR","DisplayAmount":"55,15 €"}}]}},{"ASIN":"B08H1RGQFS","DetailPageURL":"https://www.amazon.es/dp/B08H1RGQFS?tag=topinalambricos-21&linkCode=osi&th=1&psc=1","Images":{"Primary":{"Small":{"Height":75,"URL":"https://m.media-amazon.com/images/I/51JK+yNvZKL._SL75_.jpg","Width":75}}},"ItemInfo":{"ByLineInfo":{"Brand":{"DisplayValue":"Neusky","Label":"Brand","Locale":"es_ES"}},"Title":{"DisplayValue":"Neusky Guantes de piel para pantalla táctil, guantes de piel de napa, piel de cordero con forro de cachemira, Negro , S","Label":"Title","Locale":"es_ES"}},"Offers":{"Summaries":[{"Condition":{"Value":"New"},"LowestPrice":{"Amount":16.99,"Currency":"EUR","DisplayAmount":"16,99 €"}}]}},{"ASIN":"B0BGR9W1NW","DetailPageURL":"https://www.amazon.es/dp/B0BGR9W1NW?tag=topinalambricos-21&linkCode=osi&th=1&psc=1","Images":{"Primary":{"Small":{"Height":75,"URL":"https://m.media-amazon.com/images/I/41eGGJGpfPL._SL75_.jpg","Width":75}}},"ItemInfo":{"ByLineInfo":{"Brand":{"DisplayValue":"Harssidanzar","Label":"Brand","Locale":"es_ES"}},"Title":{"DisplayValue":"Harssidanzar Hombres Guantes De Cuero De Piel De Oveja Italiana De Para Forradas En Lana Negro XL","Label":"Title","Locale":"es_ES"}},"Offers":{"Summaries":[{"Condition":{"Value":"New"},"LowestPrice":{"Amount":29.99,"Currency":"EUR","DisplayAmount":"29,99 €"}}]}},{"ASIN":"B08NWZZGH4","DetailPageURL":"https://www.amazon.es/dp/B08NWZZGH4?tag=topinalambricos-21&linkCode=osi&th=1&psc=1","Images":{"Primary":{"Small":{"Height":75,"URL":"https://m.media-amazon.com/images/I/31+jN7H+yqL._SL75_.jpg","Width":75}}},"ItemInfo":{"ByLineInfo":{"Brand":{"DisplayValue":"Harssidanzar","Label":"Brand","Locale":"es_ES"}},"Title":{"DisplayValue":"Harssidanzar Guantes de conducción de cuero de medio dedo sin dedos para hombre Actualización sin forro de piel de cordero GM032EU,Negro,talla S","Label":"Title","Locale":"es_ES"}},"Offers":{"Summaries":[{"Condition":{"Value":"New"},"LowestPrice":{"Amount":27.99,"Currency":"EUR","DisplayAmount":"27,99 €"}}]}},{"ASIN":"B09JG8116J","DetailPageURL":"https://www.amazon.es/dp/B09JG8116J?tag=topinalambricos-21&linkCode=osi&th=1&psc=1","Images":{"Primary":{"Small":{"Height":75,"URL":"https://m.media-amazon.com/images/I/41tvc4gweTL._SL75_.jpg","Width":75}}},"ItemInfo":{"ByLineInfo":{"Brand":{"DisplayValue":"Long Keeper","Label":"Brand","Locale":"es_ES"},"Manufacturer":{"DisplayValue":"Long Keeper","Label":"Manufacturer","Locale":"es_ES"}},"Title":{"DisplayValue":"Long Keeper Guantes de Cuero Invierno para Hombre Guantes Piel Negros Calentar Prueba Del Viento Prueba De Frío Térmico Mitones (Negro, Circunferencia de la palma: 23cm)","Label":"Title","Locale":"es_ES"}},"Offers":{"Summaries":[{"Condition":{"Value":"New"},"LowestPrice":{"Amount":12.99,"Currency":"EUR","DisplayAmount":"12,99 €"}}]}}],"SearchURL":"https://www.amazon.es/s?k=cuero+piel&rh=n%3A3074171031%2Cp_n_availability%3A-1&tag=topinalambricos-21&linkCode=osi","TotalResultCount":1000}},"179":{"SearchResult":{"Items":[{"ASIN":"B0B74V3SK5","DetailPageURL":"https://www.amazon.es/dp/B0B74V3SK5?tag=topinalambricos-21&linkCode=osi&th=1&psc=1","Images":{"Primary":{"Small":{"Height":75,"URL":"https://m.media-amazon.com/images/I/3152Cx1IjUL._SL75_.jpg","Width":56}}},"ItemInfo":{"ByLineInfo":{"Brand":{"DisplayValue":"Only","Label":"Brand","Locale":"es_ES"},"Manufacturer":{"DisplayValue":"Bestseller A/S","Label":"Manufacturer","Locale":"es_ES"}},"Title":{"DisplayValue":"Only Onljanice Acc-Guantes de Piel, Negro/Detalle: Cebra Flock, Talla única para Mujer","Label":"Title","Locale":"es_ES"}},"Offers":{"Summaries":[{"Condition":{"Value":"New"},"LowestPrice":{"Amount":11.65,"Currency":"EUR","DisplayAmount":"11,65 €"}}]}},{"ASIN":"B08BCJR23T","DetailPageURL":"https://www.amazon.es/dp/B08BCJR23T?tag=topinalambricos-21&linkCode=osi&th=1&psc=1","Images":{"Primary":{"Small":{"Height":75,"URL":"https://m.media-amazon.com/images/I/418dQQCdOSS._SL75_.jpg","Width":75}}},"ItemInfo":{"ByLineInfo":{"Brand":{"DisplayValue":"Harssidanzar","Label":"Brand","Locale":"es_ES"}},"Title":{"DisplayValue":"Harssidanzar mujer piel de oveja guantes de conducción de cuero sin dedos dedo medio forrado GL012,Negro,talla M","Label":"Title","Locale":"es_ES"}},"Offers":{"Summaries":[{"Condition":{"Value":"New"},"LowestPrice":{"Amount":23.99,"Currency":"EUR","DisplayAmount":"23,99 €"}}]}},{"ASIN":"B0BJCYWJQZ","DetailPageURL":"https://www.amazon.es/dp/B0BJCYWJQZ?tag=topinalambricos-21&linkCode=osi&th=1&psc=1","Images":{"Primary":{"Small":{"Height":75,"URL":"https://m.media-amazon.com/images/I/41EoccqaRjL._SL75_.jpg","Width":75}}},"ItemInfo":{"ByLineInfo":{"Brand":{"DisplayValue":"cobee","Label":"Brand","Locale":"es_ES"},"Manufacturer":{"DisplayValue":"cobee","Label":"Manufacturer","Locale":"es_ES"}},"Title":{"DisplayValue":"cobee Guantes de cuero PU para mujer, guantes cálidos de invierno con forro polar, Negro, talla única","Label":"Title","Locale":"es_ES"}},"Offers":{"Summaries":[{"Condition":{"Value":"New"},"LowestPrice":{"Amount":3.48,"Currency":"EUR","DisplayAmount":"3,48 €"}}]}},{"ASIN":"B0B2NSJ3QR","DetailPageURL":"https://www.amazon.es/dp/B0B2NSJ3QR?tag=topinalambricos-21&linkCode=osi&th=1&psc=1","Images":{"Primary":{"Small":{"Height":75,"URL":"https://m.media-amazon.com/images/I/41TumP0QrQL._SL75_.jpg","Width":75}}},"ItemInfo":{"ByLineInfo":{"Brand":{"DisplayValue":"Harssidanzar","Label":"Brand","Locale":"es_ES"}},"Title":{"DisplayValue":"Harssidanzar Guantes de conducción para Mujer,Guantes de Cuero para Vestido de Piel de Oveja Fina sin Forro KL021, Rojo,Talla S","Label":"Title","Locale":"es_ES"}},"Offers":{"Summaries":[{"Condition":{"Value":"New"},"LowestPrice":{"Amount":23.99,"Currency":"EUR","DisplayAmount":"23,99 €"}}]}},{"ASIN":"B075M98D72","DetailPageURL":"https://www.amazon.es/dp/B075M98D72?tag=topinalambricos-21&linkCode=osi&th=1&psc=1","Images":{"Primary":{"Small":{"Height":75,"URL":"https://m.media-amazon.com/images/I/41NJU1GH0ZL._SL75_.jpg","Width":75}}},"ItemInfo":{"ByLineInfo":{"Brand":{"DisplayValue":"Long Keeper","Label":"Brand","Locale":"es_ES"}},"Title":{"DisplayValue":"Long Keeper Guantes de Cuero de Invierno para Mujer Guantes Piel Con Función Pantalla Táctil para Conducir Moto (Violeta)","Label":"Title","Locale":"es_ES"}},"Offers":{"Summaries":[{"Condition":{"Value":"New"},"LowestPrice":{"Amount":13.99,"Currency":"EUR","DisplayAmount":"13,99 €"}}]}},{"ASIN":"B01LCNOXEM","DetailPageURL":"https://www.amazon.es/dp/B01LCNOXEM?tag=topinalambricos-21&linkCode=osi&th=1&psc=1","Images":{"Primary":{"Small":{"Height":75,"URL":"https://m.media-amazon.com/images/I/51GMJXgzjuL._SL75_.jpg","Width":57}}},"ItemInfo":{"ByLineInfo":{"Brand":{"DisplayValue":"YISEVEN","Label":"Brand","Locale":"es_ES"}},"Title":{"DisplayValue":"YISEVEN Guantes de Cuero, Piel Auténtica de Oveja, Pantalla Táctil, Forro de Lana, Diseño Tres puntos, para Mujer Invierno, Negro 8.0''/XL","Label":"Title","Locale":"es_ES"}},"Offers":{"Summaries":[{"Condition":{"Value":"New"},"LowestPrice":{"Amount":49.99,"Currency":"EUR","DisplayAmount":"49,99 €"}}]}},{"ASIN":"B01MQWD6U3","DetailPageURL":"https://www.amazon.es/dp/B01MQWD6U3?tag=topinalambricos-21&linkCode=osi&th=1&psc=1","Images":{"Primary":{"Small":{"Height":75,"URL":"https://m.media-amazon.com/images/I/417em3KP20L._SL75_.jpg","Width":75}}},"ItemInfo":{"ByLineInfo":{"Brand":{"DisplayValue":"Navaris","Label":"Brand","Locale":"es_ES"},"Manufacturer":{"DisplayValue":"KW-Commerce","Label":"Manufacturer","Locale":"es_ES"}},"Title":{"DisplayValue":"Navaris Guantes de cuero para mujer - Con función táctil para pantalla - 2x Guante de piel genuina de napa y forro de cachemira","Label":"Title","Locale":"es_ES"}},"Offers":{"Summaries":[{"Condition":{"Value":"New"},"LowestPrice":{"Amount":19.99,"Currency":"EUR","DisplayAmount":"19,99 €"}}]}},{"ASIN":"B0992LFYXB","DetailPageURL":"https://www.amazon.es/dp/B0992LFYXB?tag=topinalambricos-21&linkCode=osi&th=1&psc=1","Images":{"Primary":{"Small":{"Height":75,"URL":"https://m.media-amazon.com/images/I/41f7hjcX5ML._SL75_.jpg","Width":75}}},"ItemInfo":{"ByLineInfo":{"Brand":{"DisplayValue":"Navaris","Label":"Brand","Locale":"es_ES"},"Manufacturer":{"DisplayValue":"KW-Commerce","Label":"Manufacturer","Locale":"es_ES"}},"Title":{"DisplayValue":"Navaris Guantes de cuero para mujer - 2x Guante de piel genuina de napa con forro de cachemira botón y función táctil para pantalla - Talla M negro","Label":"Title","Locale":"es_ES"}},"Offers":{"Summaries":[{"Condition":{"Value":"New"},"LowestPrice":{"Amount":20.99,"Currency":"EUR","DisplayAmount":"20,99 €"}}]}},{"ASIN":"B07YCG8NZ6","DetailPageURL":"https://www.amazon.es/dp/B07YCG8NZ6?tag=topinalambricos-21&linkCode=osi&th=1&psc=1","Images":{"Primary":{"Small":{"Height":75,"URL":"https://m.media-amazon.com/images/I/51OEQsYwCmL._SL75_.jpg","Width":75}}},"ItemInfo":{"ByLineInfo":{"Brand":{"DisplayValue":"Dsane","Label":"Brand","Locale":"es_ES"}},"Title":{"DisplayValue":"Guantes de cuero genuino puros de piel de cordero para mujer con pantalla táctil de piel de invierno, Negro -, Large","Label":"Title","Locale":"es_ES"}},"Offers":{"Summaries":[{"Condition":{"Value":"New"},"LowestPrice":{"Amount":39.01,"Currency":"EUR","DisplayAmount":"39,01 €"}}]}},{"ASIN":"B09D9R3KBC","DetailPageURL":"https://www.amazon.es/dp/B09D9R3KBC?tag=topinalambricos-21&linkCode=osi&th=1&psc=1","Images":{"Primary":{"Small":{"Height":75,"URL":"https://m.media-amazon.com/images/I/41b98ucC2cL._SL75_.jpg","Width":75}}},"ItemInfo":{"ByLineInfo":{"Brand":{"DisplayValue":"MGGM collection","Label":"Brand","Locale":"es_ES"}},"Title":{"DisplayValue":"MGGM collection Guantes de cuero para mujer Pantalla táctil con forro de cachemira Guantes de conducción de piel de oveja cálidos de invierno,Negro,S","Label":"Title","Locale":"es_ES"}},"Offers":{"Summaries":[{"Condition":{"Value":"New"},"LowestPrice":{"Amount":26.9,"Currency":"EUR","DisplayAmount":"26,90 €"}}]}}],"SearchURL":"https://www.amazon.es/s?k=cuero+piel&rh=n%3A3074242031%2Cp_n_availability%3A-1&tag=topinalambricos-21&linkCode=osi","TotalResultCount":823}},"180":{"SearchResult":{"Items":[{"ASIN":"B07X4R5SYM","DetailPageURL":"https://www.amazon.es/dp/B07X4R5SYM?tag=topinalambricos-21&linkCode=osi&th=1&psc=1","Images":{"Primary":{"Small":{"Height":75,"URL":"https://m.media-amazon.com/images/I/41Zh-ESO69L._SL75_.jpg","Width":75}}},"ItemInfo":{"ByLineInfo":{"Brand":{"DisplayValue":"Ruvigrab","Label":"Brand","Locale":"es_ES"},"Manufacturer":{"DisplayValue":"Gahibre","Label":"Manufacturer","Locale":"es_ES"}},"Title":{"DisplayValue":"RuviGrab - Guante de Trabajo Piel de Flor de Vacuno Natural | Guantes para Jardinería | Guantes de Cuero | Guantes de Piel para Obra | Talla 8","Label":"Title","Locale":"es_ES"}},"Offers":{"Summaries":[{"Condition":{"Value":"New"},"LowestPrice":{"Amount":4.15,"Currency":"EUR","DisplayAmount":"4,15 €"}}]}},{"ASIN":"B07YWR1JP2","DetailPageURL":"https://www.amazon.es/dp/B07YWR1JP2?tag=topinalambricos-21&linkCode=osi&th=1&psc=1","Images":{"Primary":{"Small":{"Height":75,"URL":"https://m.media-amazon.com/images/I/41Fsr2Nb1RL._SL75_.jpg","Width":75}}},"ItemInfo":{"ByLineInfo":{"Brand":{"DisplayValue":"Long Keeper","Label":"Brand","Locale":"es_ES"},"Manufacturer":{"DisplayValue":"Long Keeper","Label":"Manufacturer","Locale":"es_ES"}},"Title":{"DisplayValue":"Long Keeper Guantes De Cuero De Piel Hombres Invierno Negro con función de Pantalla táctil para Guantes","Label":"Title","Locale":"es_ES"}},"Offers":{"Summaries":[{"Condition":{"Value":"New"},"LowestPrice":{"Amount":13.99,"Currency":"EUR","DisplayAmount":"13,99 €"}}]}},{"ASIN":"B07Z2PTWP2","DetailPageURL":"https://www.amazon.es/dp/B07Z2PTWP2?tag=topinalambricos-21&linkCode=osi&th=1&psc=1","Images":{"Primary":{"Small":{"Height":75,"URL":"https://m.media-amazon.com/images/I/41eMhr1rNbL._SL75_.jpg","Width":75}}},"ItemInfo":{"ByLineInfo":{"Brand":{"DisplayValue":"Global Park","Label":"Brand","Locale":"es_ES"}},"Title":{"DisplayValue":"Global Park Guantes de Invierno Hombres Cuero de PU Pantalla Táctil Térmica Guantes Antideslizantes a Prueba de Frío Para Actividades al Aire Libre Conducción Motor Ciclismo Correr Camping (L)","Label":"Title","Locale":"es_ES"}},"Offers":{"Summaries":[{"Condition":{"Value":"New"},"LowestPrice":{"Amount":14.99,"Currency":"EUR","DisplayAmount":"14,99 €"}}]}},{"ASIN":"B07MFF5BMF","DetailPageURL":"https://www.amazon.es/dp/B07MFF5BMF?tag=topinalambricos-21&linkCode=osi&th=1&psc=1","Images":{"Primary":{"Small":{"Height":75,"URL":"https://m.media-amazon.com/images/I/31k-lDG6fOS._SL75_.jpg","Width":75}}},"ItemInfo":{"ByLineInfo":{"Brand":{"DisplayValue":"GROUP TB TOMÁS BODERO GROUP","Label":"Brand","Locale":"es_ES"},"Manufacturer":{"DisplayValue":"Tomas Bodero","Label":"Manufacturer","Locale":"es_ES"}},"Title":{"DisplayValue":"10 Pares TB Guante de Protección Laboral TB Plus 160IBSZ | Guante de Seguridad para Trabajos con Riesgos Mecánicos y Térmicos. Fabricado en Piel Flor Vacuno, Color Gris. Talla 9","Label":"Title","Locale":"es_ES"}},"Offers":{"Summaries":[{"Condition":{"Value":"New"},"LowestPrice":{"Amount":25.3,"Currency":"EUR","DisplayAmount":"25,30 € (2,53 € / unidad)","PricePerUnit":2.53}}]}},{"ASIN":"B09DPYV7YT","DetailPageURL":"https://www.amazon.es/dp/B09DPYV7YT?tag=topinalambricos-21&linkCode=osi&th=1&psc=1","Images":{"Primary":{"Small":{"Height":75,"URL":"https://m.media-amazon.com/images/I/41bHUDTpVoL._SL75_.jpg","Width":75}}},"ItemInfo":{"ByLineInfo":{"Brand":{"DisplayValue":"WESTWOOD FOX","Label":"Brand","Locale":"es_ES"}},"Title":{"DisplayValue":"Guantes de trabajo de jardinería a prueba de espinas de jardín, flexibles y resistentes, de cuero, para mecánicos, de utilidad, transpirables, para el trabajo, hombres y mujeres (L, amarillo)","Label":"Title","Locale":"es_ES"}},"Offers":{"Summaries":[{"Condition":{"Value":"New"},"LowestPrice":{"Amount":10.99,"Currency":"EUR","DisplayAmount":"10,99 €"}}]}},{"ASIN":"B0B4WXY132","DetailPageURL":"https://www.amazon.es/dp/B0B4WXY132?tag=topinalambricos-21&linkCode=osi&th=1&psc=1","Images":{"Primary":{"Small":{"Height":75,"URL":"https://m.media-amazon.com/images/I/41iO6aYYc5L._SL75_.jpg","Width":64}}},"ItemInfo":{"ByLineInfo":{"Brand":{"DisplayValue":"Ruvigrab","Label":"Brand","Locale":"es_ES"},"Manufacturer":{"DisplayValue":"Gahibre","Label":"Manufacturer","Locale":"es_ES"}},"Title":{"DisplayValue":"RuviGrab - Guante de Trabajo de Piel de Flor Natural | Guantes para Jardinería | Guantes de Cuero | Guantes de Piel para Obra | Talla 10","Label":"Title","Locale":"es_ES"}},"Offers":{"Summaries":[{"Condition":{"Value":"New"},"LowestPrice":{"Amount":29.5,"Currency":"EUR","DisplayAmount":"29,50 €"}}]}},{"ASIN":"B06XW8QV9Q","DetailPageURL":"https://www.amazon.es/dp/B06XW8QV9Q?tag=topinalambricos-21&linkCode=osi&th=1&psc=1","Images":{"Primary":{"Small":{"Height":75,"URL":"https://m.media-amazon.com/images/I/51BWVQ+7AcL._SL75_.jpg","Width":47}}},"ItemInfo":{"ByLineInfo":{"Brand":{"DisplayValue":"HESTRA","Label":"Brand","Locale":"es_ES"},"Manufacturer":{"DisplayValue":"Hestra Gloves","Label":"Manufacturer","Locale":"es_ES"}},"Title":{"DisplayValue":"HESTRA Guantes de esquí: Guantes de Invierno de Cuero Militar con Forro de extracción, Gris Claro, 10","Label":"Title","Locale":"es_ES"}},"Offers":{"Summaries":[{"Condition":{"Value":"New"},"LowestPrice":{"Amount":144.15,"Currency":"EUR","DisplayAmount":"144,15 €"}}]}},{"ASIN":"B09MT5R78D","DetailPageURL":"https://www.amazon.es/dp/B09MT5R78D?tag=topinalambricos-21&linkCode=osi&th=1&psc=1","Images":{"Primary":{"Small":{"Height":75,"URL":"https://m.media-amazon.com/images/I/41FAvWMUEbL._SL75_.jpg","Width":75}}},"ItemInfo":{"ByLineInfo":{"Brand":{"DisplayValue":"TMZHISTAR","Label":"Brand","Locale":"es_ES"}},"Title":{"DisplayValue":"TMZHISTAR Guantes de trabajo de cuero de vaca para hombres y mujeres, guantes de jardinería, guantes de conducción (M)","Label":"Title","Locale":"es_ES"}},"Offers":{"Summaries":[{"Condition":{"Value":"New"},"LowestPrice":{"Amount":11.99,"Currency":"EUR","DisplayAmount":"11,99 €"}}]}},{"ASIN":"B07WZGL4RR","DetailPageURL":"https://www.amazon.es/dp/B07WZGL4RR?tag=topinalambricos-21&linkCode=osi&th=1&psc=1","Images":{"Primary":{"Small":{"Height":70,"URL":"https://m.media-amazon.com/images/I/41HAsQU-FhL._SL75_.jpg","Width":75}}},"ItemInfo":{"ByLineInfo":{"Brand":{"DisplayValue":"Ruvigrab","Label":"Brand","Locale":"es_ES"},"Manufacturer":{"DisplayValue":"Gahibre","Label":"Manufacturer","Locale":"es_ES"}},"Title":{"DisplayValue":"Ruvigrab 321F - Guante piel vacuno forrado interiormente anti-frio, T/10, Amarillo","Label":"Title","Locale":"es_ES"}},"Offers":{"Summaries":[{"Condition":{"Value":"New"},"LowestPrice":{"Amount":6.5,"Currency":"EUR","DisplayAmount":"6,50 €"}}]}},{"ASIN":"B00YI2U772","DetailPageURL":"https://www.amazon.es/dp/B00YI2U772?tag=topinalambricos-21&linkCode=osi&th=1&psc=1","Images":{"Primary":{"Small":{"Height":65,"URL":"https://m.media-amazon.com/images/I/41GhbaLlZ4L._SL75_.jpg","Width":75}}},"ItemInfo":{"ByLineInfo":{"Brand":{"DisplayValue":"WOLFPACK LINEA PROFESIONAL","Label":"Brand","Locale":"es_ES"},"Manufacturer":{"DisplayValue":"A Forged Tool S.A.","Label":"Manufacturer","Locale":"es_ES"}},"Title":{"DisplayValue":"Wolfpack 15030034 Guante Piel FLOR 9\" Con Colgador","Label":"Title","Locale":"es_ES"}},"Offers":{"Summaries":[{"Condition":{"Value":"New"},"LowestPrice":{"Amount":3.95,"Currency":"EUR","DisplayAmount":"3,95 € (1,98 € / unidad)","PricePerUnit":1.98}}]}}],"SearchURL":"https://www.amazon.es/s?k=guantes+cuero&rh=p_n_availability%3A-1&tag=topinalambricos-21&linkCode=osi","TotalResultCount":306}},"181":{"SearchResult":{"Items":[{"ASIN":"B09Y5PMM4X","DetailPageURL":"https://www.amazon.es/dp/B09Y5PMM4X?tag=topinalambricos-21&linkCode=osi&th=1&psc=1","Images":{"Primary":{"Small":{"Height":70,"URL":"https://m.media-amazon.com/images/I/51THlKPdmgL._SL75_.jpg","Width":75}}},"ItemInfo":{"ByLineInfo":{"Brand":{"DisplayValue":"BJTYHT","Label":"Brand","Locale":"es_ES"},"Manufacturer":{"DisplayValue":"song4","Label":"Manufacturer","Locale":"es_ES"}},"Title":{"DisplayValue":"Guantes Guantes de Cuero Medio Dedo for la conducción de la Locomotora de Guantes del Semi-Dedo Guantes Negros Flor (Color : Black, Gloves Size : L)","Label":"Title","Locale":"es_ES"}},"Offers":{"Summaries":[{"Condition":{"Value":"New"},"LowestPrice":{"Amount":76.81,"Currency":"EUR","DisplayAmount":"76,81 €"}}]}},{"ASIN":"B09D7L95C2","DetailPageURL":"https://www.amazon.es/dp/B09D7L95C2?tag=topinalambricos-21&linkCode=osi&th=1&psc=1","Images":{"Primary":{"Small":{"Height":75,"URL":"https://m.media-amazon.com/images/I/41NSk9VOE4L._SL75_.jpg","Width":75}}},"ItemInfo":{"ByLineInfo":{"Brand":{"DisplayValue":"HXSZWJJ","Label":"Brand","Locale":"es_ES"},"Manufacturer":{"DisplayValue":"HXSZWJJ","Label":"Manufacturer","Locale":"es_ES"}},"Title":{"DisplayValue":"HXSZWJJ Guantes De Cuero Genuino Semi-Dedo Guantes Sin Dedos De Conducción Delgada For Hombres (Color : Dark Brown, Gloves Size : L)","Label":"Title","Locale":"es_ES"}},"Offers":{"Summaries":[{"Condition":{"Value":"New"},"LowestPrice":{"Amount":46.44,"Currency":"EUR","DisplayAmount":"46,44 €"}}]}},{"ASIN":"B09BYLVN9S","DetailPageURL":"https://www.amazon.es/dp/B09BYLVN9S?tag=topinalambricos-21&linkCode=osi&th=1&psc=1","Images":{"Primary":{"Small":{"Height":75,"URL":"https://m.media-amazon.com/images/I/51RXqgZkSiL._SL75_.jpg","Width":75}}},"ItemInfo":{"ByLineInfo":{"Brand":{"DisplayValue":"UimimiU","Label":"Brand","Locale":"es_ES"},"Manufacturer":{"DisplayValue":"UimimiU","Label":"Manufacturer","Locale":"es_ES"}},"Title":{"DisplayValue":"UimimiU Hombres verano cuero genuino transpirable medio dedo conducción semi-dedo ovejas guantes antideslizante aptitud mitones mitones sin dedos locomotora de una sola capa de cuero marrón guantes ne","Label":"Title","Locale":"es_ES"}},"Offers":{"Summaries":[{"Condition":{"Value":"New"},"LowestPrice":{"Amount":43.67,"Currency":"EUR","DisplayAmount":"43,67 €"}}]}},{"ASIN":"B07YWR1JP2","DetailPageURL":"https://www.amazon.es/dp/B07YWR1JP2?tag=topinalambricos-21&linkCode=osi&th=1&psc=1","Images":{"Primary":{"Small":{"Height":75,"URL":"https://m.media-amazon.com/images/I/41Fsr2Nb1RL._SL75_.jpg","Width":75}}},"ItemInfo":{"ByLineInfo":{"Brand":{"DisplayValue":"Long Keeper","Label":"Brand","Locale":"es_ES"},"Manufacturer":{"DisplayValue":"Long Keeper","Label":"Manufacturer","Locale":"es_ES"}},"Title":{"DisplayValue":"Long Keeper Guantes De Cuero De Piel Hombres Invierno Negro con función de Pantalla táctil para Guantes","Label":"Title","Locale":"es_ES"}},"Offers":{"Summaries":[{"Condition":{"Value":"New"},"LowestPrice":{"Amount":13.99,"Currency":"EUR","DisplayAmount":"13,99 €"}}]}},{"ASIN":"B07VDHZ555","DetailPageURL":"https://www.amazon.es/dp/B07VDHZ555?tag=topinalambricos-21&linkCode=osi&th=1&psc=1","Images":{"Primary":{"Small":{"Height":75,"URL":"https://m.media-amazon.com/images/I/41nyoa0FQqL._SL75_.jpg","Width":75}}},"ItemInfo":{"ByLineInfo":{"Brand":{"DisplayValue":"Long Keeper","Label":"Brand","Locale":"es_ES"},"Manufacturer":{"DisplayValue":"Long Keeper","Label":"Manufacturer","Locale":"es_ES"}},"Title":{"DisplayValue":"Long Keeper Guantes de Cuero Sin Dedos Hombre Guantes Negros Cuero Artificial Unisex para Moto Ciclismo Alpinismo Deporte","Label":"Title","Locale":"es_ES"}},"Offers":{"Summaries":[{"Condition":{"Value":"New"},"LowestPrice":{"Amount":11.99,"Currency":"EUR","DisplayAmount":"11,99 €"}}]}},{"ASIN":"B08HYMV8Z7","DetailPageURL":"https://www.amazon.es/dp/B08HYMV8Z7?tag=topinalambricos-21&linkCode=osi&th=1&psc=1","Images":{"Primary":{"Small":{"Height":75,"URL":"https://m.media-amazon.com/images/I/41Nbl65t9uL._SL75_.jpg","Width":75}}},"ItemInfo":{"ByLineInfo":{"Brand":{"DisplayValue":"Long Keeper","Label":"Brand","Locale":"es_ES"}},"Title":{"DisplayValue":"Long Keeper Guantes de Cuero Sin Dedos Termicos Guantes Invierno Hombre Manoplas para Moto Conducir Tactiles","Label":"Title","Locale":"es_ES"}},"Offers":{"Summaries":[{"Condition":{"Value":"New"},"LowestPrice":{"Amount":14.99,"Currency":"EUR","DisplayAmount":"14,99 €"}}]}},{"ASIN":"B073SY9W2L","DetailPageURL":"https://www.amazon.es/dp/B073SY9W2L?tag=topinalambricos-21&linkCode=osi&th=1&psc=1","Images":{"Primary":{"Small":{"Height":75,"URL":"https://m.media-amazon.com/images/I/4182w5Sn2oL._SL75_.jpg","Width":56}}},"ItemInfo":{"ByLineInfo":{"Brand":{"DisplayValue":"Jack & Jones","Label":"Brand","Locale":"es_ES"},"Manufacturer":{"DisplayValue":"JACK & JONES","Label":"Manufacturer","Locale":"es_ES"}},"Title":{"DisplayValue":"Jack & Jones Jacmontana Leather Gloves STS Guantes, Negro (Black), Small (Talla del Fabricante: S/M) para Hombre","Label":"Title","Locale":"es_ES"}},"Offers":{"Summaries":[{"Condition":{"Value":"New"},"LowestPrice":{"Amount":28.71,"Currency":"EUR","DisplayAmount":"28,71 €"}}]}},{"ASIN":"B0B92JP9K3","DetailPageURL":"https://www.amazon.es/dp/B0B92JP9K3?tag=topinalambricos-21&linkCode=osi&th=1&psc=1","Images":{"Primary":{"Small":{"Height":75,"URL":"https://m.media-amazon.com/images/I/414-mEinyYL._SL75_.jpg","Width":75}}},"ItemInfo":{"ByLineInfo":{"Brand":{"DisplayValue":"Long Keeper","Label":"Brand","Locale":"es_ES"}},"Title":{"DisplayValue":"Long Keeper Guantes Sin Dedos Hombre Cuero Guantes De Cuero para Moto Conducir Ciclismo Guantes Tacticos Invierno Medio Dedo Piel Negro","Label":"Title","Locale":"es_ES"}},"Offers":{"Summaries":[{"Condition":{"Value":"New"},"LowestPrice":{"Amount":18.99,"Currency":"EUR","DisplayAmount":"18,99 €"}}]}},{"ASIN":"B09JG8116J","DetailPageURL":"https://www.amazon.es/dp/B09JG8116J?tag=topinalambricos-21&linkCode=osi&th=1&psc=1","Images":{"Primary":{"Small":{"Height":75,"URL":"https://m.media-amazon.com/images/I/41tvc4gweTL._SL75_.jpg","Width":75}}},"ItemInfo":{"ByLineInfo":{"Brand":{"DisplayValue":"Long Keeper","Label":"Brand","Locale":"es_ES"},"Manufacturer":{"DisplayValue":"Long Keeper","Label":"Manufacturer","Locale":"es_ES"}},"Title":{"DisplayValue":"Long Keeper Guantes de Cuero Invierno para Hombre Guantes Piel Negros Calentar Prueba Del Viento Prueba De Frío Térmico Mitones (Negro, Circunferencia de la palma: 23cm)","Label":"Title","Locale":"es_ES"}},"Offers":{"Summaries":[{"Condition":{"Value":"New"},"LowestPrice":{"Amount":12.99,"Currency":"EUR","DisplayAmount":"12,99 €"}}]}},{"ASIN":"B0B9RYFM91","DetailPageURL":"https://www.amazon.es/dp/B0B9RYFM91?tag=topinalambricos-21&linkCode=osi&th=1&psc=1","Images":{"Primary":{"Small":{"Height":75,"URL":"https://m.media-amazon.com/images/I/31jG5uAF1PL._SL75_.jpg","Width":75}}},"ItemInfo":{"ByLineInfo":{"Brand":{"DisplayValue":"Long Keeper","Label":"Brand","Locale":"es_ES"}},"Title":{"DisplayValue":"Long Keeper Guantes Cuero Hombre - Guantes Conducir Coche Invierno Tactiles Cálidos Guantes de Cuero Negro para Hombre Moto Conducir Ciclismo al Aire Libre","Label":"Title","Locale":"es_ES"}},"Offers":{"Summaries":[{"Condition":{"Value":"New"},"LowestPrice":{"Amount":11.99,"Currency":"EUR","DisplayAmount":"11,99 €"}}]}}],"SearchURL":"https://www.amazon.es/s?k=guantes+semi+cuero&rh=n%3A3074171031%2Cp_n_availability%3A-1&tag=topinalambricos-21&linkCode=osi","TotalResultCount":30}},"183":{"SearchResult":{"Items":[{"ASIN":"B0B698LPR1","DetailPageURL":"https://www.amazon.es/dp/B0B698LPR1?tag=topinalambricos-21&linkCode=osi&th=1&psc=1","Images":{"Primary":{"Small":{"Height":75,"URL":"https://m.media-amazon.com/images/I/31qsy6ddcqL._SL75_.jpg","Width":56}}},"ItemInfo":{"ByLineInfo":{"Brand":{"DisplayValue":"Jack & Jones","Label":"Brand","Locale":"es_ES"},"Manufacturer":{"DisplayValue":"Bestseller A/S","Label":"Manufacturer","Locale":"es_ES"}},"Title":{"DisplayValue":"Jack & Jones JACROCK Leather Belt Noos cinturón de Cuero, Brown Stone, 95 de los Hombres","Label":"Title","Locale":"es_ES"}},"Offers":{"Summaries":[{"Condition":{"Value":"New"},"LowestPrice":{"Amount":18.47,"Currency":"EUR","DisplayAmount":"18,47 €"}}]}},{"ASIN":"B09QDTBZ54","DetailPageURL":"https://www.amazon.es/dp/B09QDTBZ54?tag=topinalambricos-21&linkCode=osi&th=1&psc=1","Images":{"Primary":{"Small":{"Height":47,"URL":"https://m.media-amazon.com/images/I/31NxiunvBCL._SL75_.jpg","Width":75}}},"ItemInfo":{"ByLineInfo":{"Brand":{"DisplayValue":"Tommy Jeans","Label":"Brand","Locale":"es_ES"},"Manufacturer":{"DisplayValue":"PVH","Label":"Manufacturer","Locale":"es_ES"}},"Title":{"DisplayValue":"Tommy Jeans TJM Roller Cinturones, Black, 95 Hombres","Label":"Title","Locale":"es_ES"}},"Offers":{"Summaries":[{"Condition":{"Value":"New"},"LowestPrice":{"Amount":30.47,"Currency":"EUR","DisplayAmount":"30,47 €"}}]}},{"ASIN":"B0BRYFFNFG","DetailPageURL":"https://www.amazon.es/dp/B0BRYFFNFG?tag=topinalambricos-21&linkCode=osi&th=1&psc=1","Images":{"Primary":{"Small":{"Height":43,"URL":"https://m.media-amazon.com/images/I/317GB-SJgzL._SL75_.jpg","Width":75}}},"ItemInfo":{"ByLineInfo":{"Brand":{"DisplayValue":"Tommy Hilfiger","Label":"Brand","Locale":"es_ES"},"Manufacturer":{"DisplayValue":"Tommy Hilfiger","Label":"Manufacturer","Locale":"es_ES"}},"Title":{"DisplayValue":"Tommy Hilfiger Nuevo Cinturón denton 3.5, Cinturones para Hombre, Blanco (Optic White), 100 cm","Label":"Title","Locale":"es_ES"}},"Offers":{"Summaries":[{"Condition":{"Value":"New"},"LowestPrice":{"Amount":49.9,"Currency":"EUR","DisplayAmount":"49,90 €"}},{"Condition":{"Value":"Used"},"LowestPrice":{"Amount":43.58,"Currency":"EUR","DisplayAmount":"43,58 €"}}]}},{"ASIN":"B0BRYF5FYR","DetailPageURL":"https://www.amazon.es/dp/B0BRYF5FYR?tag=topinalambricos-21&linkCode=osi&th=1&psc=1","Images":{"Primary":{"Small":{"Height":43,"URL":"https://m.media-amazon.com/images/I/317GB-SJgzL._SL75_.jpg","Width":75}}},"ItemInfo":{"ByLineInfo":{"Brand":{"DisplayValue":"Tommy Hilfiger","Label":"Brand","Locale":"es_ES"},"Manufacturer":{"DisplayValue":"Tommy Hilfiger","Label":"Manufacturer","Locale":"es_ES"}},"Title":{"DisplayValue":"Tommy Hilfiger Nuevo Cinturón denton 3.5, Cinturones para Hombre, Blanco (Optic White), 105 cm","Label":"Title","Locale":"es_ES"}},"Offers":{"Summaries":[{"Condition":{"Value":"New"},"LowestPrice":{"Amount":35.76,"Currency":"EUR","DisplayAmount":"35,76 €"}}]}},{"ASIN":"B0B7D9ZJ8X","DetailPageURL":"https://www.amazon.es/dp/B0B7D9ZJ8X?tag=topinalambricos-21&linkCode=osi&th=1&psc=1","Images":{"Primary":{"Small":{"Height":45,"URL":"https://m.media-amazon.com/images/I/41n3rtpVwDL._SL75_.jpg","Width":75}}},"ItemInfo":{"ByLineInfo":{"Brand":{"DisplayValue":"Springfield","Label":"Brand","Locale":"es_ES"},"Manufacturer":{"DisplayValue":"Springfield","Label":"Manufacturer","Locale":"es_ES"}},"Title":{"DisplayValue":"Springfield Cinturón Básico, Cinturón Hombre, Marrón Oscuro (Dark Brown), 85","Label":"Title","Locale":"es_ES"}},"Offers":{"Summaries":[{"Condition":{"Value":"New"},"LowestPrice":{"Amount":17.61,"Currency":"EUR","DisplayAmount":"17,61 €"}}]}},{"ASIN":"B07P25Y2R1","DetailPageURL":"https://www.amazon.es/dp/B07P25Y2R1?tag=topinalambricos-21&linkCode=osi&th=1&psc=1","Images":{"Primary":{"Small":{"Height":75,"URL":"https://m.media-amazon.com/images/I/51u7Lm+B-iL._SL75_.jpg","Width":75}}},"ItemInfo":{"ByLineInfo":{"Brand":{"DisplayValue":"Lois","Label":"Brand","Locale":"es_ES"},"Contributors":[{"Locale":"es_ES","Name":"Lois","Role":"Diseñador","RoleType":"designer"}],"Manufacturer":{"DisplayValue":"Lois","Label":"Manufacturer","Locale":"es_ES"}},"Title":{"DisplayValue":"Lois - Cinturon Hombre - Cinturones Hombre de Piel Genuina con Hebilla Cinturon de Metal - Cinturón Hombre Ideal para Uso Diario - Cinturones Hombre Cuero de Marca 501002, Marron","Label":"Title","Locale":"es_ES"}},"Offers":{"Summaries":[{"Condition":{"Value":"New"},"LowestPrice":{"Amount":29.99,"Currency":"EUR","DisplayAmount":"29,99 €"}}]}},{"ASIN":"B075NMNVQ3","DetailPageURL":"https://www.amazon.es/dp/B075NMNVQ3?tag=topinalambricos-21&linkCode=osi&th=1&psc=1","Images":{"Primary":{"Small":{"Height":75,"URL":"https://m.media-amazon.com/images/I/31f94SU-gDL._SL75_.jpg","Width":75}}},"ItemInfo":{"ByLineInfo":{"Brand":{"DisplayValue":"Levi's","Label":"Brand","Locale":"es_ES"},"Manufacturer":{"DisplayValue":"LEVIS FOOTWEAR AND ACCESSORIES","Label":"Manufacturer","Locale":"es_ES"}},"Title":{"DisplayValue":"Levi's Free Metal Cinturón, Negro (R Black 59), 100 para Hombre","Label":"Title","Locale":"es_ES"}},"Offers":{"Summaries":[{"Condition":{"Value":"New"},"LowestPrice":{"Amount":25.95,"Currency":"EUR","DisplayAmount":"25,95 €"}}]}},{"ASIN":"B083F8WM3R","DetailPageURL":"https://www.amazon.es/dp/B083F8WM3R?tag=topinalambricos-21&linkCode=osi&th=1&psc=1","Images":{"Primary":{"Small":{"Height":75,"URL":"https://m.media-amazon.com/images/I/21iQEDK03XL._SL75_.jpg","Width":57}}},"ItemInfo":{"ByLineInfo":{"Brand":{"DisplayValue":"Levi's","Label":"Brand","Locale":"es_ES"},"Manufacturer":{"DisplayValue":"LEVIS FOOTWEAR AND ACCESSORIES","Label":"Manufacturer","Locale":"es_ES"}},"Title":{"DisplayValue":"Levi's Ashland Metal, Cinturón Unisex adulto, Marrón, 120","Label":"Title","Locale":"es_ES"}},"Offers":{"Summaries":[{"Condition":{"Value":"New"},"LowestPrice":{"Amount":29.95,"Currency":"EUR","DisplayAmount":"29,95 €"}}]}},{"ASIN":"B06XF5J2QK","DetailPageURL":"https://www.amazon.es/dp/B06XF5J2QK?tag=topinalambricos-21&linkCode=osi&th=1&psc=1","Images":{"Primary":{"Small":{"Height":56,"URL":"https://m.media-amazon.com/images/I/31uqHtW+hoL._SL75_.jpg","Width":75}}},"ItemInfo":{"ByLineInfo":{"Brand":{"DisplayValue":"Levi's","Label":"Brand","Locale":"es_ES"},"Manufacturer":{"DisplayValue":"Levi's","Label":"Manufacturer","Locale":"es_ES"}},"Title":{"DisplayValue":"Levi's Hebron Cinturón, Negro (Noir Regular Black 59), 110 para Hombre","Label":"Title","Locale":"es_ES"}},"Offers":{"Summaries":[{"Condition":{"Value":"New"},"LowestPrice":{"Amount":22.19,"Currency":"EUR","DisplayAmount":"22,19 €"}}]}},{"ASIN":"B077M8HYNV","DetailPageURL":"https://www.amazon.es/dp/B077M8HYNV?tag=topinalambricos-21&linkCode=osi&th=1&psc=1","Images":{"Primary":{"Small":{"Height":45,"URL":"https://m.media-amazon.com/images/I/41HYVBl4VXL._SL75_.jpg","Width":75}}},"ItemInfo":{"ByLineInfo":{"Brand":{"DisplayValue":"Levi's","Label":"Brand","Locale":"es_ES"},"Manufacturer":{"DisplayValue":"LEVIS FOOTWEAR AND ACCESSORIES","Label":"Manufacturer","Locale":"es_ES"}},"Title":{"DisplayValue":"Levi's New Ashland Cinturón, Regular Black, 95 para Hombre","Label":"Title","Locale":"es_ES"}},"Offers":{"Summaries":[{"Condition":{"Value":"Used"},"LowestPrice":{"Amount":20.59,"Currency":"EUR","DisplayAmount":"20,59 €"}},{"Condition":{"Value":"New"},"LowestPrice":{"Amount":25.0,"Currency":"EUR","DisplayAmount":"25,00 €"}}]}}],"SearchURL":"https://www.amazon.es/s?k=cuero&rh=n%3A3074165031%2Cp_n_availability%3A-1&tag=topinalambricos-21&linkCode=osi","TotalResultCount":1000}},"184":{"SearchResult":{"Items":[{"ASIN":"B0BR8C4H36","DetailPageURL":"https://www.amazon.es/dp/B0BR8C4H36?tag=topinalambricos-21&linkCode=osi&th=1&psc=1","Images":{"Primary":{"Small":{"Height":75,"URL":"https://m.media-amazon.com/images/I/41F51Nn9eTL._SL75_.jpg","Width":75}}},"ItemInfo":{"ByLineInfo":{"Brand":{"DisplayValue":"Lois","Label":"Brand","Locale":"es_ES"},"Contributors":[{"Locale":"es_ES","Name":"Lois","Role":"Diseñador","RoleType":"designer"}],"Manufacturer":{"DisplayValue":"Lois","Label":"Manufacturer","Locale":"es_ES"}},"Title":{"DisplayValue":"Lois - Cinturon Mujer de Cuero Genuino de Marca Cinturones de Mujer de Piel - Cinturón Mujer Ideal para el Uso Diario 501026, Negro","Label":"Title","Locale":"es_ES"}},"Offers":{"Summaries":[{"Condition":{"Value":"New"},"LowestPrice":{"Amount":25.99,"Currency":"EUR","DisplayAmount":"25,99 €"}}]}},{"ASIN":"B083F81VVN","DetailPageURL":"https://www.amazon.es/dp/B083F81VVN?tag=topinalambricos-21&linkCode=osi&th=1&psc=1","Images":{"Primary":{"Small":{"Height":75,"URL":"https://m.media-amazon.com/images/I/31PMajIibGL._SL75_.jpg","Width":57}}},"ItemInfo":{"ByLineInfo":{"Brand":{"DisplayValue":"Levi's","Label":"Brand","Locale":"es_ES"},"Manufacturer":{"DisplayValue":"LEVIS FOOTWEAR AND ACCESSORIES","Label":"Manufacturer","Locale":"es_ES"}},"Title":{"DisplayValue":"Levi's Calypso Cinturón, Brown, 100 para Mujer","Label":"Title","Locale":"es_ES"}},"Offers":{"Summaries":[{"Condition":{"Value":"New"},"LowestPrice":{"Amount":27.95,"Currency":"EUR","DisplayAmount":"27,95 €"}}]}},{"ASIN":"B0BR899PT7","DetailPageURL":"https://www.amazon.es/dp/B0BR899PT7?tag=topinalambricos-21&linkCode=osi&th=1&psc=1","Images":{"Primary":{"Small":{"Height":75,"URL":"https://m.media-amazon.com/images/I/41m8DxU1f8L._SL75_.jpg","Width":75}}},"ItemInfo":{"ByLineInfo":{"Brand":{"DisplayValue":"Lois","Label":"Brand","Locale":"es_ES"},"Contributors":[{"Locale":"es_ES","Name":"Lois","Role":"Diseñador","RoleType":"designer"}],"Manufacturer":{"DisplayValue":"Lois","Label":"Manufacturer","Locale":"es_ES"}},"Title":{"DisplayValue":"Lois - Cinturon Mujer de Cuero Genuino de Marca Cinturones de Mujer de Piel - Cinturón Mujer Ideal para el Uso Diario 501027, Negro","Label":"Title","Locale":"es_ES"}},"Offers":{"Summaries":[{"Condition":{"Value":"New"},"LowestPrice":{"Amount":25.99,"Currency":"EUR","DisplayAmount":"25,99 €"}}]}},{"ASIN":"B00XDYNPO8","DetailPageURL":"https://www.amazon.es/dp/B00XDYNPO8?tag=topinalambricos-21&linkCode=osi&th=1&psc=1","Images":{"Primary":{"Small":{"Height":75,"URL":"https://m.media-amazon.com/images/I/3123M4+nNDL._SL75_.jpg","Width":57}}},"ItemInfo":{"ByLineInfo":{"Brand":{"DisplayValue":"Tommy Hilfiger","Label":"Brand","Locale":"es_ES"},"Manufacturer":{"DisplayValue":"T.H. Deutschland GmbH","Label":"Manufacturer","Locale":"es_ES"}},"Title":{"DisplayValue":"Tommy Hilfiger Cinturón de para Mujer New Danny Belt de Cuero, Negro (Masters Black), 80 cm","Label":"Title","Locale":"es_ES"}},"Offers":{"Summaries":[{"Condition":{"Value":"New"},"LowestPrice":{"Amount":35.95,"Currency":"EUR","DisplayAmount":"35,95 €"}}]}},{"ASIN":"B09XW5L6TC","DetailPageURL":"https://www.amazon.es/dp/B09XW5L6TC?tag=topinalambricos-21&linkCode=osi&th=1&psc=1","Images":{"Primary":{"Small":{"Height":39,"URL":"https://m.media-amazon.com/images/I/31hmv8BKVqL._SL75_.jpg","Width":75}}},"ItemInfo":{"ByLineInfo":{"Brand":{"DisplayValue":"Calvin Klein","Label":"Brand","Locale":"es_ES"},"Manufacturer":{"DisplayValue":"Calvin Klein","Label":"Manufacturer","Locale":"es_ES"}},"Title":{"DisplayValue":"Calvin Klein Ck Must Ck Loop Belt 30Mm, Mujer, Café Au Lait, 90","Label":"Title","Locale":"es_ES"}},"Offers":{"Summaries":[{"Condition":{"Value":"New"},"LowestPrice":{"Amount":24.05,"Currency":"EUR","DisplayAmount":"24,05 €"}}]}},{"ASIN":"B017XHVGUK","DetailPageURL":"https://www.amazon.es/dp/B017XHVGUK?tag=topinalambricos-21&linkCode=osi&th=1&psc=1","Images":{"Primary":{"Small":{"Height":56,"URL":"https://m.media-amazon.com/images/I/41S5+M8AykL._SL75_.jpg","Width":75}}},"ItemInfo":{"ByLineInfo":{"Brand":{"DisplayValue":"Levi's","Label":"Brand","Locale":"es_ES"},"Manufacturer":{"DisplayValue":"LEVIS FOOTWEAR AND ACCESSORIES","Label":"Manufacturer","Locale":"es_ES"}},"Title":{"DisplayValue":"Levi's Circle Buckle Core, Cinturón Mujer, Marrón (Brown), 80 cm (Talla del fabricante: 80)","Label":"Title","Locale":"es_ES"}},"Offers":{"Summaries":[{"Condition":{"Value":"New"},"LowestPrice":{"Amount":24.55,"Currency":"EUR","DisplayAmount":"24,55 €"}}]}},{"ASIN":"B087WQ5VWL","DetailPageURL":"https://www.amazon.es/dp/B087WQ5VWL?tag=topinalambricos-21&linkCode=osi&th=1&psc=1","Images":{"Primary":{"Small":{"Height":40,"URL":"https://m.media-amazon.com/images/I/31V1Y2uHyDL._SL75_.jpg","Width":75}}},"ItemInfo":{"ByLineInfo":{"Brand":{"DisplayValue":"Levi's","Label":"Brand","Locale":"es_ES"},"Manufacturer":{"DisplayValue":"LEVI'S FOOTWEAR AND ACCESSORIES","Label":"Manufacturer","Locale":"es_ES"}},"Title":{"DisplayValue":"Levi's HERMOSILLA Cinturón, Regular Black para Mujer","Label":"Title","Locale":"es_ES"}},"Offers":{"Summaries":[{"Condition":{"Value":"Used"},"LowestPrice":{"Amount":21.57,"Currency":"EUR","DisplayAmount":"21,57 €"}},{"Condition":{"Value":"New"},"LowestPrice":{"Amount":23.95,"Currency":"EUR","DisplayAmount":"23,95 €"}}]}},{"ASIN":"B07NXQ6Q6N","DetailPageURL":"https://www.amazon.es/dp/B07NXQ6Q6N?tag=topinalambricos-21&linkCode=osi&th=1&psc=1","Images":{"Primary":{"Small":{"Height":75,"URL":"https://m.media-amazon.com/images/I/51p9YYayuGL._SL75_.jpg","Width":75}}},"ItemInfo":{"ByLineInfo":{"Brand":{"DisplayValue":"Lois","Label":"Brand","Locale":"es_ES"},"Contributors":[{"Locale":"es_ES","Name":"Lois","Role":"Diseñador","RoleType":"designer"}],"Manufacturer":{"DisplayValue":"Arsamar Enterprise S.L.","Label":"Manufacturer","Locale":"es_ES"}},"Title":{"DisplayValue":"Lois - Cinturon Mujer de Cuero Genuino de Marca Cinturones de Mujer de Piell - Cinturón Mujer Ideal para el Uso Diario 501008, Marron","Label":"Title","Locale":"es_ES"}},"Offers":{"Summaries":[{"Condition":{"Value":"New"},"LowestPrice":{"Amount":24.99,"Currency":"EUR","DisplayAmount":"24,99 €"}}]}},{"ASIN":"B07KJVF3W8","DetailPageURL":"https://www.amazon.es/dp/B07KJVF3W8?tag=topinalambricos-21&linkCode=osi&th=1&psc=1","Images":{"Primary":{"Small":{"Height":75,"URL":"https://m.media-amazon.com/images/I/21+wtlKO3ML._SL75_.jpg","Width":56}}},"ItemInfo":{"ByLineInfo":{"Brand":{"DisplayValue":"Esprit","Label":"Brand","Locale":"es_ES"},"Manufacturer":{"DisplayValue":"Esprit Accessoires","Label":"Manufacturer","Locale":"es_ES"}},"Title":{"DisplayValue":"Esprit Accessoires Mujer 999Ea1S803 Cinturón, Negro (Black 001), 80","Label":"Title","Locale":"es_ES"}},"Offers":{"Summaries":[{"Condition":{"Value":"New"},"LowestPrice":{"Amount":19.99,"Currency":"EUR","DisplayAmount":"19,99 €"}}]}},{"ASIN":"B07P1Y6TYJ","DetailPageURL":"https://www.amazon.es/dp/B07P1Y6TYJ?tag=topinalambricos-21&linkCode=osi&th=1&psc=1","Images":{"Primary":{"Small":{"Height":75,"URL":"https://m.media-amazon.com/images/I/31L07rK0RoL._SL75_.jpg","Width":75}}},"ItemInfo":{"ByLineInfo":{"Brand":{"DisplayValue":"Lois","Label":"Brand","Locale":"es_ES"},"Manufacturer":{"DisplayValue":"Arsamar Enterprise S.L.","Label":"Manufacturer","Locale":"es_ES"}},"Title":{"DisplayValue":"Lois Cinturón Cuero Piel Genuina. Hebilla Metálica. Logo Troquelado. Resistente Flexible Clásico y Duradero. Caja para Regalo Original. Marca de Calidad. 49609, Color Marron, Talla única","Label":"Title","Locale":"es_ES"}},"Offers":{"Summaries":[{"Condition":{"Value":"New"},"LowestPrice":{"Amount":19.99,"Currency":"EUR","DisplayAmount":"19,99 €"}}]}}],"SearchURL":"https://www.amazon.es/s?k=cuero&rh=n%3A3074238031%2Cp_n_availability%3A-1&tag=topinalambricos-21&linkCode=osi","TotalResultCount":1000}},"185":{"SearchResult":{"Items":[{"ASIN":"B0921VKZRB","DetailPageURL":"https://www.amazon.es/dp/B0921VKZRB?tag=topinalambricos-21&linkCode=osi&th=1&psc=1","Images":{"Primary":{"Small":{"Height":43,"URL":"https://m.media-amazon.com/images/I/41YU-KIk5QL._SL75_.jpg","Width":75}}},"ItemInfo":{"ByLineInfo":{"Brand":{"DisplayValue":"almela","Label":"Brand","Locale":"es_ES"},"Manufacturer":{"DisplayValue":"almela","Label":"Manufacturer","Locale":"es_ES"}},"Title":{"DisplayValue":"almela - Cinturón de mujer - Piel legítima - Cuero - 4 cm de ancho - Hebilla Corazón en plata vieja - 40mm - Jeans, vestidos, camisas anchas (Azul Marino, 90)","Label":"Title","Locale":"es_ES"}},"Offers":{"Summaries":[{"Condition":{"Value":"New"},"LowestPrice":{"Amount":34.99,"Currency":"EUR","DisplayAmount":"34,99 €"}}]}},{"ASIN":"B08XFR43TR","DetailPageURL":"https://www.amazon.es/dp/B08XFR43TR?tag=topinalambricos-21&linkCode=osi&th=1&psc=1","Images":{"Primary":{"Small":{"Height":51,"URL":"https://m.media-amazon.com/images/I/412iqbfmIAL._SL75_.jpg","Width":75}}},"ItemInfo":{"ByLineInfo":{"Brand":{"DisplayValue":"almela","Label":"Brand","Locale":"es_ES"},"Manufacturer":{"DisplayValue":"almela","Label":"Manufacturer","Locale":"es_ES"}},"Title":{"DisplayValue":"almela - Cinturón mujer - Piel legitima - Hebilla aros en oro viejo - 4 cm de ancho - Moda joven - 40mm - Cuero - Hebilla redonda de anillos - Cinto - Correa - Leather Woman belt - Negro, 120","Label":"Title","Locale":"es_ES"}},"Offers":{"Summaries":[{"Condition":{"Value":"New"},"LowestPrice":{"Amount":25.99,"Currency":"EUR","DisplayAmount":"25,99 €"}}]}},{"ASIN":"B083ZVW7LR","DetailPageURL":"https://www.amazon.es/dp/B083ZVW7LR?tag=topinalambricos-21&linkCode=osi&th=1&psc=1","Images":{"Primary":{"Small":{"Height":75,"URL":"https://m.media-amazon.com/images/I/31X50agdMpL._SL75_.jpg","Width":75}}},"ItemInfo":{"ByLineInfo":{"Brand":{"DisplayValue":"HEALLILY","Label":"Brand","Locale":"es_ES"},"Manufacturer":{"DisplayValue":"HEALLILY","Label":"Manufacturer","Locale":"es_ES"}},"Title":{"DisplayValue":"HEALLILY Cinturón de Ropa de Cuero Color Sólido Cinturón Casual Jeans sin Terminar Pantalones Cinturón Cinturón de Usos Múltiples Correa para Bolso Tote Diy Proyectos Artesanales","Label":"Title","Locale":"es_ES"}},"Offers":{"Summaries":[{"Condition":{"Value":"New"},"LowestPrice":{"Amount":15.64,"Currency":"EUR","DisplayAmount":"15,64 €"}}]}},{"ASIN":"B0C14WJ6SX","DetailPageURL":"https://www.amazon.es/dp/B0C14WJ6SX?tag=topinalambricos-21&linkCode=osi&th=1&psc=1","Images":{"Primary":{"Small":{"Height":41,"URL":"https://m.media-amazon.com/images/I/51hHAoGfRlL._SL75_.jpg","Width":75}}},"ItemInfo":{"ByLineInfo":{"Brand":{"DisplayValue":"TAHALI","Label":"Brand","Locale":"es_ES"},"Manufacturer":{"DisplayValue":"TAHALI","Label":"Manufacturer","Locale":"es_ES"}},"Title":{"DisplayValue":"Cinturón de Cuero Tallado Artesanal para Mujer Cinturón de Jeans con Personalidad Cuero de Vaca Puro (Tamaño : 10 cm, Estilo : Estilo Tres) (Estilo (Estilo Cuatro 10 cm)","Label":"Title","Locale":"es_ES"}},"Offers":{"Summaries":[{"Condition":{"Value":"New"},"LowestPrice":{"Amount":152.99,"Currency":"EUR","DisplayAmount":"152,99 €"}}]}},{"ASIN":"B0999PVM3X","DetailPageURL":"https://www.amazon.es/dp/B0999PVM3X?tag=topinalambricos-21&linkCode=osi&th=1&psc=1","Images":{"Primary":{"Small":{"Height":75,"URL":"https://m.media-amazon.com/images/I/412iniYLh4S._SL75_.jpg","Width":75}}},"ItemInfo":{"ByLineInfo":{"Brand":{"DisplayValue":"DYXYH","Label":"Brand","Locale":"es_ES"},"Manufacturer":{"DisplayValue":"hyxyd","Label":"Manufacturer","Locale":"es_ES"}},"Title":{"DisplayValue":"DYXYH Cinturón de Cuero Artesanal Tallado Cinturón de Moda Personalidad Jeans Cinturón Pure Cowhide (Size : 115 cm, Style : Style One)","Label":"Title","Locale":"es_ES"}},"Offers":{"Summaries":[{"Condition":{"Value":"New"},"LowestPrice":{"Amount":140.83,"Currency":"EUR","DisplayAmount":"140,83 €"}}]}},{"ASIN":"B09GKZ1X3K","DetailPageURL":"https://www.amazon.es/dp/B09GKZ1X3K?tag=topinalambricos-21&linkCode=osi&th=1&psc=1","Images":{"Primary":{"Small":{"Height":75,"URL":"https://m.media-amazon.com/images/I/41SOagwWx-S._SL75_.jpg","Width":75}}},"ItemInfo":{"ByLineInfo":{"Brand":{"DisplayValue":"Yousiju","Label":"Brand","Locale":"es_ES"},"Manufacturer":{"DisplayValue":"qfpvm","Label":"Manufacturer","Locale":"es_ES"}},"Title":{"DisplayValue":"Yousiju Cinturón de cuero artesanal tallado Cinturón de moda Personalidad Jeans Cinturón Pure Cowhide (Size : 115 cm, Style : Style five)","Label":"Title","Locale":"es_ES"}},"Offers":{"Summaries":[{"Condition":{"Value":"New"},"LowestPrice":{"Amount":196.71,"Currency":"EUR","DisplayAmount":"196,71 €"}}]}},{"ASIN":"B09Q2RLG16","DetailPageURL":"https://www.amazon.es/dp/B09Q2RLG16?tag=topinalambricos-21&linkCode=osi&th=1&psc=1","Images":{"Primary":{"Small":{"Height":75,"URL":"https://m.media-amazon.com/images/I/41MdEyJ00rL._SL75_.jpg","Width":75}}},"ItemInfo":{"ByLineInfo":{"Brand":{"DisplayValue":"KKKeapet","Label":"Brand","Locale":"es_ES"},"Manufacturer":{"DisplayValue":"KKKeapet","Label":"Manufacturer","Locale":"es_ES"}},"Title":{"DisplayValue":"KKKeapet Cinturón de Cuero Artesanal Tallado Cinturón de Moda Personalidad Jeans Cinturón Pure Cowhide (Color : Style One, Size : 115 cm)","Label":"Title","Locale":"es_ES"}},"Offers":{"Summaries":[{"Condition":{"Value":"New"},"LowestPrice":{"Amount":67.12,"Currency":"EUR","DisplayAmount":"67,12 €"}}]}},{"ASIN":"B09PYL3VPM","DetailPageURL":"https://www.amazon.es/dp/B09PYL3VPM?tag=topinalambricos-21&linkCode=osi&th=1&psc=1","Images":{"Primary":{"Small":{"Height":75,"URL":"https://m.media-amazon.com/images/I/41cgNqfTiwL._SL75_.jpg","Width":75}}},"ItemInfo":{"ByLineInfo":{"Brand":{"DisplayValue":"Daraunal","Label":"Brand","Locale":"es_ES"},"Manufacturer":{"DisplayValue":"Daraunal","Label":"Manufacturer","Locale":"es_ES"}},"Title":{"DisplayValue":"Daraunal Cinturón de Cuero Artesanal Tallado Cinturón de Moda Personalidad Jeans Cinturón Pure Cowhide (Color : Style Five, Size : 115 cm)","Label":"Title","Locale":"es_ES"}},"Offers":{"Summaries":[{"Condition":{"Value":"New"},"LowestPrice":{"Amount":70.03,"Currency":"EUR","DisplayAmount":"70,03 €"}}]}},{"ASIN":"B08LDX4DFD","DetailPageURL":"https://www.amazon.es/dp/B08LDX4DFD?tag=topinalambricos-21&linkCode=osi&th=1&psc=1","Images":{"Primary":{"Small":{"Height":75,"URL":"https://m.media-amazon.com/images/I/41RrcgoLMyL._SL75_.jpg","Width":75}}},"ItemInfo":{"ByLineInfo":{"Brand":{"DisplayValue":"KSTYLE","Label":"Brand","Locale":"es_ES"},"Manufacturer":{"DisplayValue":"KSTYLE","Label":"Manufacturer","Locale":"es_ES"}},"Title":{"DisplayValue":"KSTYLE Cinturón Casual de Mujer con Hebilla de Metal Cinturón de Cuero Trenzado Artesanal,Café,105CM","Label":"Title","Locale":"es_ES"}},"Offers":{"Summaries":[{"Condition":{"Value":"New"},"LowestPrice":{"Amount":21.27,"Currency":"EUR","DisplayAmount":"21,27 €"}}]}},{"ASIN":"B09B6BWXL8","DetailPageURL":"https://www.amazon.es/dp/B09B6BWXL8?tag=topinalambricos-21&linkCode=osi&th=1&psc=1","Images":{"Primary":{"Small":{"Height":75,"URL":"https://m.media-amazon.com/images/I/414jbYv8ShS._SL75_.jpg","Width":75}}},"ItemInfo":{"ByLineInfo":{"Brand":{"DisplayValue":"YFQHDD","Label":"Brand","Locale":"es_ES"},"Manufacturer":{"DisplayValue":"csbywkdd","Label":"Manufacturer","Locale":"es_ES"}},"Title":{"DisplayValue":"YFQHDD Cinturón de Cuero Artesanal Tallado Cinturón de Moda Personalidad Jeans Cinturón Pure Cowhide (Size : 115 cm, Style : Style Three)","Label":"Title","Locale":"es_ES"}},"Offers":{"Summaries":[{"Condition":{"Value":"New"},"LowestPrice":{"Amount":206.28,"Currency":"EUR","DisplayAmount":"206,28 €"}}]}}],"SearchURL":"https://www.amazon.es/s?k=cuero+artesanal&rh=n%3A3074238031%2Cp_n_availability%3A-1&tag=topinalambricos-21&linkCode=osi","TotalResultCount":30}},"186":{"SearchResult":{"Items":[{"ASIN":"B094PCK4YX","DetailPageURL":"https://www.amazon.es/dp/B094PCK4YX?tag=topinalambricos-21&linkCode=osi&th=1&psc=1","Images":{"Primary":{"Small":{"Height":56,"URL":"https://m.media-amazon.com/images/I/41J+zy6evHS._SL75_.jpg","Width":75}}},"ItemInfo":{"ByLineInfo":{"Brand":{"DisplayValue":"C.A. CIMBELEROS ARTESANOS IGNACIO ESTEVE","Label":"Brand","Locale":"es_ES"},"Manufacturer":{"DisplayValue":"Cimbeleros Artesanos","Label":"Manufacturer","Locale":"es_ES"}},"Title":{"DisplayValue":"Canana para Cartuchos de Cuero Color Beige, Hecha a Mano","Label":"Title","Locale":"es_ES"}},"Offers":{"Summaries":[{"Condition":{"Value":"New"},"LowestPrice":{"Amount":36.0,"Currency":"EUR","DisplayAmount":"36,00 €"}}]}},{"ASIN":"B094PWBG1F","DetailPageURL":"https://www.amazon.es/dp/B094PWBG1F?tag=topinalambricos-21&linkCode=osi&th=1&psc=1","Images":{"Primary":{"Small":{"Height":56,"URL":"https://m.media-amazon.com/images/I/413C+5WgjRS._SL75_.jpg","Width":75}}},"ItemInfo":{"ByLineInfo":{"Brand":{"DisplayValue":"C.A. CIMBELEROS ARTESANOS IGNACIO ESTEVE","Label":"Brand","Locale":"es_ES"},"Manufacturer":{"DisplayValue":"Cimbeleros Artesanos","Label":"Manufacturer","Locale":"es_ES"}},"Title":{"DisplayValue":"Canana para Cartuchos de Cuero, Hecha a Mano","Label":"Title","Locale":"es_ES"}},"Offers":{"Summaries":[{"Condition":{"Value":"New"},"LowestPrice":{"Amount":36.0,"Currency":"EUR","DisplayAmount":"36,00 €"}}]}},{"ASIN":"B0C62JT6K8","DetailPageURL":"https://www.amazon.es/dp/B0C62JT6K8?tag=topinalambricos-21&linkCode=osi&th=1&psc=1","Images":{"Primary":{"Small":{"Height":29,"URL":"https://m.media-amazon.com/images/I/31asVQtmGUL._SL75_.jpg","Width":75}}},"ItemInfo":{"ByLineInfo":{"Brand":{"DisplayValue":"Articulos de Caza","Label":"Brand","Locale":"es_ES"},"Manufacturer":{"DisplayValue":"Articulos de Caza","Label":"Manufacturer","Locale":"es_ES"}},"Title":{"DisplayValue":"Articulos de Caza Canana de Cuero, Porta Balas para Calibre 300, cananas para Cartuchos, canana Cartuchos. (S)","Label":"Title","Locale":"es_ES"}},"Offers":{"Summaries":[{"Condition":{"Value":"New"},"LowestPrice":{"Amount":94.9,"Currency":"EUR","DisplayAmount":"94,90 €"}}]}},{"ASIN":"B09C3X1MKB","DetailPageURL":"https://www.amazon.es/dp/B09C3X1MKB?tag=topinalambricos-21&linkCode=osi&th=1&psc=1","Images":{"Primary":{"Small":{"Height":75,"URL":"https://m.media-amazon.com/images/I/3186zTCeXHL._SL75_.jpg","Width":75}}},"ItemInfo":{"ByLineInfo":{"Brand":{"DisplayValue":"Tourbn","Label":"Brand","Locale":"es_ES"},"Manufacturer":{"DisplayValue":"tourbonsporting","Label":"Manufacturer","Locale":"es_ES"}},"Title":{"DisplayValue":"TOURBON Cinturón de Cartucho de Cuero marrón Slide 9 Rounds Rifle Ammo Carrier","Label":"Title","Locale":"es_ES"}},"Offers":{"Summaries":[{"Condition":{"Value":"New"},"LowestPrice":{"Amount":17.99,"Currency":"EUR","DisplayAmount":"17,99 €"}}]}},{"ASIN":"B099KQF5WK","DetailPageURL":"https://www.amazon.es/dp/B099KQF5WK?tag=topinalambricos-21&linkCode=osi&th=1&psc=1","Images":{"Primary":{"Small":{"Height":75,"URL":"https://m.media-amazon.com/images/I/41WQgReJqhS._SL75_.jpg","Width":75}}},"ItemInfo":{"ByLineInfo":{"Brand":{"DisplayValue":"Tourbn","Label":"Brand","Locale":"es_ES"},"Manufacturer":{"DisplayValue":"tourbonsporting","Label":"Manufacturer","Locale":"es_ES"}},"Title":{"DisplayValue":"Tourbn TOURBON Cartera de munición de Rifle de Cuero Genuino Bolsa de cinturón de Soporte de Cartucho de Caza","Label":"Title","Locale":"es_ES"}},"Offers":{"Summaries":[{"Condition":{"Value":"New"},"LowestPrice":{"Amount":25.99,"Currency":"EUR","DisplayAmount":"25,99 €"}}]}},{"ASIN":"B099KRLGHJ","DetailPageURL":"https://www.amazon.es/dp/B099KRLGHJ?tag=topinalambricos-21&linkCode=osi&th=1&psc=1","Images":{"Primary":{"Small":{"Height":75,"URL":"https://m.media-amazon.com/images/I/41IZMKLM3CL._SL75_.jpg","Width":75}}},"ItemInfo":{"ByLineInfo":{"Brand":{"DisplayValue":"Tourbn","Label":"Brand","Locale":"es_ES"},"Manufacturer":{"DisplayValue":"tourbonsporting","Label":"Manufacturer","Locale":"es_ES"}},"Title":{"DisplayValue":"TOURBON Cartera de munición de Rifle de Cuero Genuino Soporte de Cartucho de Caza Bolsa de cinturón Marrón","Label":"Title","Locale":"es_ES"}},"Offers":{"Summaries":[{"Condition":{"Value":"New"},"LowestPrice":{"Amount":19.99,"Currency":"EUR","DisplayAmount":"19,99 €"}}]}},{"ASIN":"B0773QXPGN","DetailPageURL":"https://www.amazon.es/dp/B0773QXPGN?tag=topinalambricos-21&linkCode=osi&th=1&psc=1","Images":{"Primary":{"Small":{"Height":49,"URL":"https://m.media-amazon.com/images/I/41g2qQLtqfL._SL75_.jpg","Width":75}}},"ItemInfo":{"ByLineInfo":{"Brand":{"DisplayValue":"VlaMiTex","Label":"Brand","Locale":"es_ES"},"Manufacturer":{"DisplayValue":"VlaMiTex","Label":"Manufacturer","Locale":"es_ES"}},"Title":{"DisplayValue":"VlaMiTex Cartuchera, de Piel auténtica, Calibre 12, Negro/Marrón (Marrón J7, M Teille 87-107)","Label":"Title","Locale":"es_ES"}},"Offers":{"Summaries":[{"Condition":{"Value":"New"},"LowestPrice":{"Amount":64.9,"Currency":"EUR","DisplayAmount":"64,90 €"}}]}},{"ASIN":"B0BV3T6R2L","DetailPageURL":"https://www.amazon.es/dp/B0BV3T6R2L?tag=topinalambricos-21&linkCode=osi&th=1&psc=1","Images":{"Primary":{"Small":{"Height":75,"URL":"https://m.media-amazon.com/images/I/41-w+swPNsL._SL75_.jpg","Width":75}}},"ItemInfo":{"ByLineInfo":{"Brand":{"DisplayValue":"Tourbn","Label":"Brand","Locale":"es_ES"},"Manufacturer":{"DisplayValue":"tourbonsporting","Label":"Manufacturer","Locale":"es_ES"}},"Title":{"DisplayValue":"TOURBON Escopeta Cartucho Cinturón 12ga Cuero Bandolera 25 Conchas Soporte de munición","Label":"Title","Locale":"es_ES"}},"Offers":{"Summaries":[{"Condition":{"Value":"New"},"LowestPrice":{"Amount":62.99,"Currency":"EUR","DisplayAmount":"62,99 €"}}]}},{"ASIN":"B077TD56FZ","DetailPageURL":"https://www.amazon.es/dp/B077TD56FZ?tag=topinalambricos-21&linkCode=osi&th=1&psc=1","Images":{"Primary":{"Small":{"Height":75,"URL":"https://m.media-amazon.com/images/I/41iZEITP++L._SL75_.jpg","Width":42}}},"ItemInfo":{"ByLineInfo":{"Brand":{"DisplayValue":"Jack Pyke","Label":"Brand","Locale":"es_ES"},"Manufacturer":{"DisplayValue":"JACK PYKE","Label":"Manufacturer","Locale":"es_ES"}},"Title":{"DisplayValue":"JACK PYKE - Cartuchera - Cuero - Marrón Oscuro","Label":"Title","Locale":"es_ES"}},"Offers":{"Summaries":[{"Condition":{"Value":"New"},"LowestPrice":{"Amount":37.95,"Currency":"EUR","DisplayAmount":"37,95 €"}}]}},{"ASIN":"B0B3F888XG","DetailPageURL":"https://www.amazon.es/dp/B0B3F888XG?tag=topinalambricos-21&linkCode=osi&th=1&psc=1","Images":{"Primary":{"Small":{"Height":75,"URL":"https://m.media-amazon.com/images/I/41qLwuSdSTL._SL75_.jpg","Width":75}}},"ItemInfo":{"ByLineInfo":{"Brand":{"DisplayValue":"Tourbn","Label":"Brand","Locale":"es_ES"},"Manufacturer":{"DisplayValue":"tourbonsporting","Label":"Manufacturer","Locale":"es_ES"}},"Title":{"DisplayValue":"Tourbn Cinturón de Cartucho de Cuero Real .17 / .22 Soporte de munición Correa de Pistola Ajustable Tamaño XL","Label":"Title","Locale":"es_ES"}},"Offers":{"Summaries":[{"Condition":{"Value":"New"},"LowestPrice":{"Amount":39.98,"Currency":"EUR","DisplayAmount":"39,98 €"}}]}}],"SearchURL":"https://www.amazon.es/s?k=cartuchera+canana+cuero&rh=n%3A2928485031%2Cp_n_availability%3A-1&tag=topinalambricos-21&linkCode=osi","TotalResultCount":178}},"187":{"SearchResult":{"Items":[{"ASIN":"B07MCDPZG4","DetailPageURL":"https://www.amazon.es/dp/B07MCDPZG4?tag=topinalambricos-21&linkCode=osi&th=1&psc=1","Images":{"Primary":{"Small":{"Height":75,"URL":"https://m.media-amazon.com/images/I/31v2C0Pi+tL._SL75_.jpg","Width":33}}},"ItemInfo":{"ByLineInfo":{"Brand":{"DisplayValue":"Rhinegold","Label":"Brand","Locale":"es_ES"},"Manufacturer":{"DisplayValue":"Rhinegold","Label":"Manufacturer","Locale":"es_ES"}},"Title":{"DisplayValue":"Rhinegold Leather 1/2 Chaps-Small-Black Polainas, Negro, S","Label":"Title","Locale":"es_ES"}},"Offers":{"Summaries":[{"Condition":{"Value":"New"},"LowestPrice":{"Amount":39.65,"Currency":"EUR","DisplayAmount":"39,65 €"}},{"Condition":{"Value":"Used"},"LowestPrice":{"Amount":37.31,"Currency":"EUR","DisplayAmount":"37,31 €"}}]}},{"ASIN":"B007EUF6JY","DetailPageURL":"https://www.amazon.es/dp/B007EUF6JY?tag=topinalambricos-21&linkCode=osi&th=1&psc=1","Images":{"Primary":{"Small":{"Height":75,"URL":"https://m.media-amazon.com/images/I/41XPjlD1GQL._SL75_.jpg","Width":49}}},"ItemInfo":{"ByLineInfo":{"Brand":{"DisplayValue":"HKM SPORTS EQUIPMENT","Label":"Brand","Locale":"es_ES"},"Manufacturer":{"DisplayValue":"HKM","Label":"Manufacturer","Locale":"es_ES"}},"Title":{"DisplayValue":"HKM 8585 Comfort Tendón Botas Forros Teddy Piel Sintética Cuero Artificial Anatómica","Label":"Title","Locale":"es_ES"}},"Offers":{"Summaries":[{"Condition":{"Value":"New"},"LowestPrice":{"Amount":27.96,"Currency":"EUR","DisplayAmount":"27,96 €"}}]}},{"ASIN":"B08C9285BL","DetailPageURL":"https://www.amazon.es/dp/B08C9285BL?tag=topinalambricos-21&linkCode=osi&th=1&psc=1","Images":{"Primary":{"Small":{"Height":75,"URL":"https://m.media-amazon.com/images/I/31HJ-nnAD9L._SL75_.jpg","Width":75}}},"ItemInfo":{"ByLineInfo":{"Brand":{"DisplayValue":"AK Riding Sports Ltd","Label":"Brand","Locale":"es_ES"},"Manufacturer":{"DisplayValue":"AK Riding Sports Ltd","Label":"Manufacturer","Locale":"es_ES"}},"Title":{"DisplayValue":"AK - Chapa de equitación de piel de microante lavable (marrón, 14/XXS)","Label":"Title","Locale":"es_ES"}},"Offers":{"Summaries":[{"Condition":{"Value":"New"},"LowestPrice":{"Amount":23.66,"Currency":"EUR","DisplayAmount":"23,66 €"}}]}},{"ASIN":"B00NVRL4U4","DetailPageURL":"https://www.amazon.es/dp/B00NVRL4U4?tag=topinalambricos-21&linkCode=osi&th=1&psc=1","Images":{"Primary":{"Small":{"Height":75,"URL":"https://m.media-amazon.com/images/I/21O6pNt75RL._SL75_.jpg","Width":75}}},"ItemInfo":{"ByLineInfo":{"Brand":{"DisplayValue":"HORZE","Label":"Brand","Locale":"es_ES"},"Manufacturer":{"DisplayValue":"Horze","Label":"Manufacturer","Locale":"es_ES"}},"Title":{"DisplayValue":"HORZE Polainas sintéticas Desta, Negro, XL","Label":"Title","Locale":"es_ES"}},"Offers":{"Summaries":[{"Condition":{"Value":"New"},"LowestPrice":{"Amount":34.95,"Currency":"EUR","DisplayAmount":"34,95 €"}}]}},{"ASIN":"B007Y5YO6A","DetailPageURL":"https://www.amazon.es/dp/B007Y5YO6A?tag=topinalambricos-21&linkCode=osi&th=1&psc=1","Images":{"Primary":{"Small":{"Height":75,"URL":"https://m.media-amazon.com/images/I/41fBf7zX7RL._SL75_.jpg","Width":75}}},"ItemInfo":{"ByLineInfo":{"Brand":{"DisplayValue":"HORZE","Label":"Brand","Locale":"es_ES"},"Manufacturer":{"DisplayValue":"Horze","Label":"Manufacturer","Locale":"es_ES"}},"Title":{"DisplayValue":"HORZE Resistentes Polainas acanaladas de Ante sintético Amara para Clases de equitación, Entrenamiento o para cabalgar por Placer, Negras, Todas Las Tallas, Negro, XL","Label":"Title","Locale":"es_ES"}},"Offers":{"Summaries":[{"Condition":{"Value":"New"},"LowestPrice":{"Amount":34.95,"Currency":"EUR","DisplayAmount":"34,95 €"}}]}},{"ASIN":"B002U6SGW6","DetailPageURL":"https://www.amazon.es/dp/B002U6SGW6?tag=topinalambricos-21&linkCode=osi&th=1&psc=1","Images":{"Primary":{"Small":{"Height":75,"URL":"https://m.media-amazon.com/images/I/41sckxj851L._SL75_.jpg","Width":54}}},"ItemInfo":{"ByLineInfo":{"Brand":{"DisplayValue":"PFIFF","Label":"Brand","Locale":"es_ES"},"Manufacturer":{"DisplayValue":"PFIFF","Label":"Manufacturer","Locale":"es_ES"}},"Title":{"DisplayValue":"PFIFF Leder Chaps pantalón, Unisex, marrón, Small","Label":"Title","Locale":"es_ES"}},"Offers":{"Summaries":[{"Condition":{"Value":"New"},"LowestPrice":{"Amount":66.51,"Currency":"EUR","DisplayAmount":"66,51 €"}}]}},{"ASIN":"B00JLG9YLU","DetailPageURL":"https://www.amazon.es/dp/B00JLG9YLU?tag=topinalambricos-21&linkCode=osi&th=1&psc=1","Images":{"Primary":{"Small":{"Height":75,"URL":"https://m.media-amazon.com/images/I/41j-oxP8roL._SL75_.jpg","Width":75}}},"ItemInfo":{"ByLineInfo":{"Brand":{"DisplayValue":"Riders Trend","Label":"Brand","Locale":"es_ES"},"Manufacturer":{"DisplayValue":"Riders Trend","Label":"Manufacturer","Locale":"es_ES"}},"Title":{"DisplayValue":"Riders Trend 10024174-CHO-XS - Polainas de equitación, Color Chocolate, Talla XS","Label":"Title","Locale":"es_ES"}},"Offers":{"Summaries":[{"Condition":{"Value":"New"},"LowestPrice":{"Amount":39.24,"Currency":"EUR","DisplayAmount":"39,24 €"}}]}},{"ASIN":"B00I46JMB0","DetailPageURL":"https://www.amazon.es/dp/B00I46JMB0?tag=topinalambricos-21&linkCode=osi&th=1&psc=1","Images":{"Primary":{"Small":{"Height":55,"URL":"https://m.media-amazon.com/images/I/31l54c3nbTL._SL75_.jpg","Width":75}}},"ItemInfo":{"ByLineInfo":{"Brand":{"DisplayValue":"Kerbl","Label":"Brand","Locale":"es_ES"},"Manufacturer":{"DisplayValue":"Kerbl","Label":"Manufacturer","Locale":"es_ES"}},"Title":{"DisplayValue":"Kerbl Reitette Classic - Polainas/chaparreras de hípica, Talla 37","Label":"Title","Locale":"es_ES"}},"Offers":{"Summaries":[{"Condition":{"Value":"New"},"LowestPrice":{"Amount":46.73,"Currency":"EUR","DisplayAmount":"46,73 €"}}]}},{"ASIN":"B00I46AW96","DetailPageURL":"https://www.amazon.es/dp/B00I46AW96?tag=topinalambricos-21&linkCode=osi&th=1&psc=1","Images":{"Primary":{"Small":{"Height":75,"URL":"https://m.media-amazon.com/images/I/31qlQG2e3FL._SL75_.jpg","Width":32}}},"ItemInfo":{"ByLineInfo":{"Brand":{"DisplayValue":"Kerbl","Label":"Brand","Locale":"es_ES"},"Manufacturer":{"DisplayValue":"Kerbl","Label":"Manufacturer","Locale":"es_ES"}},"Title":{"DisplayValue":"Kerbl Covalliero ClassicStretch - Polainas de hípica Negro Talla:140","Label":"Title","Locale":"es_ES"}},"Offers":{"Summaries":[{"Condition":{"Value":"New"},"LowestPrice":{"Amount":22.99,"Currency":"EUR","DisplayAmount":"22,99 €"}},{"Condition":{"Value":"Used"},"LowestPrice":{"Amount":14.58,"Currency":"EUR","DisplayAmount":"14,58 €"}}]}},{"ASIN":"B073XPTYCB","DetailPageURL":"https://www.amazon.es/dp/B073XPTYCB?tag=topinalambricos-21&linkCode=osi&th=1&psc=1","Images":{"Primary":{"Small":{"Height":75,"URL":"https://m.media-amazon.com/images/I/41DP1alY8lL._SL75_.jpg","Width":75}}},"ItemInfo":{"ByLineInfo":{"Brand":{"DisplayValue":"Dublin","Label":"Brand","Locale":"es_ES"},"Manufacturer":{"DisplayValue":"Dublin","Label":"Manufacturer","Locale":"es_ES"}},"Title":{"DisplayValue":"Dublin - Media-polainas de piel modelo Fusion para hombre (L) (Negro)","Label":"Title","Locale":"es_ES"}},"Offers":{"Summaries":[{"Condition":{"Value":"New"},"LowestPrice":{"Amount":64.5,"Currency":"EUR","DisplayAmount":"64,50 €"}}]}}],"SearchURL":"https://www.amazon.es/s?k=polaina+cuero+piel&rh=n%3A2928506031%2Cp_n_availability%3A-1&tag=topinalambricos-21&linkCode=osi","TotalResultCount":80}},"188":{"SearchResult":{"Items":[{"ASIN":"B003U6OMQO","DetailPageURL":"https://www.amazon.es/dp/B003U6OMQO?tag=topinalambricos-21&linkCode=osi&th=1&psc=1","Images":{"Primary":{"Small":{"Height":56,"URL":"https://m.media-amazon.com/images/I/419wYiRSN6L._SL75_.jpg","Width":75}}},"ItemInfo":{"ByLineInfo":{"Brand":{"DisplayValue":"BAD","Label":"Brand","Locale":"es_ES"},"Manufacturer":{"DisplayValue":"Bad Company GmbH & Co. KG","Label":"Manufacturer","Locale":"es_ES"}},"Title":{"DisplayValue":"Bad Company | Guantes de fitness The Bat | trainigs Guantes de piel, con muñequera","Label":"Title","Locale":"es_ES"}},"Offers":{"Summaries":[{"Condition":{"Value":"New"},"LowestPrice":{"Amount":19.9,"Currency":"EUR","DisplayAmount":"19,90 €"}}]}}],"SearchURL":"https://www.amazon.es/s?k=cuero+piel&rh=n%3A4347570031%2Cp_n_availability%3A-1&tag=topinalambricos-21&linkCode=osi","TotalResultCount":1}},"189":{"SearchResult":{"Items":[{"ASIN":"B01FH25VNQ","DetailPageURL":"https://www.amazon.es/dp/B01FH25VNQ?tag=topinalambricos-21&linkCode=osi&th=1&psc=1","Images":{"Primary":{"Small":{"Height":75,"URL":"https://m.media-amazon.com/images/I/51CHgmsxBFL._SL75_.jpg","Width":75}}},"ItemInfo":{"ByLineInfo":{"Brand":{"DisplayValue":"Flongo","Label":"Brand","Locale":"es_ES"},"Manufacturer":{"DisplayValue":"Flongo","Label":"Manufacturer","Locale":"es_ES"}},"Title":{"DisplayValue":"Flongo Joyería El Amor Infinito Pulsera de Cuero Hombre Mujer, Diseño Elegante Brazalete Charms, Ajustable de Uso a Diario, 7 Colores Disponibles (Negro)","Label":"Title","Locale":"es_ES"}},"Offers":{"Summaries":[{"Condition":{"Value":"New"},"LowestPrice":{"Amount":9.99,"Currency":"EUR","DisplayAmount":"9,99 €"}}]}},{"ASIN":"B00OODPFOU","DetailPageURL":"https://www.amazon.es/dp/B00OODPFOU?tag=topinalambricos-21&linkCode=osi&th=1&psc=1","Images":{"Primary":{"Small":{"Height":75,"URL":"https://m.media-amazon.com/images/I/410O7RQXnoL._SL75_.jpg","Width":75}}},"ItemInfo":{"ByLineInfo":{"Brand":{"DisplayValue":"Stayoung Jewellery","Label":"Brand","Locale":"es_ES"},"Manufacturer":{"DisplayValue":"Stayoung Jewellery","Label":"Manufacturer","Locale":"es_ES"}},"Title":{"DisplayValue":"Stayoung Jewellery Moda Unisex Acero Inoxidable Cuero Trenzado Pulsera Brazalete Trébol de Cuatro Hojas, Rojo","Label":"Title","Locale":"es_ES"}},"Offers":{"Summaries":[{"Condition":{"Value":"New"},"LowestPrice":{"Amount":7.48,"Currency":"EUR","DisplayAmount":"7,48 €"}}]}},{"ASIN":"B00MF2V7TE","DetailPageURL":"https://www.amazon.es/dp/B00MF2V7TE?tag=topinalambricos-21&linkCode=osi&th=1&psc=1","Images":{"Primary":{"Small":{"Height":75,"URL":"https://m.media-amazon.com/images/I/5196eO9RCeL._SL75_.jpg","Width":75}}},"ItemInfo":{"ByLineInfo":{"Brand":{"DisplayValue":"COOLSTEELANDBEYOND","Label":"Brand","Locale":"es_ES"},"Manufacturer":{"DisplayValue":"COOLSTEELANDBEYOND","Label":"Manufacturer","Locale":"es_ES"}},"Title":{"DisplayValue":"COOLSTEELANDBEYOND Ala Del Angel, Aarios Hilos, MarrOn, Pulsera Cuero Trenzado De Hombre, Tejido Pulsera del Abrigo","Label":"Title","Locale":"es_ES"}},"Offers":{"Summaries":[{"Condition":{"Value":"New"},"LowestPrice":{"Amount":13.99,"Currency":"EUR","DisplayAmount":"13,99 €"}}]}},{"ASIN":"B01C75I2JQ","DetailPageURL":"https://www.amazon.es/dp/B01C75I2JQ?tag=topinalambricos-21&linkCode=osi&th=1&psc=1","Images":{"Primary":{"Small":{"Height":59,"URL":"https://m.media-amazon.com/images/I/41wIKR6ksdL._SL75_.jpg","Width":75}}},"ItemInfo":{"ByLineInfo":{"Brand":{"DisplayValue":"Gusti","Label":"Brand","Locale":"es_ES"}},"Title":{"DisplayValue":"Gusti Leder studio \"Dean Pulsera Brazalete de Cuero 60 cm Bisutería Joyería Marrón Claro 2A100-26-5","Label":"Title","Locale":"es_ES"}},"Offers":{"Summaries":[{"Condition":{"Value":"New"},"LowestPrice":{"Amount":6.95,"Currency":"EUR","DisplayAmount":"6,95 €"}}]}},{"ASIN":"B00OODPC2K","DetailPageURL":"https://www.amazon.es/dp/B00OODPC2K?tag=topinalambricos-21&linkCode=osi&th=1&psc=1","Images":{"Primary":{"Small":{"Height":75,"URL":"https://m.media-amazon.com/images/I/41DfKUBnJ+L._SL75_.jpg","Width":75}}},"ItemInfo":{"ByLineInfo":{"Brand":{"DisplayValue":"Stayoung Jewellery","Label":"Brand","Locale":"es_ES"},"Manufacturer":{"DisplayValue":"Stayoung Jewellery","Label":"Manufacturer","Locale":"es_ES"}},"Title":{"DisplayValue":"Stayoung Jewellery Moda Unisex Acero Inoxidable Cuero Trenzado Pulsera Brazalete Trébol de Cuatro Hojas, Azul","Label":"Title","Locale":"es_ES"}},"Offers":{"Summaries":[{"Condition":{"Value":"New"},"LowestPrice":{"Amount":7.59,"Currency":"EUR","DisplayAmount":"7,59 €"}}]}},{"ASIN":"B00JTSLEP4","DetailPageURL":"https://www.amazon.es/dp/B00JTSLEP4?tag=topinalambricos-21&linkCode=osi&th=1&psc=1","Images":{"Primary":{"Small":{"Height":75,"URL":"https://m.media-amazon.com/images/I/51lrcd0IxcL._SL75_.jpg","Width":75}}},"ItemInfo":{"ByLineInfo":{"Brand":{"DisplayValue":"COOLSTEELANDBEYOND","Label":"Brand","Locale":"es_ES"},"Manufacturer":{"DisplayValue":"COOLSTEELANDBEYOND","Label":"Manufacturer","Locale":"es_ES"}},"Title":{"DisplayValue":"COOLSTEELANDBEYOND Moda, Pulsera de Cuero Hombre, Pulsera del Abrigo, Cuero Genuino Marrón, Diseño Trenzado","Label":"Title","Locale":"es_ES"}},"Offers":{"Summaries":[{"Condition":{"Value":"New"},"LowestPrice":{"Amount":14.97,"Currency":"EUR","DisplayAmount":"14,97 €"}}]}},{"ASIN":"B01LAB35FY","DetailPageURL":"https://www.amazon.es/dp/B01LAB35FY?tag=topinalambricos-21&linkCode=osi&th=1&psc=1","Images":{"Primary":{"Small":{"Height":63,"URL":"https://m.media-amazon.com/images/I/51ZJA9zIPQL._SL75_.jpg","Width":75}}},"ItemInfo":{"ByLineInfo":{"Brand":{"DisplayValue":"Unendlich U","Label":"Brand","Locale":"es_ES"},"Manufacturer":{"DisplayValue":"Infinite U Jewelry","Label":"Manufacturer","Locale":"es_ES"}},"Title":{"DisplayValue":"Unendlich U Infinito U - Pulsera Mujer Hombre de Cuero Pulsera 12 Constelaciones Pulsera Trenzada Piel Aleación Multi Layer Negro Pulseras, 12 Opciones (GÉMINIS)","Label":"Title","Locale":"es_ES"}},"Offers":{"Summaries":[{"Condition":{"Value":"New"},"LowestPrice":{"Amount":12.98,"Currency":"EUR","DisplayAmount":"12,98 €"}}]}},{"ASIN":"B00OODP9AA","DetailPageURL":"https://www.amazon.es/dp/B00OODP9AA?tag=topinalambricos-21&linkCode=osi&th=1&psc=1","Images":{"Primary":{"Small":{"Height":75,"URL":"https://m.media-amazon.com/images/I/41J2wsCawUL._SL75_.jpg","Width":75}}},"ItemInfo":{"ByLineInfo":{"Brand":{"DisplayValue":"Stayoung Jewellery","Label":"Brand","Locale":"es_ES"},"Manufacturer":{"DisplayValue":"Stayoung Jewellery","Label":"Manufacturer","Locale":"es_ES"}},"Title":{"DisplayValue":"Stayoung Jewellery Moda Unisex Acero Inoxidable Cuero Trenzado Pulsera Brazalete Trébol de Cuatro Hojas, Naranja","Label":"Title","Locale":"es_ES"}},"Offers":{"Summaries":[{"Condition":{"Value":"New"},"LowestPrice":{"Amount":7.59,"Currency":"EUR","DisplayAmount":"7,59 €"}}]}},{"ASIN":"B01C2N3KF4","DetailPageURL":"https://www.amazon.es/dp/B01C2N3KF4?tag=topinalambricos-21&linkCode=osi&th=1&psc=1","Images":{"Primary":{"Small":{"Height":75,"URL":"https://m.media-amazon.com/images/I/51htNMveRWL._SL75_.jpg","Width":75}}},"ItemInfo":{"ByLineInfo":{"Brand":{"DisplayValue":"COOLSTEELANDBEYOND","Label":"Brand","Locale":"es_ES"},"Manufacturer":{"DisplayValue":"COOLSTEELANDBEYOND","Label":"Manufacturer","Locale":"es_ES"}},"Title":{"DisplayValue":"COOLSTEELANDBEYOND Cruz - Negro Azul Multi-Hilo Pulsera Cuero Trenzado De Hombre Mujer Muchachos, Tejido Pulsera del Abrigo","Label":"Title","Locale":"es_ES"}},"Offers":{"Summaries":[{"Condition":{"Value":"New"},"LowestPrice":{"Amount":6.99,"Currency":"EUR","DisplayAmount":"6,99 €"}}]}},{"ASIN":"B00KT33780","DetailPageURL":"https://www.amazon.es/dp/B00KT33780?tag=topinalambricos-21&linkCode=osi&th=1&psc=1","Images":{"Primary":{"Small":{"Height":75,"URL":"https://m.media-amazon.com/images/I/51aT6XbU3dL._SL75_.jpg","Width":75}}},"ItemInfo":{"ByLineInfo":{"Brand":{"DisplayValue":"JewelryWe","Label":"Brand","Locale":"es_ES"},"Manufacturer":{"DisplayValue":"JewelryWe","Label":"Manufacturer","Locale":"es_ES"}},"Title":{"DisplayValue":"JewelryWe Joyas Pulsera Mujeres de los Hombres del Punk Rock Estilo Pulsera de Cuero Negro de 11 Pulgadas, Negro (con Bolsa de Regalo)","Label":"Title","Locale":"es_ES"}},"Offers":{"Summaries":[{"Condition":{"Value":"New"},"LowestPrice":{"Amount":5.38,"Currency":"EUR","DisplayAmount":"5,38 €"}}]}}],"SearchURL":"https://www.amazon.es/s?k=cuero&rh=n%3A5874928031%2Cp_n_availability%3A-1&tag=topinalambricos-21&linkCode=osi","TotalResultCount":812}},"190":{"SearchResult":{"Items":[{"ASIN":"B07YHNJR99","DetailPageURL":"https://www.amazon.es/dp/B07YHNJR99?tag=topinalambricos-21&linkCode=osi&th=1&psc=1","Images":{"Primary":{"Small":{"Height":75,"URL":"https://m.media-amazon.com/images/I/516d4Xt52eL._SL75_.jpg","Width":75}}},"ItemInfo":{"ByLineInfo":{"Brand":{"DisplayValue":"Ueither","Label":"Brand","Locale":"es_ES"}},"Title":{"DisplayValue":"Ueither Gorra de Béisbol para Hombre Ajustable Sombrero de Cuero Suave de PU Sombrero Deportivo Al Aire Libre Otoño Invierno","Label":"Title","Locale":"es_ES"}},"Offers":{"Summaries":[{"Condition":{"Value":"New"},"LowestPrice":{"Amount":20.99,"Currency":"EUR","DisplayAmount":"20,99 €"}}]}},{"ASIN":"B075RYS597","DetailPageURL":"https://www.amazon.es/dp/B075RYS597?tag=topinalambricos-21&linkCode=osi&th=1&psc=1","Images":{"Primary":{"Small":{"Height":75,"URL":"https://m.media-amazon.com/images/I/51sKBbC3BOL._SL75_.jpg","Width":75}}},"ItemInfo":{"ByLineInfo":{"Brand":{"DisplayValue":"Roffatide","Label":"Brand","Locale":"es_ES"}},"Title":{"DisplayValue":"Roffatide Hombre Cuero de la PU Gorra de Beisbol Sombrero de Sol Deportes al Aire Libre Otoño e Invierno Marron Oscuro","Label":"Title","Locale":"es_ES"}},"Offers":{"Summaries":[{"Condition":{"Value":"New"},"LowestPrice":{"Amount":17.99,"Currency":"EUR","DisplayAmount":"17,99 €"}}]}},{"ASIN":"B074DSTT9M","DetailPageURL":"https://www.amazon.es/dp/B074DSTT9M?tag=topinalambricos-21&linkCode=osi&th=1&psc=1","Images":{"Primary":{"Small":{"Height":75,"URL":"https://m.media-amazon.com/images/I/41DA+95EhYL._SL75_.jpg","Width":75}}},"ItemInfo":{"ByLineInfo":{"Brand":{"DisplayValue":"Kuyou","Label":"Brand","Locale":"es_ES"}},"Title":{"DisplayValue":"Kuyou Gorra de béisbol unisex clásica de piel sintética para deportes al aire libre, Negro , Talla única","Label":"Title","Locale":"es_ES"}},"Offers":{"Summaries":[{"Condition":{"Value":"New"},"LowestPrice":{"Amount":15.99,"Currency":"EUR","DisplayAmount":"15,99 €"}}]}},{"ASIN":"B07NTBHQ14","DetailPageURL":"https://www.amazon.es/dp/B07NTBHQ14?tag=topinalambricos-21&linkCode=osi&th=1&psc=1","Images":{"Primary":{"Small":{"Height":75,"URL":"https://m.media-amazon.com/images/I/41Bb-heZR3L._SL75_.jpg","Width":63}}},"ItemInfo":{"ByLineInfo":{"Brand":{"DisplayValue":"FocusCare","Label":"Brand","Locale":"es_ES"},"Manufacturer":{"DisplayValue":"FocusCare","Label":"Manufacturer","Locale":"es_ES"}},"Title":{"DisplayValue":"Gorras para el cáncer, para Mujeres con pérdida de Cabello Cuero de bambú Transpirable Cuero cabelludo","Label":"Title","Locale":"es_ES"}},"Offers":{"Summaries":[{"Condition":{"Value":"New"},"LowestPrice":{"Amount":18.99,"Currency":"EUR","DisplayAmount":"18,99 €"}}]}},{"ASIN":"B08NVYLHS4","DetailPageURL":"https://www.amazon.es/dp/B08NVYLHS4?tag=topinalambricos-21&linkCode=osi&th=1&psc=1","Images":{"Primary":{"Small":{"Height":75,"URL":"https://m.media-amazon.com/images/I/41lsxsIptNL._SL75_.jpg","Width":75}}},"ItemInfo":{"ByLineInfo":{"Brand":{"DisplayValue":"Ueither","Label":"Brand","Locale":"es_ES"}},"Title":{"DisplayValue":"Ueither Gorra de Béisbol para Hombre Ajustable Sombrero de Cuero Suave de PU Sombrero Deportivo","Label":"Title","Locale":"es_ES"}},"Offers":{"Summaries":[{"Condition":{"Value":"New"},"LowestPrice":{"Amount":20.99,"Currency":"EUR","DisplayAmount":"20,99 €"}}]}},{"ASIN":"B09KLPKSQ7","DetailPageURL":"https://www.amazon.es/dp/B09KLPKSQ7?tag=topinalambricos-21&linkCode=osi&th=1&psc=1","Images":{"Primary":{"Small":{"Height":75,"URL":"https://m.media-amazon.com/images/I/31heaVrK9kL._SL75_.jpg","Width":75}}},"ItemInfo":{"ByLineInfo":{"Brand":{"DisplayValue":"UKKO","Label":"Brand","Locale":"es_ES"},"Manufacturer":{"DisplayValue":"UKKO","Label":"Manufacturer","Locale":"es_ES"}},"Title":{"DisplayValue":"UKKO Gorras de Hombre Invierno PU Cuero Gorra Mujeres Hombres Sombrero Negro Blanco Rojo Béisbol Gorras Unisex Snapback Golf Sombrero Personalizado Hueso Camionero Gorras","Label":"Title","Locale":"es_ES"}},"Offers":{"Summaries":[{"Condition":{"Value":"New"},"LowestPrice":{"Amount":19.99,"Currency":"EUR","DisplayAmount":"19,99 €"}}]}},{"ASIN":"B07TJG5DVY","DetailPageURL":"https://www.amazon.es/dp/B07TJG5DVY?tag=topinalambricos-21&linkCode=osi&th=1&psc=1","Images":{"Primary":{"Small":{"Height":58,"URL":"https://m.media-amazon.com/images/I/51vre6uavDL._SL75_.jpg","Width":75}}},"ItemInfo":{"ByLineInfo":{"Brand":{"DisplayValue":"Flexfit","Label":"Brand","Locale":"es_ES"},"Manufacturer":{"DisplayValue":"Flexffit","Label":"Manufacturer","Locale":"es_ES"}},"Title":{"DisplayValue":"Flexfit Leather Trucker Gorra, Negro/Negro, Talla única Unisex Adulto","Label":"Title","Locale":"es_ES"}},"Offers":{"Summaries":[{"Condition":{"Value":"New"},"LowestPrice":{"Amount":11.25,"Currency":"EUR","DisplayAmount":"11,25 €"}}]}},{"ASIN":"B078XXNSDS","DetailPageURL":"https://www.amazon.es/dp/B078XXNSDS?tag=topinalambricos-21&linkCode=osi&th=1&psc=1","Images":{"Primary":{"Small":{"Height":50,"URL":"https://m.media-amazon.com/images/I/51E2C7KB9VL._SL75_.jpg","Width":75}}},"ItemInfo":{"ByLineInfo":{"Brand":{"DisplayValue":"Roffatide","Label":"Brand","Locale":"es_ES"}},"Title":{"DisplayValue":"Roffatide Hombres Gorra de Béisbol de Cuero Ajustable Sombreros de Otoño e Invierno Marrón","Label":"Title","Locale":"es_ES"}},"Offers":{"Summaries":[{"Condition":{"Value":"New"},"LowestPrice":{"Amount":33.99,"Currency":"EUR","DisplayAmount":"33,99 €"}}]}},{"ASIN":"B07G9GS1DY","DetailPageURL":"https://www.amazon.es/dp/B07G9GS1DY?tag=topinalambricos-21&linkCode=osi&th=1&psc=1","Images":{"Primary":{"Small":{"Height":75,"URL":"https://m.media-amazon.com/images/I/41cnaNolc1L._SL75_.jpg","Width":75}}},"ItemInfo":{"ByLineInfo":{"Brand":{"DisplayValue":"Blackskies","Label":"Brand","Locale":"es_ES"},"Manufacturer":{"DisplayValue":"Blackskies","Label":"Manufacturer","Locale":"es_ES"}},"Title":{"DisplayValue":"Blackskies Vanguard Gorra Snapback Brown Mujeres Béisbol Hombre Gorra Cap Suede Art Cuero","Label":"Title","Locale":"es_ES"}},"Offers":{"Summaries":[{"Condition":{"Value":"New"},"LowestPrice":{"Amount":34.95,"Currency":"EUR","DisplayAmount":"34,95 €"}}]}},{"ASIN":"B076HCXHPK","DetailPageURL":"https://www.amazon.es/dp/B076HCXHPK?tag=topinalambricos-21&linkCode=osi&th=1&psc=1","Images":{"Primary":{"Small":{"Height":75,"URL":"https://m.media-amazon.com/images/I/51bUt6gubrL._SL75_.jpg","Width":75}}},"ItemInfo":{"ByLineInfo":{"Brand":{"DisplayValue":"Roffatide","Label":"Brand","Locale":"es_ES"}},"Title":{"DisplayValue":"Roffatide Hombre Moleteado Cuero de PU Gorra de Beisbol Sombrero de Sol Otoño e Invierno Ajustable Negro","Label":"Title","Locale":"es_ES"}},"Offers":{"Summaries":[{"Condition":{"Value":"New"},"LowestPrice":{"Amount":19.99,"Currency":"EUR","DisplayAmount":"19,99 €"}}]}}],"SearchURL":"https://www.amazon.es/s?k=gorra+cuero&rh=n%3A2928483031%2Cp_n_availability%3A-1&tag=topinalambricos-21&linkCode=osi","TotalResultCount":1000}},"191":{"SearchResult":{"Items":[{"ASIN":"B07Q3LWW3M","DetailPageURL":"https://www.amazon.es/dp/B07Q3LWW3M?tag=topinalambricos-21&linkCode=osi&th=1&psc=1","Images":{"Primary":{"Small":{"Height":58,"URL":"https://m.media-amazon.com/images/I/41-YhYCZ1RL._SL75_.jpg","Width":75}}},"ItemInfo":{"ByLineInfo":{"Brand":{"DisplayValue":"Scippis","Label":"Brand","Locale":"es_ES"}},"Title":{"DisplayValue":"Scippis Irving Sombrero de Piel Sombrero del Oeste de Australia Sombrero de Vaquero Sombrero (L, Marrón)","Label":"Title","Locale":"es_ES"}},"Offers":{"Summaries":[{"Condition":{"Value":"New"},"LowestPrice":{"Amount":52.22,"Currency":"EUR","DisplayAmount":"52,22 €"}}]}},{"ASIN":"B01D20AJRI","DetailPageURL":"https://www.amazon.es/dp/B01D20AJRI?tag=topinalambricos-21&linkCode=osi&th=1&psc=1","Images":{"Primary":{"Small":{"Height":49,"URL":"https://m.media-amazon.com/images/I/31oASNs2qFL._SL75_.jpg","Width":75}}},"ItemInfo":{"ByLineInfo":{"Brand":{"DisplayValue":"Black Jungle","Label":"Brand","Locale":"es_ES"}},"Title":{"DisplayValue":"Black Jungle Reedley - Sombrero de Vaquero (Marron, S)","Label":"Title","Locale":"es_ES"}},"Offers":{"Summaries":[{"Condition":{"Value":"New"},"LowestPrice":{"Amount":35.91,"Currency":"EUR","DisplayAmount":"35,91 €"}}]}},{"ASIN":"B08WCJQSBP","DetailPageURL":"https://www.amazon.es/dp/B08WCJQSBP?tag=topinalambricos-21&linkCode=osi&th=1&psc=1","Images":{"Primary":{"Small":{"Height":75,"URL":"https://m.media-amazon.com/images/I/51jNV5S4yPL._SL75_.jpg","Width":75}}},"ItemInfo":{"ByLineInfo":{"Brand":{"DisplayValue":"Sidewinder","Label":"Brand","Locale":"es_ES"},"Manufacturer":{"DisplayValue":"SideWinder","Label":"Manufacturer","Locale":"es_ES"}},"Title":{"DisplayValue":"Sidewinder Sombrero de Vaquero Estilo de Cuero moldeable para Hombres y Mujeres Vintage de ala Ancha Occidental","Label":"Title","Locale":"es_ES"}},"Offers":{"Summaries":[{"Condition":{"Value":"New"},"LowestPrice":{"Amount":37.49,"Currency":"EUR","DisplayAmount":"37,49 €"}}]}},{"ASIN":"B098TZFLFW","DetailPageURL":"https://www.amazon.es/dp/B098TZFLFW?tag=topinalambricos-21&linkCode=osi&th=1&psc=1","Images":{"Primary":{"Small":{"Height":49,"URL":"https://m.media-amazon.com/images/I/31fEicSCHzS._SL75_.jpg","Width":75}}},"ItemInfo":{"ByLineInfo":{"Brand":{"DisplayValue":"Black Jungle","Label":"Brand","Locale":"es_ES"}},"Title":{"DisplayValue":"Black Jungle ARAMAC - Sombrero de Piel de Vaquero (M, Charcoal)","Label":"Title","Locale":"es_ES"}},"Offers":{"Summaries":[{"Condition":{"Value":"New"},"LowestPrice":{"Amount":37.95,"Currency":"EUR","DisplayAmount":"37,95 €"}}]}},{"ASIN":"B09CQB36KY","DetailPageURL":"https://www.amazon.es/dp/B09CQB36KY?tag=topinalambricos-21&linkCode=osi&th=1&psc=1","Images":{"Primary":{"Small":{"Height":49,"URL":"https://m.media-amazon.com/images/I/41MexLI4pHL._SL75_.jpg","Width":75}}},"ItemInfo":{"ByLineInfo":{"Brand":{"DisplayValue":"Black Jungle","Label":"Brand","Locale":"es_ES"},"Manufacturer":{"DisplayValue":"Black Jungle","Label":"Manufacturer","Locale":"es_ES"}},"Title":{"DisplayValue":"Black Jungle Bulat - Sombrero de piel de vaquero, diseño occidental, charcoal, XS","Label":"Title","Locale":"es_ES"}},"Offers":{"Summaries":[{"Condition":{"Value":"New"},"LowestPrice":{"Amount":30.83,"Currency":"EUR","DisplayAmount":"30,83 €"}}]}},{"ASIN":"B004OX8L3W","DetailPageURL":"https://www.amazon.es/dp/B004OX8L3W?tag=topinalambricos-21&linkCode=osi&th=1&psc=1","Images":{"Primary":{"Small":{"Height":75,"URL":"https://m.media-amazon.com/images/I/412xgOHu07S._SL75_.jpg","Width":75}}},"ItemInfo":{"ByLineInfo":{"Brand":{"DisplayValue":"Stetson","Label":"Brand","Locale":"es_ES"},"Manufacturer":{"DisplayValue":"Stetson","Label":"Manufacturer","Locale":"es_ES"}},"Title":{"DisplayValue":"Stetson Trilby de Tela Odessa Hombre - Sombrero Oilskin Moda con Forro, Ribete, Ribete Verano/Invierno - M (56-57 cm) marrón","Label":"Title","Locale":"es_ES"}},"Offers":{"Summaries":[{"Condition":{"Value":"New"},"LowestPrice":{"Amount":99.0,"Currency":"EUR","DisplayAmount":"99,00 €"}}]}},{"ASIN":"B097CDVXFK","DetailPageURL":"https://www.amazon.es/dp/B097CDVXFK?tag=topinalambricos-21&linkCode=osi&th=1&psc=1","Images":{"Primary":{"Small":{"Height":75,"URL":"https://m.media-amazon.com/images/I/31cyyNGnvGS._SL75_.jpg","Width":75}}},"ItemInfo":{"ByLineInfo":{"Brand":{"DisplayValue":"Leatherick","Label":"Brand","Locale":"es_ES"}},"Title":{"DisplayValue":"Leatherick Sombrero de Vaquero Impermeable Gamuza Real Marrón Oscuro Estilo Australiano Western Outback Bush Sombrero de Cuero (M, Marrón Oscuro)","Label":"Title","Locale":"es_ES"}},"Offers":{"Summaries":[{"Condition":{"Value":"New"},"LowestPrice":{"Amount":31.99,"Currency":"EUR","DisplayAmount":"31,99 €"}}]}},{"ASIN":"B01MY47RKO","DetailPageURL":"https://www.amazon.es/dp/B01MY47RKO?tag=topinalambricos-21&linkCode=osi&th=1&psc=1","Images":{"Primary":{"Small":{"Height":75,"URL":"https://m.media-amazon.com/images/I/41eWs85hWqL._SL75_.jpg","Width":75}}},"ItemInfo":{"ByLineInfo":{"Brand":{"DisplayValue":"Stetson","Label":"Brand","Locale":"es_ES"},"Manufacturer":{"DisplayValue":"Stetson","Label":"Manufacturer","Locale":"es_ES"}},"Title":{"DisplayValue":"Stetson Pennsylvania Pigskin Porkpie Sombrero de Cuero de Hombre - Sombrero de Cuero de porcino - Pork Pie con Forro - Fedora en Look Desgastado Verano/Invierno Negro M (56-57 cm)","Label":"Title","Locale":"es_ES"}},"Offers":{"Summaries":[{"Condition":{"Value":"New"},"LowestPrice":{"Amount":169.0,"Currency":"EUR","DisplayAmount":"169,00 €"}}]}},{"ASIN":"B099RX9LG2","DetailPageURL":"https://www.amazon.es/dp/B099RX9LG2?tag=topinalambricos-21&linkCode=osi&th=1&psc=1","Images":{"Primary":{"Small":{"Height":53,"URL":"https://m.media-amazon.com/images/I/31aDur-I7nL._SL75_.jpg","Width":75}}},"ItemInfo":{"ByLineInfo":{"Brand":{"DisplayValue":"Walker and Hawkes","Label":"Brand","Locale":"es_ES"},"Manufacturer":{"DisplayValue":"Walker and Hawkes","Label":"Manufacturer","Locale":"es_ES"}},"Title":{"DisplayValue":"Walker and Hawkes Weathered - Sombrero de Vaquero de Estilo clásico - Cuero Vacuno - Marrón - L (59cm)","Label":"Title","Locale":"es_ES"}},"Offers":{"Summaries":[{"Condition":{"Value":"New"},"LowestPrice":{"Amount":87.95,"Currency":"EUR","DisplayAmount":"87,95 €"}}]}},{"ASIN":"B0B86HF8CP","DetailPageURL":"https://www.amazon.es/dp/B0B86HF8CP?tag=topinalambricos-21&linkCode=osi&th=1&psc=1","Images":{"Primary":{"Small":{"Height":75,"URL":"https://m.media-amazon.com/images/I/51DEG-+SjiL._SL75_.jpg","Width":75}}},"ItemInfo":{"ByLineInfo":{"Brand":{"DisplayValue":"MOMOEW","Label":"Brand","Locale":"es_ES"},"Manufacturer":{"DisplayValue":"MOMOEW","Label":"Manufacturer","Locale":"es_ES"}},"Title":{"DisplayValue":"Western Cowboy Riding Cap Sombrero Retro Sombrero Ancho Cuero Hombres Mujeres Cinturón de béisbol Ajuste Trasero","Label":"Title","Locale":"es_ES"}},"Offers":{"Summaries":[{"Condition":{"Value":"New"},"LowestPrice":{"Amount":9.14,"Currency":"EUR","DisplayAmount":"9,14 €"}}]}}],"SearchURL":"https://www.amazon.es/s?k=sombreros+cuero&rh=n%3A3074176031%2Cp_n_availability%3A-1&tag=topinalambricos-21&linkCode=osi","TotalResultCount":1000}},"192":{"SearchResult":{"Items":[{"ASIN":"B07ZTMJYTT","DetailPageURL":"https://www.amazon.es/dp/B07ZTMJYTT?tag=topinalambricos-21&linkCode=osi&th=1&psc=1","Images":{"Primary":{"Small":{"Height":75,"URL":"https://m.media-amazon.com/images/I/41hC8qFA1KL._SL75_.jpg","Width":75}}},"ItemInfo":{"ByLineInfo":{"Brand":{"DisplayValue":"Motesen","Label":"Brand","Locale":"es_ES"},"Manufacturer":{"DisplayValue":"Motesen","Label":"Manufacturer","Locale":"es_ES"}},"Title":{"DisplayValue":"Casco de moto de cuero sintético Retro Vintage Cruiser Chopper Scooter Cafe Racer Moto Casco 3/4 Casco de cara abierta Bubble Visor DOT","Label":"Title","Locale":"es_ES"}},"Offers":{"Summaries":[{"Condition":{"Value":"New"},"LowestPrice":{"Amount":79.99,"Currency":"EUR","DisplayAmount":"79,99 €"}}]}},{"ASIN":"B07ZLWJFN5","DetailPageURL":"https://www.amazon.es/dp/B07ZLWJFN5?tag=topinalambricos-21&linkCode=osi&th=1&psc=1","Images":{"Primary":{"Small":{"Height":58,"URL":"https://m.media-amazon.com/images/I/416KustvifL._SL75_.jpg","Width":75}}},"ItemInfo":{"ByLineInfo":{"Brand":{"DisplayValue":"Motesen","Label":"Brand","Locale":"es_ES"},"Manufacturer":{"DisplayValue":"Motesen","Label":"Manufacturer","Locale":"es_ES"}},"Title":{"DisplayValue":"Casco abierto de motocicleta de cuero Retro Vintage Cruiser Chopper Scooter Cafe Racer Moto Casco 3/4 Casco abierto de cara","Label":"Title","Locale":"es_ES"}},"Offers":{"Summaries":[{"Condition":{"Value":"New"},"LowestPrice":{"Amount":79.32,"Currency":"EUR","DisplayAmount":"79,32 €"}}]}},{"ASIN":"B00OWS5SL2","DetailPageURL":"https://www.amazon.es/dp/B00OWS5SL2?tag=topinalambricos-21&linkCode=osi&th=1&psc=1","Images":{"Primary":{"Small":{"Height":73,"URL":"https://m.media-amazon.com/images/I/41kFuOTsvYL._SL75_.jpg","Width":75}}},"ItemInfo":{"ByLineInfo":{"Brand":{"DisplayValue":"SOXON","Label":"Brand","Locale":"es_ES"},"Manufacturer":{"DisplayValue":"Soxon Helme - UK","Label":"Manufacturer","Locale":"es_ES"}},"Title":{"DisplayValue":"Soxon SP-301-URBAN Casco Demi-Jet Motocicleta, ECE Certificado, Diseño de Cuero, Incluyendo Bolsa de Casco, XS (53-54cm), Negro","Label":"Title","Locale":"es_ES"}},"Offers":{"Summaries":[{"Condition":{"Value":"New"},"LowestPrice":{"Amount":84.99,"Currency":"EUR","DisplayAmount":"84,99 €"}}]}},{"ASIN":"B09LYQHL33","DetailPageURL":"https://www.amazon.es/dp/B09LYQHL33?tag=topinalambricos-21&linkCode=osi&th=1&psc=1","Images":{"Primary":{"Small":{"Height":75,"URL":"https://m.media-amazon.com/images/I/41XhuBqJZ5L._SL75_.jpg","Width":75}}},"ItemInfo":{"ByLineInfo":{"Brand":{"DisplayValue":"MRDAER","Label":"Brand","Locale":"es_ES"},"Manufacturer":{"DisplayValue":"MRDAER","Label":"Manufacturer","Locale":"es_ES"}},"Title":{"DisplayValue":"MRDAER Casco de Moto Vintage Casco de Moto de Cuero Retro Casco clásico de Cara Abierta con Gafas para ciclomotor Cruiser Chopper Scooter ATV ECE Aprobado, (56-61cm)","Label":"Title","Locale":"es_ES"}},"Offers":{"Summaries":[{"Condition":{"Value":"New"},"LowestPrice":{"Amount":51.99,"Currency":"EUR","DisplayAmount":"51,99 €"}}]}},{"ASIN":"B095M66F19","DetailPageURL":"https://www.amazon.es/dp/B095M66F19?tag=topinalambricos-21&linkCode=osi&th=1&psc=1","Images":{"Primary":{"Small":{"Height":75,"URL":"https://m.media-amazon.com/images/I/41njVZL1lGL._SL75_.jpg","Width":75}}},"ItemInfo":{"ByLineInfo":{"Brand":{"DisplayValue":"JianJud","Label":"Brand","Locale":"es_ES"},"Manufacturer":{"DisplayValue":"JianJud","Label":"Manufacturer","Locale":"es_ES"}},"Title":{"DisplayValue":"Casco retro unisex Cara abierta 3/4 Medio casco de cuero Hombres y mujeres Certificado ECE Casco jet vintage para scooter Casco de ciclomotor con visera transparente abatible D,M","Label":"Title","Locale":"es_ES"}},"Offers":{"Summaries":[{"Condition":{"Value":"New"},"LowestPrice":{"Amount":39.88,"Currency":"EUR","DisplayAmount":"39,88 €"}}]}},{"ASIN":"B09HV2XFPL","DetailPageURL":"https://www.amazon.es/dp/B09HV2XFPL?tag=topinalambricos-21&linkCode=osi&th=1&psc=1","Images":{"Primary":{"Small":{"Height":75,"URL":"https://m.media-amazon.com/images/I/51VzjwGr8yS._SL75_.jpg","Width":75}}},"ItemInfo":{"ByLineInfo":{"Brand":{"DisplayValue":"KILCVEM","Label":"Brand","Locale":"es_ES"},"Manufacturer":{"DisplayValue":"KILCVEM","Label":"Manufacturer","Locale":"es_ES"}},"Title":{"DisplayValue":"KILCVEM Casco Moto Jet de Cuero PU, Casco de Cara Abierta de Motocicleta Vintage Harley para Scooter Ciclomotor Monopatín Helicóptero Piloto Crucero con Visera Máscara Gafas,Black-Large","Label":"Title","Locale":"es_ES"}},"Offers":{"Summaries":[{"Condition":{"Value":"New"},"LowestPrice":{"Amount":71.99,"Currency":"EUR","DisplayAmount":"71,99 €"}}]}},{"ASIN":"B07WFHBW1S","DetailPageURL":"https://www.amazon.es/dp/B07WFHBW1S?tag=topinalambricos-21&linkCode=osi&th=1&psc=1","Images":{"Primary":{"Small":{"Height":75,"URL":"https://m.media-amazon.com/images/I/41amPCDF+ML._SL75_.jpg","Width":75}}},"ItemInfo":{"ByLineInfo":{"Brand":{"DisplayValue":"Desconocido","Label":"Brand","Locale":"es_ES"},"Manufacturer":{"DisplayValue":"Motesen","Label":"Manufacturer","Locale":"es_ES"}},"Title":{"DisplayValue":"Cascos de cuero de la PU 3/4 Casco de moto Chopper de motocicleta Casco de moto vintage de cara abierta con máscara de gafas","Label":"Title","Locale":"es_ES"}},"Offers":{"Summaries":[{"Condition":{"Value":"New"},"LowestPrice":{"Amount":76.99,"Currency":"EUR","DisplayAmount":"76,99 €"}}]}},{"ASIN":"B08LV61HQP","DetailPageURL":"https://www.amazon.es/dp/B08LV61HQP?tag=topinalambricos-21&linkCode=osi&th=1&psc=1","Images":{"Primary":{"Small":{"Height":75,"URL":"https://m.media-amazon.com/images/I/4113L7OmjhL._SL75_.jpg","Width":75}}},"ItemInfo":{"ByLineInfo":{"Brand":{"DisplayValue":"ZLYJ","Label":"Brand","Locale":"es_ES"},"Manufacturer":{"DisplayValue":"ZLYJ","Label":"Manufacturer","Locale":"es_ES"}},"Title":{"DisplayValue":"ZLYJ Cuero Piloto Jet Casco, Retro Style Harley Casco Abierto con Visera, Adultos Moto Cascos Helmet Confortable Casco para Street Bike Cruiser Chopper Moped Scooter, ECE Homologado B,M","Label":"Title","Locale":"es_ES"}},"Offers":{"Summaries":[{"Condition":{"Value":"New"},"LowestPrice":{"Amount":57.99,"Currency":"EUR","DisplayAmount":"57,99 €"}}]}},{"ASIN":"B07WGH37M9","DetailPageURL":"https://www.amazon.es/dp/B07WGH37M9?tag=topinalambricos-21&linkCode=osi&th=1&psc=1","Images":{"Primary":{"Small":{"Height":75,"URL":"https://m.media-amazon.com/images/I/418tlhz-llL._SL75_.jpg","Width":75}}},"ItemInfo":{"ByLineInfo":{"Brand":{"DisplayValue":"Desconocido","Label":"Brand","Locale":"es_ES"}},"Title":{"DisplayValue":"Cascos de cuero de la PU 3/4 Casco de moto Chopper de motocicleta Casco de moto vintage de cara abierta con máscara de gafas","Label":"Title","Locale":"es_ES"}},"Offers":{"Summaries":[{"Condition":{"Value":"New"},"LowestPrice":{"Amount":72.99,"Currency":"EUR","DisplayAmount":"72,99 €"}}]}},{"ASIN":"B094NQY4GN","DetailPageURL":"https://www.amazon.es/dp/B094NQY4GN?tag=topinalambricos-21&linkCode=osi&th=1&psc=1","Images":{"Primary":{"Small":{"Height":75,"URL":"https://m.media-amazon.com/images/I/41-yJxwKQOS._SL75_.jpg","Width":71}}},"ItemInfo":{"ByLineInfo":{"Brand":{"DisplayValue":"ZLYJ","Label":"Brand","Locale":"es_ES"},"Manufacturer":{"DisplayValue":"ZLYJ","Label":"Manufacturer","Locale":"es_ES"}},"Title":{"DisplayValue":"ZLYJ Cascos Retro De Motocicleta con Gafas, Cara Abierta 3/4 Casco De Cuero Oldtimer Jet Casco Estilo Alemán Scooter Cruiser Chopper Casco Anticolisión Certificado ECE D,M(55-57cm)","Label":"Title","Locale":"es_ES"}},"Offers":{"Summaries":[{"Condition":{"Value":"New"},"LowestPrice":{"Amount":41.99,"Currency":"EUR","DisplayAmount":"41,99 €"}}]}}],"SearchURL":"https://www.amazon.es/s?k=casco+cuero&rh=p_n_availability%3A-1&tag=topinalambricos-21&linkCode=osi","TotalResultCount":306}},"194":{"SearchResult":{"Items":[{"ASIN":"B07GJLBK9B","DetailPageURL":"https://www.amazon.es/dp/B07GJLBK9B?tag=topinalambricos-21&linkCode=osi&th=1&psc=1","Images":{"Primary":{"Small":{"Height":75,"URL":"https://m.media-amazon.com/images/I/31tOzb2x0LL._SL75_.jpg","Width":28}}},"ItemInfo":{"ByLineInfo":{"Brand":{"DisplayValue":"LEABAGS","Label":"Brand","Locale":"es_ES"}},"Title":{"DisplayValue":"LEABAGS Lewes 1901 Llavero de Cuero de búfalo","Label":"Title","Locale":"es_ES"}},"Offers":{"Summaries":[{"Condition":{"Value":"New"},"LowestPrice":{"Amount":7.95,"Currency":"EUR","DisplayAmount":"7,95 €"}}]}},{"ASIN":"B08D3LS6M9","DetailPageURL":"https://www.amazon.es/dp/B08D3LS6M9?tag=topinalambricos-21&linkCode=osi&th=1&psc=1","Images":{"Primary":{"Small":{"Height":75,"URL":"https://m.media-amazon.com/images/I/41Z40yvBEwL._SL75_.jpg","Width":75}}},"ItemInfo":{"ByLineInfo":{"Brand":{"DisplayValue":"SERASAR","Label":"Brand","Locale":"es_ES"},"Manufacturer":{"DisplayValue":"SERASAR","Label":"Manufacturer","Locale":"es_ES"}},"Title":{"DisplayValue":"SERASAR Llavero de Cuero con Anilla de Acero Inoxidable - Anillas Adicionales para Llaves Pequeñas - Ideal para Llaves de Coche, Motocicleta, Bicicleta y Casa - Con Caja de Regalo para Hombre y Mujer","Label":"Title","Locale":"es_ES"}},"Offers":{"Summaries":[{"Condition":{"Value":"New"},"LowestPrice":{"Amount":16.99,"Currency":"EUR","DisplayAmount":"16,99 €"}}]}},{"ASIN":"B07WWHPVWR","DetailPageURL":"https://www.amazon.es/dp/B07WWHPVWR?tag=topinalambricos-21&linkCode=osi&th=1&psc=1","Images":{"Primary":{"Small":{"Height":75,"URL":"https://m.media-amazon.com/images/I/41AJEOoy8XL._SL75_.jpg","Width":75}}},"ItemInfo":{"ByLineInfo":{"Brand":{"DisplayValue":"Hztyyier","Label":"Brand","Locale":"es_ES"},"Manufacturer":{"DisplayValue":"Hztyyier","Label":"Manufacturer","Locale":"es_ES"}},"Title":{"DisplayValue":"Hztyyier Llavero Colgante de Robot Vintage, Estilo retro punk Llavero de Cuero Trenzado con cordón, Adorno, decoración de la llave del coche Regalo festivo","Label":"Title","Locale":"es_ES"}},"Offers":{"Summaries":[{"Condition":{"Value":"New"},"LowestPrice":{"Amount":13.22,"Currency":"EUR","DisplayAmount":"13,22 €"}}]}},{"ASIN":"B0755DH66V","DetailPageURL":"https://www.amazon.es/dp/B0755DH66V?tag=topinalambricos-21&linkCode=osi&th=1&psc=1","Images":{"Primary":{"Small":{"Height":75,"URL":"https://m.media-amazon.com/images/I/41jQY6-rl7L._SL75_.jpg","Width":75}}},"ItemInfo":{"ByLineInfo":{"Brand":{"DisplayValue":"WINOMO","Label":"Brand","Locale":"es_ES"},"Manufacturer":{"DisplayValue":"WINOMO","Label":"Manufacturer","Locale":"es_ES"}},"Title":{"DisplayValue":"WINOMO Llavero de los Pares Llavero de Cuero Creativo Regalo de Cerradura Dominante Anillo(Plata)","Label":"Title","Locale":"es_ES"}},"Offers":{"Summaries":[{"Condition":{"Value":"New"},"LowestPrice":{"Amount":11.99,"Currency":"EUR","DisplayAmount":"11,99 €"}}]}},{"ASIN":"B09JCMZCQJ","DetailPageURL":"https://www.amazon.es/dp/B09JCMZCQJ?tag=topinalambricos-21&linkCode=osi&th=1&psc=1","Images":{"Primary":{"Small":{"Height":75,"URL":"https://m.media-amazon.com/images/I/41+kuYhLtnL._SL75_.jpg","Width":75}}},"ItemInfo":{"ByLineInfo":{"Brand":{"DisplayValue":"GUGGIARI","Label":"Brand","Locale":"es_ES"}},"Title":{"DisplayValue":"GUGGIARI® Organizador Llaves de Cuero PU y Microfibra - Prácticos Llaveros Originales para Hombre y Mujer - Funda Llaves Ideal para Chaves de Coche, Moto, Casa. (PU - SOLID)","Label":"Title","Locale":"es_ES"}},"Offers":{"Summaries":[{"Condition":{"Value":"New"},"LowestPrice":{"Amount":15.5,"Currency":"EUR","DisplayAmount":"15,50 €"}}]}},{"ASIN":"B09B3THM4C","DetailPageURL":"https://www.amazon.es/dp/B09B3THM4C?tag=topinalambricos-21&linkCode=osi&th=1&psc=1","Images":{"Primary":{"Small":{"Height":75,"URL":"https://m.media-amazon.com/images/I/615KaTvQ+YL._SL75_.jpg","Width":75}}},"ItemInfo":{"ByLineInfo":{"Brand":{"DisplayValue":"Regerly","Label":"Brand","Locale":"es_ES"},"Manufacturer":{"DisplayValue":"Regerly","Label":"Manufacturer","Locale":"es_ES"}},"Title":{"DisplayValue":"NC Llavero de Cuero Trenzado,Regerly 30 Piezas Llavero de Coche Cuero Artificial Correa para Llavero Colgante Llavero Multicolor Unisex","Label":"Title","Locale":"es_ES"}},"Offers":{"Summaries":[{"Condition":{"Value":"New"},"LowestPrice":{"Amount":17.98,"Currency":"EUR","DisplayAmount":"17,98 €"}}]}},{"ASIN":"B0BFWLZYWR","DetailPageURL":"https://www.amazon.es/dp/B0BFWLZYWR?tag=topinalambricos-21&linkCode=osi&th=1&psc=1","Images":{"Primary":{"Small":{"Height":75,"URL":"https://m.media-amazon.com/images/I/314mfkDEfXL._SL75_.jpg","Width":75}}},"ItemInfo":{"ByLineInfo":{"Brand":{"DisplayValue":"Cerbery","Label":"Brand","Locale":"es_ES"}},"Title":{"DisplayValue":"Cerbery - Elegante Llavero de Cuero con Anillos y Caja de Regalo - Anillo Coche Foto Grabado Hombres Regalo Señoras (Negro)","Label":"Title","Locale":"es_ES"}},"Offers":{"Summaries":[{"Condition":{"Value":"New"},"LowestPrice":{"Amount":16.9,"Currency":"EUR","DisplayAmount":"16,90 €"}}]}},{"ASIN":"B09TRH8542","DetailPageURL":"https://www.amazon.es/dp/B09TRH8542?tag=topinalambricos-21&linkCode=osi&th=1&psc=1","Images":{"Primary":{"Small":{"Height":75,"URL":"https://m.media-amazon.com/images/I/41vp-WUNxUL._SL75_.jpg","Width":75}}},"ItemInfo":{"ByLineInfo":{"Brand":{"DisplayValue":"STILORD","Label":"Brand","Locale":"es_ES"},"Manufacturer":{"DisplayValue":"STILORD","Label":"Manufacturer","Locale":"es_ES"}},"Title":{"DisplayValue":"STILORD 'Jean' Estuche Llaves Grande Cuero Llavero Vintage Mini Cartera para Hombres Damas Pequeño Tarjetero RFID Key Organizer Piel Genuina, Color:Negro","Label":"Title","Locale":"es_ES"}},"Offers":{"Summaries":[{"Condition":{"Value":"New"},"LowestPrice":{"Amount":32.9,"Currency":"EUR","DisplayAmount":"32,90 €"}}]}},{"ASIN":"B0B2LQHKWP","DetailPageURL":"https://www.amazon.es/dp/B0B2LQHKWP?tag=topinalambricos-21&linkCode=osi&th=1&psc=1","Images":{"Primary":{"Small":{"Height":75,"URL":"https://m.media-amazon.com/images/I/41d+tjtk0ML._SL75_.jpg","Width":75}}},"ItemInfo":{"ByLineInfo":{"Brand":{"DisplayValue":"LIUJZZJ","Label":"Brand","Locale":"es_ES"},"Manufacturer":{"DisplayValue":"LIUJZZJ","Label":"Manufacturer","Locale":"es_ES"}},"Title":{"DisplayValue":"6 Piezas Llavero Trenzado Correa de Cuero Sintético Cuerda Llavero de Cuero Trenzado Llavero Metal Cuero Artificial Llaveros","Label":"Title","Locale":"es_ES"}},"Offers":{"Summaries":[{"Condition":{"Value":"New"},"LowestPrice":{"Amount":6.99,"Currency":"EUR","DisplayAmount":"6,99 €"}}]}},{"ASIN":"B0827WH6GH","DetailPageURL":"https://www.amazon.es/dp/B0827WH6GH?tag=topinalambricos-21&linkCode=osi&th=1&psc=1","Images":{"Primary":{"Small":{"Height":75,"URL":"https://m.media-amazon.com/images/I/41AJEOoy8XL._SL75_.jpg","Width":75}}},"ItemInfo":{"ByLineInfo":{"Brand":{"DisplayValue":"HEEPDD","Label":"Brand","Locale":"es_ES"},"Manufacturer":{"DisplayValue":"HEEPDD","Label":"Manufacturer","Locale":"es_ES"}},"Title":{"DisplayValue":"HEEPDD Llavero Vintage, llaveros Tejidos a Mano de Cuero de Robot de Metal, Bolso, Colgante de Pareja para Fiesta de Aniversario, graduación","Label":"Title","Locale":"es_ES"}},"Offers":{"Summaries":[{"Condition":{"Value":"New"},"LowestPrice":{"Amount":8.36,"Currency":"EUR","DisplayAmount":"8,36 €"}}]}}],"SearchURL":"https://www.amazon.es/s?k=cuero&rh=n%3A3333729031%2Cp_n_availability%3A-1&tag=topinalambricos-21&linkCode=osi","TotalResultCount":885}},"195":{"SearchResult":{"Items":[{"ASIN":"B09C5BSDRQ","DetailPageURL":"https://www.amazon.es/dp/B09C5BSDRQ?tag=topinalambricos-21&linkCode=osi&th=1&psc=1","Images":{"Primary":{"Small":{"Height":75,"URL":"https://m.media-amazon.com/images/I/41aPCm0BVkL._SL75_.jpg","Width":75}}},"ItemInfo":{"ByLineInfo":{"Brand":{"DisplayValue":"MWJC","Label":"Brand","Locale":"es_ES"},"Manufacturer":{"DisplayValue":"MWJC","Label":"Manufacturer","Locale":"es_ES"}},"Title":{"DisplayValue":"MWJC 4 piezas manijas de cuero muebles tiradores de cajón de cuero Tirador de puerta de armario cuero Tiradores para Cajones Vintage con Tornillos Usado para Muebles de Cocina y Puertas","Label":"Title","Locale":"es_ES"}},"Offers":{"Summaries":[{"Condition":{"Value":"New"},"LowestPrice":{"Amount":8.99,"Currency":"EUR","DisplayAmount":"8,99 €"}}]}},{"ASIN":"B0BK83V469","DetailPageURL":"https://www.amazon.es/dp/B0BK83V469?tag=topinalambricos-21&linkCode=osi&th=1&psc=1","Images":{"Primary":{"Small":{"Height":75,"URL":"https://m.media-amazon.com/images/I/314+97KCe6L._SL75_.jpg","Width":75}}},"ItemInfo":{"ByLineInfo":{"Brand":{"DisplayValue":"truem","Label":"Brand","Locale":"es_ES"},"Manufacturer":{"DisplayValue":"Bantre","Label":"Manufacturer","Locale":"es_ES"}},"Title":{"DisplayValue":"4 Piezas Tiradores Cuero, Pomos Tiradores Cuero, Tirador Cuero, Tiradores De Muebles con Tornillos, para Cocina, BañO, Dormitorio Gabinete (Azul)","Label":"Title","Locale":"es_ES"}},"Offers":{"Summaries":[{"Condition":{"Value":"New"},"LowestPrice":{"Amount":10.99,"Currency":"EUR","DisplayAmount":"10,99 € (2,75 € / unidad)","PricePerUnit":2.75}}]}},{"ASIN":"B0BW99QCVT","DetailPageURL":"https://www.amazon.es/dp/B0BW99QCVT?tag=topinalambricos-21&linkCode=osi&th=1&psc=1","Images":{"Primary":{"Small":{"Height":75,"URL":"https://m.media-amazon.com/images/I/41dlDYX719L._SL75_.jpg","Width":75}}},"ItemInfo":{"ByLineInfo":{"Brand":{"DisplayValue":"Lawen Creative","Label":"Brand","Locale":"es_ES"},"Manufacturer":{"DisplayValue":"Lawen Creative","Label":"Manufacturer","Locale":"es_ES"}},"Title":{"DisplayValue":"4 Tiradores de Cuero Auténtico y Latón para Muebles para Armarios de Cocina Armarios (Marrón Claro, Agujero único)","Label":"Title","Locale":"es_ES"}},"Offers":{"Summaries":[{"Condition":{"Value":"New"},"LowestPrice":{"Amount":10.99,"Currency":"EUR","DisplayAmount":"10,99 €"}}]}},{"ASIN":"B07WTW32FJ","DetailPageURL":"https://www.amazon.es/dp/B07WTW32FJ?tag=topinalambricos-21&linkCode=osi&th=1&psc=1","Images":{"Primary":{"Small":{"Height":75,"URL":"https://m.media-amazon.com/images/I/41MoUBVmyLL._SL75_.jpg","Width":75}}},"ItemInfo":{"ByLineInfo":{"Brand":{"DisplayValue":"SUPVOX","Label":"Brand","Locale":"es_ES"},"Manufacturer":{"DisplayValue":"SUPVOX","Label":"Manufacturer","Locale":"es_ES"}},"Title":{"DisplayValue":"SUPVOX 2 Piezas de cajones de Cuero Tiradores de Maleta prácticos Vintage Tiradores de Cuero para Puerta de gabinete de cajón marrón Claro","Label":"Title","Locale":"es_ES"}},"Offers":{"Summaries":[{"Condition":{"Value":"New"},"LowestPrice":{"Amount":8.99,"Currency":"EUR","DisplayAmount":"8,99 € (4,50 € / unidad)","PricePerUnit":4.5}}]}},{"ASIN":"B088BWWXF3","DetailPageURL":"https://www.amazon.es/dp/B088BWWXF3?tag=topinalambricos-21&linkCode=osi&th=1&psc=1","Images":{"Primary":{"Small":{"Height":42,"URL":"https://m.media-amazon.com/images/I/21HSxIqsAHL._SL75_.jpg","Width":75}}},"ItemInfo":{"ByLineInfo":{"Brand":{"DisplayValue":"Brute Strength","Label":"Brand","Locale":"es_ES"},"Manufacturer":{"DisplayValue":"Brute Strength","Label":"Manufacturer","Locale":"es_ES"}},"Title":{"DisplayValue":"Brute Strength - Tirador de cuero para muebles - Natural - 2 piezas - 20 x 2,5 cm - Asa de armario, Asa de puerta - Asas de cuero, para cocina, baño, armarios, tocador, madera","Label":"Title","Locale":"es_ES"}},"Offers":{"Summaries":[{"Condition":{"Value":"New"},"LowestPrice":{"Amount":15.95,"Currency":"EUR","DisplayAmount":"15,95 € (7,98 € / unidad)","PricePerUnit":7.98}}]}},{"ASIN":"B09996QNYV","DetailPageURL":"https://www.amazon.es/dp/B09996QNYV?tag=topinalambricos-21&linkCode=osi&th=1&psc=1","Images":{"Primary":{"Small":{"Height":63,"URL":"https://m.media-amazon.com/images/I/31WaXw3+hjL._SL75_.jpg","Width":75}}},"ItemInfo":{"ByLineInfo":{"Brand":{"DisplayValue":"YANGWEN","Label":"Brand","Locale":"es_ES"},"Manufacturer":{"DisplayValue":"YANGWEN","Label":"Manufacturer","Locale":"es_ES"}},"Title":{"DisplayValue":"YANGWEN 4 Piezas Tirador Hecho a Mano de Los Muebles del Cuero de la PU, Tiradores de Puerta de cajón de Cuero, Tiradores para Accesorio de Mobilario, Armario, cajón, Puerta.","Label":"Title","Locale":"es_ES"}},"Offers":{"Summaries":[{"Condition":{"Value":"New"},"LowestPrice":{"Amount":9.29,"Currency":"EUR","DisplayAmount":"9,29 €"}}]}},{"ASIN":"B07VXPQRWC","DetailPageURL":"https://www.amazon.es/dp/B07VXPQRWC?tag=topinalambricos-21&linkCode=osi&th=1&psc=1","Images":{"Primary":{"Small":{"Height":75,"URL":"https://m.media-amazon.com/images/I/41K-1rblGrL._SL75_.jpg","Width":75}}},"ItemInfo":{"ByLineInfo":{"Brand":{"DisplayValue":"SUPVOX","Label":"Brand","Locale":"es_ES"},"Manufacturer":{"DisplayValue":"SUPVOX","Label":"Manufacturer","Locale":"es_ES"}},"Title":{"DisplayValue":"SUPVOX 2 Piezas Cueros Tiradores de Cajones Vintages Retros Tiradores Manijas de Maleta Tiradores para Gabinetes Manija de Puerta (Marrón)","Label":"Title","Locale":"es_ES"}},"Offers":{"Summaries":[{"Condition":{"Value":"New"},"LowestPrice":{"Amount":9.59,"Currency":"EUR","DisplayAmount":"9,59 € (4,80 € / unidad)","PricePerUnit":4.8}}]}},{"ASIN":"B08TRFPM22","DetailPageURL":"https://www.amazon.es/dp/B08TRFPM22?tag=topinalambricos-21&linkCode=osi&th=1&psc=1","Images":{"Primary":{"Small":{"Height":75,"URL":"https://m.media-amazon.com/images/I/41checwPBpL._SL75_.jpg","Width":75}}},"ItemInfo":{"ByLineInfo":{"Brand":{"DisplayValue":"YCZCHE14","Label":"Brand","Locale":"es_ES"},"Manufacturer":{"DisplayValue":"YCZCHE14","Label":"Manufacturer","Locale":"es_ES"}},"Title":{"DisplayValue":"YCZCHE14 Muebles de Cuero Manija de La Puerta Perillas de Gabinete de Cuero Tiradores de Cajón de Cuero Tiradores de Piel con Tornillos para Los Muebles del Dormitorio del Cajón del Armario 6 Piezas","Label":"Title","Locale":"es_ES"}},"Offers":{"Summaries":[{"Condition":{"Value":"New"},"LowestPrice":{"Amount":12.99,"Currency":"EUR","DisplayAmount":"12,99 € (3,25 € / unidad)","PricePerUnit":3.25}}]}},{"ASIN":"B0B215JK2P","DetailPageURL":"https://www.amazon.es/dp/B0B215JK2P?tag=topinalambricos-21&linkCode=osi&th=1&psc=1","Images":{"Primary":{"Small":{"Height":75,"URL":"https://m.media-amazon.com/images/I/41RWDGAcNjL._SL75_.jpg","Width":59}}},"ItemInfo":{"ByLineInfo":{"Brand":{"DisplayValue":"QWORK","Label":"Brand","Locale":"es_ES"},"Manufacturer":{"DisplayValue":"QWORK","Label":"Manufacturer","Locale":"es_ES"}},"Title":{"DisplayValue":"QWORK 6 Piezas Tiradores Cuero para Muebles, Tirador de Gabinete Tiradores Tiradores Cajon con Tornillos - 96mm, Beige","Label":"Title","Locale":"es_ES"}},"Offers":{"Summaries":[{"Condition":{"Value":"New"},"LowestPrice":{"Amount":12.99,"Currency":"EUR","DisplayAmount":"12,99 €"}}]}},{"ASIN":"B09VNXB581","DetailPageURL":"https://www.amazon.es/dp/B09VNXB581?tag=topinalambricos-21&linkCode=osi&th=1&psc=1","Images":{"Primary":{"Small":{"Height":75,"URL":"https://m.media-amazon.com/images/I/41C0cagkvyL._SL75_.jpg","Width":75}}},"ItemInfo":{"ByLineInfo":{"Brand":{"DisplayValue":"Sprießen","Label":"Brand","Locale":"es_ES"},"Manufacturer":{"DisplayValue":"Sprießen","Label":"Manufacturer","Locale":"es_ES"}},"Title":{"DisplayValue":"6 Piezas Muebles de Cuero Manija Tiradores de Cuero para Cajones Manija del Gabinete de Cuero Mango de Piel con Tornillos para Cocina Salón Dormitorio Baño, 143x21mm","Label":"Title","Locale":"es_ES"}},"Offers":{"Summaries":[{"Condition":{"Value":"New"},"LowestPrice":{"Amount":14.99,"Currency":"EUR","DisplayAmount":"14,99 €"}}]}}],"SearchURL":"https://www.amazon.es/s?k=cuero&rh=n%3A3049502031%2Cp_n_availability%3A-1&tag=topinalambricos-21&linkCode=osi","TotalResultCount":1000}},"196":{"SearchResult":{"Items":[{"ASIN":"B09YJ44RCT","DetailPageURL":"https://www.amazon.es/dp/B09YJ44RCT?tag=topinalambricos-21&linkCode=osi&th=1&psc=1","Images":{"Primary":{"Small":{"Height":75,"URL":"https://m.media-amazon.com/images/I/31z+J-ydBeL._SL75_.jpg","Width":75}}},"ItemInfo":{"ByLineInfo":{"Brand":{"DisplayValue":"AVANZONA","Label":"Brand","Locale":"es_ES"},"Manufacturer":{"DisplayValue":"AVANZONA","Label":"Manufacturer","Locale":"es_ES"}},"Title":{"DisplayValue":"Correa para Perros de Cuero de Grano Superior Hecho a Mano en España, para Perros pequeños, medianos y Grandes.","Label":"Title","Locale":"es_ES"}},"Offers":{"Summaries":[{"Condition":{"Value":"New"},"LowestPrice":{"Amount":20.99,"Currency":"EUR","DisplayAmount":"20,99 €"}}]}},{"ASIN":"B08TWYVFQR","DetailPageURL":"https://www.amazon.es/dp/B08TWYVFQR?tag=topinalambricos-21&linkCode=osi&th=1&psc=1","Images":{"Primary":{"Small":{"Height":75,"URL":"https://m.media-amazon.com/images/I/413DVMPgN9L._SL75_.jpg","Width":67}}},"ItemInfo":{"ByLineInfo":{"Brand":{"DisplayValue":"Jack & Russell","Label":"Brand","Locale":"es_ES"},"Manufacturer":{"DisplayValue":"Jack & Russell","Label":"Manufacturer","Locale":"es_ES"}},"Title":{"DisplayValue":"Jack & Russell Premium Grasa de Cuero para Perros Travis 2,0m - Correa de Cuero Ajustable múltiples - Travis (Marrón Oscuro)","Label":"Title","Locale":"es_ES"}},"Offers":{"Summaries":[{"Condition":{"Value":"New"},"LowestPrice":{"Amount":26.9,"Currency":"EUR","DisplayAmount":"26,90 €"}}]}},{"ASIN":"B07QNQW58K","DetailPageURL":"https://www.amazon.es/dp/B07QNQW58K?tag=topinalambricos-21&linkCode=osi&th=1&psc=1","Images":{"Primary":{"Small":{"Height":75,"URL":"https://m.media-amazon.com/images/I/41Cmy-B48uS._SL75_.jpg","Width":67}}},"ItemInfo":{"ByLineInfo":{"Brand":{"DisplayValue":"Jack & Russell","Label":"Brand","Locale":"es_ES"},"Manufacturer":{"DisplayValue":"Jack & Russell","Label":"Manufacturer","Locale":"es_ES"}},"Title":{"DisplayValue":"Jack & Russell Correa para Perro de Cuero de Primera Calidad Moritz 1,2m - Correa de Cuero Genuino con mosquetón de Acero Inoxidable o latón (Marrón)","Label":"Title","Locale":"es_ES"}},"Offers":{"Summaries":[{"Condition":{"Value":"New"},"LowestPrice":{"Amount":18.9,"Currency":"EUR","DisplayAmount":"18,90 €"}}]}},{"ASIN":"B07QQYVVH7","DetailPageURL":"https://www.amazon.es/dp/B07QQYVVH7?tag=topinalambricos-21&linkCode=osi&th=1&psc=1","Images":{"Primary":{"Small":{"Height":75,"URL":"https://m.media-amazon.com/images/I/417-coTy4bL._SL75_.jpg","Width":67}}},"ItemInfo":{"ByLineInfo":{"Brand":{"DisplayValue":"Jack & Russell","Label":"Brand","Locale":"es_ES"},"Manufacturer":{"DisplayValue":"Jack & Russell","Label":"Manufacturer","Locale":"es_ES"}},"Title":{"DisplayValue":"Jack & Russell Premium Correa de Perro de Cuero Dexter 2,0m - Correa de Cuero para Perros con mosquetón de latón - Correa de Cuero Genuino múltiples Ajustable (Negro)","Label":"Title","Locale":"es_ES"}},"Offers":{"Summaries":[{"Condition":{"Value":"New"},"LowestPrice":{"Amount":26.9,"Currency":"EUR","DisplayAmount":"26,90 €"}}]}},{"ASIN":"B08TWXBXF1","DetailPageURL":"https://www.amazon.es/dp/B08TWXBXF1?tag=topinalambricos-21&linkCode=osi&th=1&psc=1","Images":{"Primary":{"Small":{"Height":75,"URL":"https://m.media-amazon.com/images/I/31ekXVa5UWL._SL75_.jpg","Width":67}}},"ItemInfo":{"ByLineInfo":{"Brand":{"DisplayValue":"Jack & Russell","Label":"Brand","Locale":"es_ES"},"Manufacturer":{"DisplayValue":"Jack & Russell","Label":"Manufacturer","Locale":"es_ES"}},"Title":{"DisplayValue":"Correa de Cuero de Primera Calidad Shorty 1m - Correa de Cuero para Perros - Correa de Plomo con mosquetón - Shorty (Marrón Oscuro)","Label":"Title","Locale":"es_ES"}},"Offers":{"Summaries":[{"Condition":{"Value":"New"},"LowestPrice":{"Amount":18.9,"Currency":"EUR","DisplayAmount":"18,90 €"}}]}},{"ASIN":"B084Z74FG7","DetailPageURL":"https://www.amazon.es/dp/B084Z74FG7?tag=topinalambricos-21&linkCode=osi&th=1&psc=1","Images":{"Primary":{"Small":{"Height":75,"URL":"https://m.media-amazon.com/images/I/41-5JuWKrbL._SL75_.jpg","Width":75}}},"ItemInfo":{"ByLineInfo":{"Brand":{"DisplayValue":"YOUTHINK","Label":"Brand","Locale":"es_ES"},"Manufacturer":{"DisplayValue":"Poiy","Label":"Manufacturer","Locale":"es_ES"}},"Title":{"DisplayValue":"YOUTHINK Correa Cuero Perro, Correa de Cuero para Perros, 210CM Cable de Entrenamiento para Caminar Deslizante con Cierre de Metal Correa de Cuerda Resistente con asa Cómoda Trenzada","Label":"Title","Locale":"es_ES"}},"Offers":{"Summaries":[{"Condition":{"Value":"New"},"LowestPrice":{"Amount":22.86,"Currency":"EUR","DisplayAmount":"22,86 €"}}]}},{"ASIN":"B079CCZ1ZW","DetailPageURL":"https://www.amazon.es/dp/B079CCZ1ZW?tag=topinalambricos-21&linkCode=osi&th=1&psc=1","Images":{"Primary":{"Small":{"Height":75,"URL":"https://m.media-amazon.com/images/I/51YB9GVa8wL._SL75_.jpg","Width":75}}},"ItemInfo":{"ByLineInfo":{"Brand":{"DisplayValue":"Fdit","Label":"Brand","Locale":"es_ES"},"Manufacturer":{"DisplayValue":"Fdit","Label":"Manufacturer","Locale":"es_ES"}},"Title":{"DisplayValue":"Correa de Cuero Marrón para Perros 7/6/5 Pie 3 Tipos Correa de Cuero para Caminar Entrenamiento en Marcha(1.2m)","Label":"Title","Locale":"es_ES"}},"Offers":{"Summaries":[{"Condition":{"Value":"New"},"LowestPrice":{"Amount":20.43,"Currency":"EUR","DisplayAmount":"20,43 €"}}]}},{"ASIN":"B0041YSMB0","DetailPageURL":"https://www.amazon.es/dp/B0041YSMB0?tag=topinalambricos-21&linkCode=osi&th=1&psc=1","Images":{"Primary":{"Small":{"Height":75,"URL":"https://m.media-amazon.com/images/I/31P8jalYozL._SL75_.jpg","Width":75}}},"ItemInfo":{"ByLineInfo":{"Brand":{"DisplayValue":"Julius-K9","Label":"Brand","Locale":"es_ES"},"Manufacturer":{"DisplayValue":"JULIUS K9","Label":"Manufacturer","Locale":"es_ES"}},"Title":{"DisplayValue":"Julius-K9, Mordedor de cuero, 10 x 2,5 cm, exterior cosido, 1 manija","Label":"Title","Locale":"es_ES"}},"Offers":{"Summaries":[{"Condition":{"Value":"New"},"LowestPrice":{"Amount":4.99,"Currency":"EUR","DisplayAmount":"4,99 €"}}]}},{"ASIN":"B08BW59497","DetailPageURL":"https://www.amazon.es/dp/B08BW59497?tag=topinalambricos-21&linkCode=osi&th=1&psc=1","Images":{"Primary":{"Small":{"Height":75,"URL":"https://m.media-amazon.com/images/I/414VDcgBZqL._SL75_.jpg","Width":67}}},"ItemInfo":{"ByLineInfo":{"Brand":{"DisplayValue":"Jack & Russell","Label":"Brand","Locale":"es_ES"},"Manufacturer":{"DisplayValue":"Jack & Russell","Label":"Manufacturer","Locale":"es_ES"}},"Title":{"DisplayValue":"Jack & Russell Correa de Cuero Charlotte Cuero Real Trenzado - Correa de Perro de Cuero con carabina Correa de Perro Charlotte (1,50 m)","Label":"Title","Locale":"es_ES"}},"Offers":{"Summaries":[{"Condition":{"Value":"New"},"LowestPrice":{"Amount":18.49,"Currency":"EUR","DisplayAmount":"18,49 €"}}]}},{"ASIN":"B07XQJP4SR","DetailPageURL":"https://www.amazon.es/dp/B07XQJP4SR?tag=topinalambricos-21&linkCode=osi&th=1&psc=1","Images":{"Primary":{"Small":{"Height":75,"URL":"https://m.media-amazon.com/images/I/21mf1MsgZpS._SL75_.jpg","Width":75}}},"ItemInfo":{"ByLineInfo":{"Brand":{"DisplayValue":"Trixie","Label":"Brand","Locale":"es_ES"},"Manufacturer":{"DisplayValue":"Trixie","Label":"Manufacturer","Locale":"es_ES"}},"Title":{"DisplayValue":"TRIXIE Correa de cuero engrasado para Perros","Label":"Title","Locale":"es_ES"}},"Offers":{"Summaries":[{"Condition":{"Value":"New"},"LowestPrice":{"Amount":14.99,"Currency":"EUR","DisplayAmount":"14,99 €"}}]}}],"SearchURL":"https://www.amazon.es/s?k=cuero&rh=n%3A13442364031%2Cp_n_availability%3A-1&tag=topinalambricos-21&linkCode=osi","TotalResultCount":1000}},"199":{"SearchResult":{"Items":[{"ASIN":"B09RT9HZZX","DetailPageURL":"https://www.amazon.es/dp/B09RT9HZZX?tag=topinalambricos-21&linkCode=osi&th=1&psc=1","Images":{"Primary":{"Small":{"Height":75,"URL":"https://m.media-amazon.com/images/I/41gyjbtrALL._SL75_.jpg","Width":67}}},"ItemInfo":{"ByLineInfo":{"Brand":{"DisplayValue":"Outdoorking","Label":"Brand","Locale":"es_ES"},"Manufacturer":{"DisplayValue":"Outdoorking","Label":"Manufacturer","Locale":"es_ES"}},"Title":{"DisplayValue":"Fundas Asientos Coche Funda Asiento Coche Cuero Genuino para Land Rover para Discovery para Freelander para Range Rover para Evoque para Range Rover Sport Protector Asiento Coche (Color : Negro)","Label":"Title","Locale":"es_ES"}},"Offers":{"Summaries":[{"Condition":{"Value":"New"},"LowestPrice":{"Amount":530.32,"Currency":"EUR","DisplayAmount":"530,32 €"}}]}},{"ASIN":"B08GL7W6N5","DetailPageURL":"https://www.amazon.es/dp/B08GL7W6N5?tag=topinalambricos-21&linkCode=osi&th=1&psc=1","Images":{"Primary":{"Small":{"Height":75,"URL":"https://m.media-amazon.com/images/I/51wA5KZysoL._SL75_.jpg","Width":75}}},"ItemInfo":{"ByLineInfo":{"Brand":{"DisplayValue":"JDWBT","Label":"Brand","Locale":"es_ES"},"Manufacturer":{"DisplayValue":"Lgan","Label":"Manufacturer","Locale":"es_ES"}},"Title":{"DisplayValue":"JDWBT Fundas Asientos Coche Cuero, Universal Juego de Fundas para Asientos de Coche, Funda Asiento para Delantero Trasero Completo 5 Asientos (Beige)","Label":"Title","Locale":"es_ES"}},"Offers":{"Summaries":[{"Condition":{"Value":"New"},"LowestPrice":{"Amount":179.88,"Currency":"EUR","DisplayAmount":"179,88 €"}}]}},{"ASIN":"B08L95SYRV","DetailPageURL":"https://www.amazon.es/dp/B08L95SYRV?tag=topinalambricos-21&linkCode=osi&th=1&psc=1","Images":{"Primary":{"Small":{"Height":75,"URL":"https://m.media-amazon.com/images/I/51x+erffwHS._SL75_.jpg","Width":75}}},"ItemInfo":{"ByLineInfo":{"Brand":{"DisplayValue":"Hunulu","Label":"Brand","Locale":"es_ES"},"Manufacturer":{"DisplayValue":"Hunulu","Label":"Manufacturer","Locale":"es_ES"}},"Title":{"DisplayValue":"Juego De Fundas De Cuero para Asiento De Coche para Citroen C-Elysee C-Triomph C2 C3-XR C4 C5 C6 C4-Aircross C4 Picasso DS5 DS6 DS 5LS, Balck Red Standard,","Label":"Title","Locale":"es_ES"}},"Offers":{"Summaries":[{"Condition":{"Value":"New"},"LowestPrice":{"Amount":139.0,"Currency":"EUR","DisplayAmount":"139,00 €"}}]}},{"ASIN":"B09PZTT872","DetailPageURL":"https://www.amazon.es/dp/B09PZTT872?tag=topinalambricos-21&linkCode=osi&th=1&psc=1","Images":{"Primary":{"Small":{"Height":75,"URL":"https://m.media-amazon.com/images/I/511fZ1nBPPL._SL75_.jpg","Width":75}}},"ItemInfo":{"ByLineInfo":{"Brand":{"DisplayValue":"JKSM","Label":"Brand","Locale":"es_ES"},"Manufacturer":{"DisplayValue":"JKSM","Label":"Manufacturer","Locale":"es_ES"}},"Title":{"DisplayValue":"JKSM Fundas Asientos Coche Fundas Asiento Coche para Ford para Focus para Fiesta para Mustang para Edge para Escape para Mondeo para Kuga para S-MAX para Ranger Protector Funda Asiento Coche","Label":"Title","Locale":"es_ES"}},"Offers":{"Summaries":[{"Condition":{"Value":"New"},"LowestPrice":{"Amount":586.47,"Currency":"EUR","DisplayAmount":"586,47 €"}}]}},{"ASIN":"B07HB18P22","DetailPageURL":"https://www.amazon.es/dp/B07HB18P22?tag=topinalambricos-21&linkCode=osi&th=1&psc=1","Images":{"Primary":{"Small":{"Height":75,"URL":"https://m.media-amazon.com/images/I/41V2iBA4BcL._SL75_.jpg","Width":75}}},"ItemInfo":{"ByLineInfo":{"Brand":{"DisplayValue":"AUTO HIGH","Label":"Brand","Locale":"es_ES"},"Manufacturer":{"DisplayValue":"AUTO HIGH","Label":"Manufacturer","Locale":"es_ES"}},"Title":{"DisplayValue":"AUTO HIGH Juegos de Fundas para Asientos de Coche Universales, Cubiertas de Asiento de Auto de Cuero Artificial, Protector para Asientos Delanteros y Traseros de Automóviles Negro #1","Label":"Title","Locale":"es_ES"}},"Offers":{"Summaries":[{"Condition":{"Value":"New"},"LowestPrice":{"Amount":69.99,"Currency":"EUR","DisplayAmount":"69,99 €"}}]}},{"ASIN":"B095YMRJ8D","DetailPageURL":"https://www.amazon.es/dp/B095YMRJ8D?tag=topinalambricos-21&linkCode=osi&th=1&psc=1","Images":{"Primary":{"Small":{"Height":75,"URL":"https://m.media-amazon.com/images/I/516+uPp0FAS._SL75_.jpg","Width":75}}},"ItemInfo":{"ByLineInfo":{"Brand":{"DisplayValue":"Coverado","Label":"Brand","Locale":"es_ES"},"Manufacturer":{"DisplayValue":"Coverado","Label":"Manufacturer","Locale":"es_ES"}},"Title":{"DisplayValue":"Coverado Fundas para Asientos Delanteros y Traseros, 5 Piezas, Juego Completo de Protectores de Asiento de automóvil de Cuero Nappa a Prueba de Agua, Accesorios universales, Color Negro","Label":"Title","Locale":"es_ES"}},"Offers":{"Summaries":[{"Condition":{"Value":"New"},"LowestPrice":{"Amount":249.98,"Currency":"EUR","DisplayAmount":"249,98 €"}}]}},{"ASIN":"B0BQ3DS6DL","DetailPageURL":"https://www.amazon.es/dp/B0BQ3DS6DL?tag=topinalambricos-21&linkCode=osi&th=1&psc=1","Images":{"Primary":{"Small":{"Height":75,"URL":"https://m.media-amazon.com/images/I/51GyuXIngpL._SL75_.jpg","Width":75}}},"ItemInfo":{"ByLineInfo":{"Brand":{"DisplayValue":"Lievilbat","Label":"Brand","Locale":"es_ES"},"Manufacturer":{"DisplayValue":"Lievilbat","Label":"Manufacturer","Locale":"es_ES"}},"Title":{"DisplayValue":"Lievilbat Funda de Asiento para KIA Sportage,Juego Completo de Fundas de Cuero Impermeables para Los Asientos Delanteros y Traseros (Negro Rojo)","Label":"Title","Locale":"es_ES"}},"Offers":{"Summaries":[{"Condition":{"Value":"New"},"LowestPrice":{"Amount":189.0,"Currency":"EUR","DisplayAmount":"189,00 €"}}]}},{"ASIN":"B09N32M6VP","DetailPageURL":"https://www.amazon.es/dp/B09N32M6VP?tag=topinalambricos-21&linkCode=osi&th=1&psc=1","Images":{"Primary":{"Small":{"Height":75,"URL":"https://m.media-amazon.com/images/I/51arJNkNHlL._SL75_.jpg","Width":75}}},"ItemInfo":{"ByLineInfo":{"Brand":{"DisplayValue":"Easeadd","Label":"Brand","Locale":"es_ES"},"Manufacturer":{"DisplayValue":"EKRAutoproducts","Label":"Manufacturer","Locale":"es_ES"}},"Title":{"DisplayValue":"Easeadd Cuero Fundas de Asiento a Medida para VW Tiguan 2016-2022 Trendline - Negro","Label":"Title","Locale":"es_ES"}},"Offers":{"Summaries":[{"Condition":{"Value":"New"},"LowestPrice":{"Amount":285.0,"Currency":"EUR","DisplayAmount":"285,00 €"}}]}},{"ASIN":"B09W8TRK48","DetailPageURL":"https://www.amazon.es/dp/B09W8TRK48?tag=topinalambricos-21&linkCode=osi&th=1&psc=1","Images":{"Primary":{"Small":{"Height":75,"URL":"https://m.media-amazon.com/images/I/61sklGp7FxL._SL75_.jpg","Width":75}}},"ItemInfo":{"ByLineInfo":{"Brand":{"DisplayValue":"ZJMYHJ","Label":"Brand","Locale":"es_ES"},"Manufacturer":{"DisplayValue":"ZJMYHJ","Label":"Manufacturer","Locale":"es_ES"}},"Title":{"DisplayValue":"Set Cuero Fundas de Asiento de Coche para BMW 3 Series E46 E90 E93 F30 F31 F34, para Delanteros y Traseros, Accesorios Interior","Label":"Title","Locale":"es_ES"}},"Offers":{"Summaries":[{"Condition":{"Value":"New"},"LowestPrice":{"Amount":246.99,"Currency":"EUR","DisplayAmount":"246,99 €"}}]}},{"ASIN":"B097XKCRW1","DetailPageURL":"https://www.amazon.es/dp/B097XKCRW1?tag=topinalambricos-21&linkCode=osi&th=1&psc=1","Images":{"Primary":{"Small":{"Height":75,"URL":"https://m.media-amazon.com/images/I/51QL93IdCFS._SL75_.jpg","Width":75}}},"ItemInfo":{"ByLineInfo":{"Brand":{"DisplayValue":"Coverado","Label":"Brand","Locale":"es_ES"},"Manufacturer":{"DisplayValue":"Coverado","Label":"Manufacturer","Locale":"es_ES"}},"Title":{"DisplayValue":"Coverado Fundas para Asientos Delanteros y Traseros, 5 Piezas, Juego Completo de Protectores de Asiento de Coche de Cuero y Tela Transpirable, Color Negro","Label":"Title","Locale":"es_ES"}},"Offers":{"Summaries":[{"Condition":{"Value":"New"},"LowestPrice":{"Amount":239.99,"Currency":"EUR","DisplayAmount":"239,99 €"}}]}}],"SearchURL":"https://www.amazon.es/s?k=funda+cuero+asiento&rh=p_n_availability%3A-1&tag=topinalambricos-21&linkCode=osi","TotalResultCount":306}},"200":{"SearchResult":{"Items":[{"ASIN":"B07JG75HCR","DetailPageURL":"https://www.amazon.es/dp/B07JG75HCR?tag=topinalambricos-21&linkCode=osi&th=1&psc=1","Images":{"Primary":{"Small":{"Height":75,"URL":"https://m.media-amazon.com/images/I/51T3B1O3J-L._SL75_.jpg","Width":75}}},"ItemInfo":{"ByLineInfo":{"Brand":{"DisplayValue":"Mayco Bell","Label":"Brand","Locale":"es_ES"},"Manufacturer":{"DisplayValue":"Mayco Bell","Label":"Manufacturer","Locale":"es_ES"}},"Title":{"DisplayValue":"Bricolaje Cubiertas del Volante de Cuero Suave en el Volante del automóvil con Aguja e Hilo Accesorios de Interior Rojo","Label":"Title","Locale":"es_ES"}},"Offers":{"Summaries":[{"Condition":{"Value":"New"},"LowestPrice":{"Amount":13.98,"Currency":"EUR","DisplayAmount":"13,98 €"}}]}},{"ASIN":"B08W3WNRTJ","DetailPageURL":"https://www.amazon.es/dp/B08W3WNRTJ?tag=topinalambricos-21&linkCode=osi&th=1&psc=1","Images":{"Primary":{"Small":{"Height":75,"URL":"https://m.media-amazon.com/images/I/41hwCRaBSzL._SL75_.jpg","Width":75}}},"ItemInfo":{"ByLineInfo":{"Brand":{"DisplayValue":"SEG Direct","Label":"Brand","Locale":"es_ES"},"Manufacturer":{"DisplayValue":"SEG Direct","Label":"Manufacturer","Locale":"es_ES"}},"Title":{"DisplayValue":"SEG Direct Funda para Volante de Piel Auténtica, Cosida Sobre Envoltura, para Volantes Redondos y Tipo D de 37-39 cm, Negro","Label":"Title","Locale":"es_ES"}},"Offers":{"Summaries":[{"Condition":{"Value":"New"},"LowestPrice":{"Amount":22.99,"Currency":"EUR","DisplayAmount":"22,99 €"}}]}},{"ASIN":"B0BY556K41","DetailPageURL":"https://www.amazon.es/dp/B0BY556K41?tag=topinalambricos-21&linkCode=osi&th=1&psc=1","Images":{"Primary":{"Small":{"Height":75,"URL":"https://m.media-amazon.com/images/I/51fkT5+tkHL._SL75_.jpg","Width":64}}},"ItemInfo":{"ByLineInfo":{"Brand":{"DisplayValue":"Zawaer","Label":"Brand","Locale":"es_ES"},"Manufacturer":{"DisplayValue":"Zawaer","Label":"Manufacturer","Locale":"es_ES"}},"Title":{"DisplayValue":"Zawaer Funda Volante Coche, Universal 37-39 cm Cubierta Volante de Cuero de Microfibra, Antideslizante, Suave Adecuado para Todas Las Estaciones (con Bote de Basura para Coche)","Label":"Title","Locale":"es_ES"}},"Offers":{"Summaries":[{"Condition":{"Value":"New"},"LowestPrice":{"Amount":10.49,"Currency":"EUR","DisplayAmount":"10,49 €"}}]}},{"ASIN":"B0BD8H28WT","DetailPageURL":"https://www.amazon.es/dp/B0BD8H28WT?tag=topinalambricos-21&linkCode=osi&th=1&psc=1","Images":{"Primary":{"Small":{"Height":75,"URL":"https://m.media-amazon.com/images/I/41gEVz6+vzL._SL75_.jpg","Width":75}}},"ItemInfo":{"ByLineInfo":{"Brand":{"DisplayValue":"DALLAR","Label":"Brand","Locale":"es_ES"},"Manufacturer":{"DisplayValue":"DALLAR","Label":"Manufacturer","Locale":"es_ES"}},"Title":{"DisplayValue":"Funda Volante Coche Cosida de Microfibra de Cuero (37-38 cm) - Funda Volante Coche Universal - Funda de Volante de Coche - Funda para Volante Coche (Funda Negra de Microfibra de Cuero)","Label":"Title","Locale":"es_ES"}},"Offers":{"Summaries":[{"Condition":{"Value":"New"},"LowestPrice":{"Amount":10.99,"Currency":"EUR","DisplayAmount":"10,99 €"}}]}},{"ASIN":"B08H7RTMF3","DetailPageURL":"https://www.amazon.es/dp/B08H7RTMF3?tag=topinalambricos-21&linkCode=osi&th=1&psc=1","Images":{"Primary":{"Small":{"Height":75,"URL":"https://m.media-amazon.com/images/I/519sPpTX2GL._SL75_.jpg","Width":75}}},"ItemInfo":{"ByLineInfo":{"Brand":{"DisplayValue":"Vintree","Label":"Brand","Locale":"es_ES"},"Manufacturer":{"DisplayValue":"Vintree","Label":"Manufacturer","Locale":"es_ES"}},"Title":{"DisplayValue":"Vintree Cubierta de Volante de Cuero de Microfibra Negro Bricolaje Cubiertas del Volante en el Volante del automóvil con Aguja e Hilo Accesorios de Interior Coche Fundas para Volante Comodidad","Label":"Title","Locale":"es_ES"}},"Offers":{"Summaries":[{"Condition":{"Value":"New"},"LowestPrice":{"Amount":9.99,"Currency":"EUR","DisplayAmount":"9,99 €"}}]}},{"ASIN":"B07PV9LQ66","DetailPageURL":"https://www.amazon.es/dp/B07PV9LQ66?tag=topinalambricos-21&linkCode=osi&th=1&psc=1","Images":{"Primary":{"Small":{"Height":75,"URL":"https://m.media-amazon.com/images/I/41HN7ORd5JL._SL75_.jpg","Width":75}}},"ItemInfo":{"ByLineInfo":{"Brand":{"DisplayValue":"Pahajim","Label":"Brand","Locale":"es_ES"},"Manufacturer":{"DisplayValue":"china","Label":"Manufacturer","Locale":"es_ES"}},"Title":{"DisplayValue":"Pahajim Funda Volante Coche de Cuero Tipo D 38CM / 15 '' con Durabilidad Seguridad Antideslizante Protector Volante Coche de Fondo Plano para Hombres y Mujeres (Rojo)","Label":"Title","Locale":"es_ES"}},"Offers":{"Summaries":[{"Condition":{"Value":"New"},"LowestPrice":{"Amount":19.99,"Currency":"EUR","DisplayAmount":"19,99 €"}}]}},{"ASIN":"B08F9NB7HP","DetailPageURL":"https://www.amazon.es/dp/B08F9NB7HP?tag=topinalambricos-21&linkCode=osi&th=1&psc=1","Images":{"Primary":{"Small":{"Height":75,"URL":"https://m.media-amazon.com/images/I/51jlgFmaPfL._SL75_.jpg","Width":75}}},"ItemInfo":{"ByLineInfo":{"Brand":{"DisplayValue":"FREESOO","Label":"Brand","Locale":"es_ES"},"Manufacturer":{"DisplayValue":"FREESOO","Label":"Manufacturer","Locale":"es_ES"}},"Title":{"DisplayValue":"FREESOO Funda Volante Coche Cubierta de Volante de Cuero de Microfibra Antideslizante Suave Universal 37-38 cm Automóvil Adecuado para Todas Las Estaciones Elegante","Label":"Title","Locale":"es_ES"}},"Offers":{"Summaries":[{"Condition":{"Value":"New"},"LowestPrice":{"Amount":19.99,"Currency":"EUR","DisplayAmount":"19,99 €"}}]}},{"ASIN":"B072JGKPBB","DetailPageURL":"https://www.amazon.es/dp/B072JGKPBB?tag=topinalambricos-21&linkCode=osi&th=1&psc=1","Images":{"Primary":{"Small":{"Height":75,"URL":"https://m.media-amazon.com/images/I/51apSpHLd3L._SL75_.jpg","Width":75}}},"ItemInfo":{"ByLineInfo":{"Brand":{"DisplayValue":"COFIT","Label":"Brand","Locale":"es_ES"},"Manufacturer":{"DisplayValue":"FITAM","Label":"Manufacturer","Locale":"es_ES"}},"Title":{"DisplayValue":"COFIT Cubierta de Volante de Cuero Transpirable y Antideslizante de Microfibra de Cuero M 37-39cm Negro","Label":"Title","Locale":"es_ES"}},"Offers":{"Summaries":[{"Condition":{"Value":"New"},"LowestPrice":{"Amount":19.99,"Currency":"EUR","DisplayAmount":"19,99 €"}}]}},{"ASIN":"B09TFG7BVN","DetailPageURL":"https://www.amazon.es/dp/B09TFG7BVN?tag=topinalambricos-21&linkCode=osi&th=1&psc=1","Images":{"Primary":{"Small":{"Height":75,"URL":"https://m.media-amazon.com/images/I/41CEk30S-lL._SL75_.jpg","Width":75}}},"ItemInfo":{"ByLineInfo":{"Brand":{"DisplayValue":"NenNicht","Label":"Brand","Locale":"es_ES"},"Manufacturer":{"DisplayValue":"NenNicht","Label":"Manufacturer","Locale":"es_ES"}},"Title":{"DisplayValue":"Funda Volante Coche Microfibra Cuero, Funda Volante Coche Universal Antideslizante, Tarea Pesada Funda Volante Transpirable Durable 37-38cm / 15\" (Negro Rojo)","Label":"Title","Locale":"es_ES"}},"Offers":{"Summaries":[{"Condition":{"Value":"New"},"LowestPrice":{"Amount":19.86,"Currency":"EUR","DisplayAmount":"19,86 €"}}]}},{"ASIN":"B08RP1ZK4V","DetailPageURL":"https://www.amazon.es/dp/B08RP1ZK4V?tag=topinalambricos-21&linkCode=osi&th=1&psc=1","Images":{"Primary":{"Small":{"Height":75,"URL":"https://m.media-amazon.com/images/I/515TMdbYICL._SL75_.jpg","Width":75}}},"ItemInfo":{"ByLineInfo":{"Brand":{"DisplayValue":"Vintree","Label":"Brand","Locale":"es_ES"},"Manufacturer":{"DisplayValue":"Vintree","Label":"Manufacturer","Locale":"es_ES"}},"Title":{"DisplayValue":"Vintree Bricolaje Cubiertas del Volante Microfibra de Cuero Suave en el Volante del automóvil con Aguja e Hilo Accesorios de Interior Transpirable y Antideslizante de Microfibra de Cuero Negro","Label":"Title","Locale":"es_ES"}},"Offers":{"Summaries":[{"Condition":{"Value":"New"},"LowestPrice":{"Amount":9.99,"Currency":"EUR","DisplayAmount":"9,99 €"}}]}}],"SearchURL":"https://www.amazon.es/s?k=funda+cuero+volante&rh=p_n_availability%3A-1&tag=topinalambricos-21&linkCode=osi","TotalResultCount":306}},"201":{"SearchResult":{"Items":[{"ASIN":"B092VDM15J","DetailPageURL":"https://www.amazon.es/dp/B092VDM15J?tag=topinalambricos-21&linkCode=osi&th=1&psc=1","Images":{"Primary":{"Small":{"Height":75,"URL":"https://m.media-amazon.com/images/I/41LwkJpTuSS._SL75_.jpg","Width":75}}},"ItemInfo":{"ByLineInfo":{"Brand":{"DisplayValue":"hengwin","Label":"Brand","Locale":"es_ES"},"Manufacturer":{"DisplayValue":"Hengwin","Label":"Manufacturer","Locale":"es_ES"}},"Title":{"DisplayValue":"Hengwin Cuero Genuino Clip de Cinturón Funda Horizontal iPhone 13 14 Pro MAX X XS MAX XR 7 8 6s Funda de Cintura para Teléfonos Grandes","Label":"Title","Locale":"es_ES"}},"Offers":{"Summaries":[{"Condition":{"Value":"New"},"LowestPrice":{"Amount":27.99,"Currency":"EUR","DisplayAmount":"27,99 €"}}]}},{"ASIN":"B07LG9KXZ4","DetailPageURL":"https://www.amazon.es/dp/B07LG9KXZ4?tag=topinalambricos-21&linkCode=osi&th=1&psc=1","Images":{"Primary":{"Small":{"Height":75,"URL":"https://m.media-amazon.com/images/I/31sBkMyB7fL._SL75_.jpg","Width":63}}},"ItemInfo":{"ByLineInfo":{"Brand":{"DisplayValue":"MyGadget","Label":"Brand","Locale":"es_ES"},"Manufacturer":{"DisplayValue":"DBSW Trading GmbH","Label":"Manufacturer","Locale":"es_ES"}},"Title":{"DisplayValue":"MyGadget Cartera con 1 Bolsillo para Funda Móvil - Tarjetero Adhesivo para Smartphone - Porta Tarjetas de Crédito con Bloqueo RFID - Card Holder - Negro","Label":"Title","Locale":"es_ES"}},"Offers":{"Summaries":[{"Condition":{"Value":"New"},"LowestPrice":{"Amount":8.4,"Currency":"EUR","DisplayAmount":"8,40 €"}}]}},{"ASIN":"B0BYSPX59T","DetailPageURL":"https://www.amazon.es/dp/B0BYSPX59T?tag=topinalambricos-21&linkCode=osi&th=1&psc=1","Images":{"Primary":{"Small":{"Height":75,"URL":"https://m.media-amazon.com/images/I/41VhSLrHoUL._SL75_.jpg","Width":75}}},"ItemInfo":{"ByLineInfo":{"Brand":{"DisplayValue":"Byvuwiay","Label":"Brand","Locale":"es_ES"},"Manufacturer":{"DisplayValue":"Byvuwiay","Label":"Manufacturer","Locale":"es_ES"}},"Title":{"DisplayValue":"Byvuwiay Funda para Samsung Galaxy A54 5G, Soporte Plegable Tapa Flip de PU Ranuras Tarjetas Magnético Protección, Protección de Cuero Premium-Negro","Label":"Title","Locale":"es_ES"}},"Offers":{"Summaries":[{"Condition":{"Value":"New"},"LowestPrice":{"Amount":10.99,"Currency":"EUR","DisplayAmount":"10,99 €"}}]}},{"ASIN":"B0B9L3883T","DetailPageURL":"https://www.amazon.es/dp/B0B9L3883T?tag=topinalambricos-21&linkCode=osi&th=1&psc=1","Images":{"Primary":{"Small":{"Height":75,"URL":"https://m.media-amazon.com/images/I/41fYxiAeN7L._SL75_.jpg","Width":75}}},"ItemInfo":{"ByLineInfo":{"Brand":{"DisplayValue":"DONY","Label":"Brand","Locale":"es_ES"},"Manufacturer":{"DisplayValue":"DONY","Label":"Manufacturer","Locale":"es_ES"}},"Title":{"DisplayValue":"Funda Movil Cinturon, Funda enganchar al cinturón y Llevar el teléfono móvil,Caja del teléfono con Estuche,diseño de Botones, Funda Cinturón Vertical para Móviles y 6,5\" Smartphones (Negro)","Label":"Title","Locale":"es_ES"}},"Offers":{"Summaries":[{"Condition":{"Value":"New"},"LowestPrice":{"Amount":13.9,"Currency":"EUR","DisplayAmount":"13,90 €"}}]}},{"ASIN":"B0951LK1P1","DetailPageURL":"https://www.amazon.es/dp/B0951LK1P1?tag=topinalambricos-21&linkCode=osi&th=1&psc=1","Images":{"Primary":{"Small":{"Height":75,"URL":"https://m.media-amazon.com/images/I/31AHQMmnr+S._SL75_.jpg","Width":75}}},"ItemInfo":{"ByLineInfo":{"Brand":{"DisplayValue":"Hiram","Label":"Brand","Locale":"es_ES"},"Manufacturer":{"DisplayValue":"Hiram","Label":"Manufacturer","Locale":"es_ES"}},"Title":{"DisplayValue":"Hiram Funda de Cuero para teléfono Celular Funda Universal para Hombre Funda para Bolso de Cintura con trabilla para cinturón, Bolsas para teléfono para Hombres","Label":"Title","Locale":"es_ES"}},"Offers":{"Summaries":[{"Condition":{"Value":"New"},"LowestPrice":{"Amount":16.99,"Currency":"EUR","DisplayAmount":"16,99 €"}}]}},{"ASIN":"B0BVB6VXWD","DetailPageURL":"https://www.amazon.es/dp/B0BVB6VXWD?tag=topinalambricos-21&linkCode=osi&th=1&psc=1","Images":{"Primary":{"Small":{"Height":75,"URL":"https://m.media-amazon.com/images/I/41kkpcTQRYL._SL75_.jpg","Width":75}}},"ItemInfo":{"ByLineInfo":{"Brand":{"DisplayValue":"PFLYPF","Label":"Brand","Locale":"es_ES"},"Manufacturer":{"DisplayValue":"PFLYPF","Label":"Manufacturer","Locale":"es_ES"}},"Title":{"DisplayValue":"1 funda para cinturón de teléfono móvil, funda de cuero para teléfono móvil, bolsillo para cinturón informal para hombre, funda para teléfono móvil, con 1 mosquetón y 1 aguja a través de la cuerda","Label":"Title","Locale":"es_ES"}},"Offers":{"Summaries":[{"Condition":{"Value":"New"},"LowestPrice":{"Amount":8.99,"Currency":"EUR","DisplayAmount":"8,99 €"}}]}},{"ASIN":"B09WY55SW7","DetailPageURL":"https://www.amazon.es/dp/B09WY55SW7?tag=topinalambricos-21&linkCode=osi&th=1&psc=1","Images":{"Primary":{"Small":{"Height":75,"URL":"https://m.media-amazon.com/images/I/41OR1fb03JL._SL75_.jpg","Width":75}}},"ItemInfo":{"ByLineInfo":{"Brand":{"DisplayValue":"hengwin","Label":"Brand","Locale":"es_ES"},"Manufacturer":{"DisplayValue":"Hengwin","Label":"Manufacturer","Locale":"es_ES"}},"Title":{"DisplayValue":"Hengwin Clip de Cuero para cinturón Funda de teléfono Galaxy S22 S21 S20 Fe Plus Ultra A12 A13 A32 Compatibilidad Universal iPhone 14 13 Pro MAX Funda para móvil Soporte de Cintura","Label":"Title","Locale":"es_ES"}},"Offers":{"Summaries":[{"Condition":{"Value":"New"},"LowestPrice":{"Amount":27.99,"Currency":"EUR","DisplayAmount":"27,99 €"}}]}},{"ASIN":"B09VC4DCSZ","DetailPageURL":"https://www.amazon.es/dp/B09VC4DCSZ?tag=topinalambricos-21&linkCode=osi&th=1&psc=1","Images":{"Primary":{"Small":{"Height":75,"URL":"https://m.media-amazon.com/images/I/512fTwhYFlL._SL75_.jpg","Width":65}}},"ItemInfo":{"ByLineInfo":{"Brand":{"DisplayValue":"Ganbary","Label":"Brand","Locale":"es_ES"},"Manufacturer":{"DisplayValue":"Ganbary","Label":"Manufacturer","Locale":"es_ES"}},"Title":{"DisplayValue":"Ganbary Funda Compatible con Samsung Galaxy A22 5G, Funda Tapa Libro Movil Carcasa PU Cuero Funda para Samsung Galaxy A22 5G [Protección Completa] [Ranura Tarjeta][Función Soporte], Azul","Label":"Title","Locale":"es_ES"}},"Offers":{"Summaries":[{"Condition":{"Value":"New"},"LowestPrice":{"Amount":9.99,"Currency":"EUR","DisplayAmount":"9,99 €"}}]}},{"ASIN":"B08X9WJN6Q","DetailPageURL":"https://www.amazon.es/dp/B08X9WJN6Q?tag=topinalambricos-21&linkCode=osi&th=1&psc=1","Images":{"Primary":{"Small":{"Height":75,"URL":"https://m.media-amazon.com/images/I/41aDOWlw+tL._SL75_.jpg","Width":75}}},"ItemInfo":{"ByLineInfo":{"Brand":{"DisplayValue":"MOTALER","Label":"Brand","Locale":"es_ES"},"Manufacturer":{"DisplayValue":"MOTALER","Label":"Manufacturer","Locale":"es_ES"}},"Title":{"DisplayValue":"Funda de Cintura para Teléfono Cuero, Celular Riñonera de Cuero Hombre, 6.9\" Hombre Celular Bolsa para Cinturón Vertical Funda Universal para Teléfono Móvil Bolso Cinturón Cuero Viaje Bolsillo Cartera","Label":"Title","Locale":"es_ES"}},"Offers":{"Summaries":[{"Condition":{"Value":"New"},"LowestPrice":{"Amount":11.99,"Currency":"EUR","DisplayAmount":"11,99 €"}}]}},{"ASIN":"B07ZHT5S59","DetailPageURL":"https://www.amazon.es/dp/B07ZHT5S59?tag=topinalambricos-21&linkCode=osi&th=1&psc=1","Images":{"Primary":{"Small":{"Height":75,"URL":"https://m.media-amazon.com/images/I/41GfIbw9aDL._SL75_.jpg","Width":75}}},"ItemInfo":{"ByLineInfo":{"Brand":{"DisplayValue":"hengwin","Label":"Brand","Locale":"es_ES"},"Manufacturer":{"DisplayValue":"Hengwin","Label":"Manufacturer","Locale":"es_ES"}},"Title":{"DisplayValue":"Hengwin Cuero Telefono Movil, Porta Movil Running por Samsung Galaxy S22 Ultra, Bolsitos para Moviles por iPhone 14 Pro MAX/Plus, Cinturon Tactico Policial Bolsa Molle, 13 12 11 Pro MAX, Marrón","Label":"Title","Locale":"es_ES"}},"Offers":{"Summaries":[{"Condition":{"Value":"New"},"LowestPrice":{"Amount":26.99,"Currency":"EUR","DisplayAmount":"26,99 €"}}]}}],"SearchURL":"https://www.amazon.es/s?k=funda+cuero+movil&rh=p_n_availability%3A-1&tag=topinalambricos-21&linkCode=osi","TotalResultCount":306}},"202":{"SearchResult":{"Items":[{"ASIN":"B09MBWWNM6","DetailPageURL":"https://www.amazon.es/dp/B09MBWWNM6?tag=topinalambricos-21&linkCode=osi&th=1&psc=1","Images":{"Primary":{"Small":{"Height":75,"URL":"https://m.media-amazon.com/images/I/41LS1W5fp9L._SL75_.jpg","Width":75}}},"ItemInfo":{"ByLineInfo":{"Brand":{"DisplayValue":"Genlision","Label":"Brand","Locale":"es_ES"},"Manufacturer":{"DisplayValue":"Genlision","Label":"Manufacturer","Locale":"es_ES"}},"Title":{"DisplayValue":"Genlision Funda Compatible con iPhone 6/7/8 Plus,Flip Leather Edition,Funda de Cuero PU con Cáscara de TPU, magnético, función de Soporte y Ranuras para Tarjetas-Azul","Label":"Title","Locale":"es_ES"}},"Offers":{"Summaries":[{"Condition":{"Value":"New"},"LowestPrice":{"Amount":13.99,"Currency":"EUR","DisplayAmount":"13,99 €"}}]}},{"ASIN":"B0BRV5LYXC","DetailPageURL":"https://www.amazon.es/dp/B0BRV5LYXC?tag=topinalambricos-21&linkCode=osi&th=1&psc=1","Images":{"Primary":{"Small":{"Height":75,"URL":"https://m.media-amazon.com/images/I/41bKn3AK1PL._SL75_.jpg","Width":75}}},"ItemInfo":{"ByLineInfo":{"Brand":{"DisplayValue":"Hoyoikun","Label":"Brand","Locale":"es_ES"},"Manufacturer":{"DisplayValue":"Hoyoikun","Label":"Manufacturer","Locale":"es_ES"}},"Title":{"DisplayValue":"Hoyoikun Funda Compatible con iPhone 6/7/8 Plus,Regalar 2 Piezas Protector de Pantalla.Flip Leather Edition,Funda de Cuero PU con Cáscara de TPU,[Soporte Plegable] [Cierre magnético]-Verde","Label":"Title","Locale":"es_ES"}},"Offers":{"Summaries":[{"Condition":{"Value":"New"},"LowestPrice":{"Amount":13.99,"Currency":"EUR","DisplayAmount":"13,99 €"}}]}},{"ASIN":"B08574BGTM","DetailPageURL":"https://www.amazon.es/dp/B08574BGTM?tag=topinalambricos-21&linkCode=osi&th=1&psc=1","Images":{"Primary":{"Small":{"Height":75,"URL":"https://m.media-amazon.com/images/I/41UiJJjUZ0L._SL75_.jpg","Width":75}}},"ItemInfo":{"ByLineInfo":{"Brand":{"DisplayValue":"DUX DUCIS","Label":"Brand","Locale":"es_ES"},"Manufacturer":{"DisplayValue":"DUX DUCIS","Label":"Manufacturer","Locale":"es_ES"}},"Title":{"DisplayValue":"DUX DUCIS Funda para iPhone 7 Plus / 8 Plus - 5.5\", Cuero Premium Cierre Magnético Flip Folio Carcasa para Apple iPhone 7 Plus / 8 Plus (Negro)","Label":"Title","Locale":"es_ES"}},"Offers":{"Summaries":[{"Condition":{"Value":"New"},"LowestPrice":{"Amount":14.99,"Currency":"EUR","DisplayAmount":"14,99 €"}},{"Condition":{"Value":"Used"},"LowestPrice":{"Amount":11.99,"Currency":"EUR","DisplayAmount":"11,99 €"}}]}},{"ASIN":"B091HXPNXT","DetailPageURL":"https://www.amazon.es/dp/B091HXPNXT?tag=topinalambricos-21&linkCode=osi&th=1&psc=1","Images":{"Primary":{"Small":{"Height":75,"URL":"https://m.media-amazon.com/images/I/41XRixVtrBS._SL75_.jpg","Width":75}}},"ItemInfo":{"ByLineInfo":{"Brand":{"DisplayValue":"Holidi","Label":"Brand","Locale":"es_ES"},"Manufacturer":{"DisplayValue":"Holidi","Label":"Manufacturer","Locale":"es_ES"}},"Title":{"DisplayValue":"Holidi Funda para iPhone 7 Plus/8 Plus, Carcasa iPhone 7Plus/8Plus con Tapa y Tarjetero, Capa Tipo Libro Flip Case Wallet, Telefono Cubrir Móvil Cover Piel Protector. Negro","Label":"Title","Locale":"es_ES"}},"Offers":{"Summaries":[{"Condition":{"Value":"New"},"LowestPrice":{"Amount":8.99,"Currency":"EUR","DisplayAmount":"8,99 €"}}]}},{"ASIN":"B0BMWVG98K","DetailPageURL":"https://www.amazon.es/dp/B0BMWVG98K?tag=topinalambricos-21&linkCode=osi&th=1&psc=1","Images":{"Primary":{"Small":{"Height":75,"URL":"https://m.media-amazon.com/images/I/41z5QQUBq9L._SL75_.jpg","Width":75}}},"ItemInfo":{"ByLineInfo":{"Brand":{"DisplayValue":"OKZone","Label":"Brand","Locale":"es_ES"},"Manufacturer":{"DisplayValue":"OKZone","Label":"Manufacturer","Locale":"es_ES"}},"Title":{"DisplayValue":"OKZone Funda para iPhone SE 2020/iPhone 8/iPhone 7 (4,7 Pulgadas), PU Cuero Flip Carcasa Fundas Móvil de Tapa Libro Caso Piel PU Billetera Tarjetero Case Telefono Cubrir Móvil Phone Cover (Azul)","Label":"Title","Locale":"es_ES"}},"Offers":{"Summaries":[{"Condition":{"Value":"New"},"LowestPrice":{"Amount":11.99,"Currency":"EUR","DisplayAmount":"11,99 €"}}]}},{"ASIN":"B089MJS72R","DetailPageURL":"https://www.amazon.es/dp/B089MJS72R?tag=topinalambricos-21&linkCode=osi&th=1&psc=1","Images":{"Primary":{"Small":{"Height":75,"URL":"https://m.media-amazon.com/images/I/51Oup+1OiVL._SL75_.jpg","Width":75}}},"ItemInfo":{"ByLineInfo":{"Brand":{"DisplayValue":"ELESNOW","Label":"Brand","Locale":"es_ES"},"Manufacturer":{"DisplayValue":"ELESNOW","Label":"Manufacturer","Locale":"es_ES"}},"Title":{"DisplayValue":"ELESNOW Funda iPhone SE 2022 / iPhone SE 2020 / iPhone 8 / iPhone 7-4.7\", Cuero Billetera Tarjetero Tapa Flip Protectora Carcasa Magnético para Apple iPhone SE 2022 / SE 2020/8 / 7 (Rojo)","Label":"Title","Locale":"es_ES"}},"Offers":{"Summaries":[{"Condition":{"Value":"New"},"LowestPrice":{"Amount":11.99,"Currency":"EUR","DisplayAmount":"11,99 €"}}]}},{"ASIN":"B09CTHFLGL","DetailPageURL":"https://www.amazon.es/dp/B09CTHFLGL?tag=topinalambricos-21&linkCode=osi&th=1&psc=1","Images":{"Primary":{"Small":{"Height":75,"URL":"https://m.media-amazon.com/images/I/51DqhNkhsOL._SL75_.jpg","Width":65}}},"ItemInfo":{"ByLineInfo":{"Brand":{"DisplayValue":"Ganbary","Label":"Brand","Locale":"es_ES"},"Manufacturer":{"DisplayValue":"Ganbary","Label":"Manufacturer","Locale":"es_ES"}},"Title":{"DisplayValue":"Ganbary Funda Compatible con iPhone SE 2022 5G/SE 2020/8/7, Funda Tapa Libro Carcasa PU Cuero Funda para iPhone SE 2022 5G/SE 2020/8/7 [Protección Completa] [Ranura Tarjeta][Función Soporte], Negro","Label":"Title","Locale":"es_ES"}},"Offers":{"Summaries":[{"Condition":{"Value":"New"},"LowestPrice":{"Amount":9.99,"Currency":"EUR","DisplayAmount":"9,99 €"}}]}},{"ASIN":"B01MDPG3IF","DetailPageURL":"https://www.amazon.es/dp/B01MDPG3IF?tag=topinalambricos-21&linkCode=osi&th=1&psc=1","Images":{"Primary":{"Small":{"Height":75,"URL":"https://m.media-amazon.com/images/I/41irzFPa8TL._SL75_.jpg","Width":75}}},"ItemInfo":{"ByLineInfo":{"Brand":{"DisplayValue":"kwmobile","Label":"Brand","Locale":"es_ES"},"Manufacturer":{"DisplayValue":"KW-Commerce","Label":"Manufacturer","Locale":"es_ES"}},"Title":{"DisplayValue":"kwmobile Carcasa Compatible con Apple iPhone SE (2022) / iPhone SE (2020) / iPhone 8 / iPhone 7 - Funda para móvil de Cuero sintético - Case en Negro","Label":"Title","Locale":"es_ES"}},"Offers":{"Summaries":[{"Condition":{"Value":"New"},"LowestPrice":{"Amount":7.59,"Currency":"EUR","DisplayAmount":"7,59 €"}}]}},{"ASIN":"B0085EGGOM","DetailPageURL":"https://www.amazon.es/dp/B0085EGGOM?tag=topinalambricos-21&linkCode=osi&th=1&psc=1","Images":{"Primary":{"Small":{"Height":75,"URL":"https://m.media-amazon.com/images/I/41+vGazfTcL._SL75_.jpg","Width":75}}},"ItemInfo":{"ByLineInfo":{"Brand":{"DisplayValue":"kwmobile","Label":"Brand","Locale":"es_ES"},"Manufacturer":{"DisplayValue":"KW-Commerce","Label":"Manufacturer","Locale":"es_ES"}},"Title":{"DisplayValue":"kwmobile Funda para M - 5,5\" - Carcasa con Clip de cinturón - Cover de Cuero sintético 14.4 x 7 CM","Label":"Title","Locale":"es_ES"}},"Offers":{"Summaries":[{"Condition":{"Value":"New"},"LowestPrice":{"Amount":10.19,"Currency":"EUR","DisplayAmount":"10,19 €"}}]}},{"ASIN":"B0BWS2KSPC","DetailPageURL":"https://www.amazon.es/dp/B0BWS2KSPC?tag=topinalambricos-21&linkCode=osi&th=1&psc=1","Images":{"Primary":{"Small":{"Height":75,"URL":"https://m.media-amazon.com/images/I/41Ra4bmwk2L._SL75_.jpg","Width":75}}},"ItemInfo":{"ByLineInfo":{"Brand":{"DisplayValue":"ZONNAVI","Label":"Brand","Locale":"es_ES"},"Manufacturer":{"DisplayValue":"ZONNAVI","Label":"Manufacturer","Locale":"es_ES"}},"Title":{"DisplayValue":"ZONNAVI Funda para iPhone 8 Plus/iPhone 7 Plus, Funda Libro de Cuero con Ranura para Tarjeta y Magnético, Wallet Flip Caso Cubierta Case Carcasa para iPhone 8 Plus/iPhone 7 Plus (Marrón)","Label":"Title","Locale":"es_ES"}},"Offers":{"Summaries":[{"Condition":{"Value":"New"},"LowestPrice":{"Amount":11.89,"Currency":"EUR","DisplayAmount":"11,89 €"}}]}}],"SearchURL":"https://www.amazon.es/s?k=funda+cuero+movil+iphone+7&rh=n%3A934178031%2Cp_n_availability%3A-1&tag=topinalambricos-21&linkCode=osi","TotalResultCount":1000}},"203":{"SearchResult":{"Items":[{"ASIN":"B09MBWWNM6","DetailPageURL":"https://www.amazon.es/dp/B09MBWWNM6?tag=topinalambricos-21&linkCode=osi&th=1&psc=1","Images":{"Primary":{"Small":{"Height":75,"URL":"https://m.media-amazon.com/images/I/41LS1W5fp9L._SL75_.jpg","Width":75}}},"ItemInfo":{"ByLineInfo":{"Brand":{"DisplayValue":"Genlision","Label":"Brand","Locale":"es_ES"},"Manufacturer":{"DisplayValue":"Genlision","Label":"Manufacturer","Locale":"es_ES"}},"Title":{"DisplayValue":"Genlision Funda Compatible con iPhone 6/7/8 Plus,Flip Leather Edition,Funda de Cuero PU con Cáscara de TPU, magnético, función de Soporte y Ranuras para Tarjetas-Azul","Label":"Title","Locale":"es_ES"}},"Offers":{"Summaries":[{"Condition":{"Value":"New"},"LowestPrice":{"Amount":13.99,"Currency":"EUR","DisplayAmount":"13,99 €"}}]}},{"ASIN":"B0BRV5LYXC","DetailPageURL":"https://www.amazon.es/dp/B0BRV5LYXC?tag=topinalambricos-21&linkCode=osi&th=1&psc=1","Images":{"Primary":{"Small":{"Height":75,"URL":"https://m.media-amazon.com/images/I/41bKn3AK1PL._SL75_.jpg","Width":75}}},"ItemInfo":{"ByLineInfo":{"Brand":{"DisplayValue":"Hoyoikun","Label":"Brand","Locale":"es_ES"},"Manufacturer":{"DisplayValue":"Hoyoikun","Label":"Manufacturer","Locale":"es_ES"}},"Title":{"DisplayValue":"Hoyoikun Funda Compatible con iPhone 6/7/8 Plus,Regalar 2 Piezas Protector de Pantalla.Flip Leather Edition,Funda de Cuero PU con Cáscara de TPU,[Soporte Plegable] [Cierre magnético]-Verde","Label":"Title","Locale":"es_ES"}},"Offers":{"Summaries":[{"Condition":{"Value":"New"},"LowestPrice":{"Amount":13.99,"Currency":"EUR","DisplayAmount":"13,99 €"}}]}},{"ASIN":"B09NPWL3TS","DetailPageURL":"https://www.amazon.es/dp/B09NPWL3TS?tag=topinalambricos-21&linkCode=osi&th=1&psc=1","Images":{"Primary":{"Small":{"Height":75,"URL":"https://m.media-amazon.com/images/I/51dBqmqci4L._SL75_.jpg","Width":75}}},"ItemInfo":{"ByLineInfo":{"Brand":{"DisplayValue":"Vkooer","Label":"Brand","Locale":"es_ES"},"Manufacturer":{"DisplayValue":"Vkooer","Label":"Manufacturer","Locale":"es_ES"}},"Title":{"DisplayValue":"Vkooer Funda para iPhone 11 Carcasa con Tapa [6,1 Pulgadas] Cuero PU Flip Case Móvil Cartera Magnético Cover con Función de Soporte y Ranura Tarjeta para iPhone 11, Turquesa","Label":"Title","Locale":"es_ES"}},"Offers":{"Summaries":[{"Condition":{"Value":"New"},"LowestPrice":{"Amount":14.99,"Currency":"EUR","DisplayAmount":"14,99 €"}}]}},{"ASIN":"B08FT68C5P","DetailPageURL":"https://www.amazon.es/dp/B08FT68C5P?tag=topinalambricos-21&linkCode=osi&th=1&psc=1","Images":{"Primary":{"Small":{"Height":75,"URL":"https://m.media-amazon.com/images/I/41znYezI3SL._SL75_.jpg","Width":75}}},"ItemInfo":{"ByLineInfo":{"Brand":{"DisplayValue":"SURPHY","Label":"Brand","Locale":"es_ES"},"Manufacturer":{"DisplayValue":"SURPHY","Label":"Manufacturer","Locale":"es_ES"}},"Title":{"DisplayValue":"SURPHY Funda Compatible con iPhone 12 / iPhone 12 Pro Cuero Sintético 6.1'', Funda Delgada para Teléfono de Cuero Sintético, Protector Cuero Carcasa para iPhone 12 / iPhone 12 Pro 6.1 Pulgadas, Marrón","Label":"Title","Locale":"es_ES"}},"Offers":{"Summaries":[{"Condition":{"Value":"New"},"LowestPrice":{"Amount":17.99,"Currency":"EUR","DisplayAmount":"17,99 €"}}]}},{"ASIN":"B0177SPYLM","DetailPageURL":"https://www.amazon.es/dp/B0177SPYLM?tag=topinalambricos-21&linkCode=osi&th=1&psc=1","Images":{"Primary":{"Small":{"Height":75,"URL":"https://m.media-amazon.com/images/I/51vK4GeWJ-L._SL75_.jpg","Width":75}}},"ItemInfo":{"ByLineInfo":{"Brand":{"DisplayValue":"kwmobile","Label":"Brand","Locale":"es_ES"},"Manufacturer":{"DisplayValue":"KW-Commerce","Label":"Manufacturer","Locale":"es_ES"}},"Title":{"DisplayValue":"kwmobile Funda movil Compatible con Apple iPhone 6 / 6S - Carcasa de Cuero sintético - Case en Azul Oscuro","Label":"Title","Locale":"es_ES"}},"Offers":{"Summaries":[{"Condition":{"Value":"New"},"LowestPrice":{"Amount":5.49,"Currency":"EUR","DisplayAmount":"5,49 €"}}]}},{"ASIN":"B07D6PXLWN","DetailPageURL":"https://www.amazon.es/dp/B07D6PXLWN?tag=topinalambricos-21&linkCode=osi&th=1&psc=1","Images":{"Primary":{"Small":{"Height":75,"URL":"https://m.media-amazon.com/images/I/51kvhyYXkZL._SL75_.jpg","Width":75}}},"ItemInfo":{"ByLineInfo":{"Brand":{"DisplayValue":"Copmob","Label":"Brand","Locale":"es_ES"},"Manufacturer":{"DisplayValue":"Copmob","Label":"Manufacturer","Locale":"es_ES"}},"Title":{"DisplayValue":"Copmob Funda Piel iPhone 6 Plus/6S Plus,Flip Billetera Funda de Cuero,[3 Ranuras][Función de Soporte][Cierre magnético],Funda Libro Carcasa Case para iPhone 6 Plus/6S Plus - Rojo","Label":"Title","Locale":"es_ES"}},"Offers":{"Summaries":[{"Condition":{"Value":"New"},"LowestPrice":{"Amount":14.99,"Currency":"EUR","DisplayAmount":"14,99 €"}}]}},{"ASIN":"B09LRSDD2F","DetailPageURL":"https://www.amazon.es/dp/B09LRSDD2F?tag=topinalambricos-21&linkCode=osi&th=1&psc=1","Images":{"Primary":{"Small":{"Height":75,"URL":"https://m.media-amazon.com/images/I/51GNKp9K1ML._SL75_.jpg","Width":75}}},"ItemInfo":{"ByLineInfo":{"Brand":{"DisplayValue":"Vkooer","Label":"Brand","Locale":"es_ES"},"Manufacturer":{"DisplayValue":"Vkooer","Label":"Manufacturer","Locale":"es_ES"}},"Title":{"DisplayValue":"Vkooer Funda para iPhone 6 / 6s Carcasa con Tapa Cuero PU Flip Case Móvil Cartera Magnético Cover con Bolsillo Función de Soporte para iPhone 6 / 6s, Arbol de la Vida Turquesa","Label":"Title","Locale":"es_ES"}},"Offers":{"Summaries":[{"Condition":{"Value":"New"},"LowestPrice":{"Amount":14.98,"Currency":"EUR","DisplayAmount":"14,98 €"}}]}},{"ASIN":"B09LYLWJCY","DetailPageURL":"https://www.amazon.es/dp/B09LYLWJCY?tag=topinalambricos-21&linkCode=osi&th=1&psc=1","Images":{"Primary":{"Small":{"Height":75,"URL":"https://m.media-amazon.com/images/I/51amNoo9ZgL._SL75_.jpg","Width":75}}},"ItemInfo":{"ByLineInfo":{"Brand":{"DisplayValue":"Vkooer","Label":"Brand","Locale":"es_ES"},"Manufacturer":{"DisplayValue":"Vkooer","Label":"Manufacturer","Locale":"es_ES"}},"Title":{"DisplayValue":"Vkooer Funda para iPhone 6 / 6s Carcasa con Tapa Funda Protectora de Cuero PU Teléfono Móvil Billetera Case con Bolsillo y Magnética para iPhone 6 / 6s, Rojo","Label":"Title","Locale":"es_ES"}},"Offers":{"Summaries":[{"Condition":{"Value":"New"},"LowestPrice":{"Amount":14.99,"Currency":"EUR","DisplayAmount":"14,99 €"}}]}},{"ASIN":"B0719G36D2","DetailPageURL":"https://www.amazon.es/dp/B0719G36D2?tag=topinalambricos-21&linkCode=osi&th=1&psc=1","Images":{"Primary":{"Small":{"Height":75,"URL":"https://m.media-amazon.com/images/I/41n3OvZWXnL._SL75_.jpg","Width":75}}},"ItemInfo":{"ByLineInfo":{"Brand":{"DisplayValue":"AXELENS","Label":"Brand","Locale":"es_ES"},"Manufacturer":{"DisplayValue":"axelens","Label":"Manufacturer","Locale":"es_ES"}},"Title":{"DisplayValue":"AXELENS Funda Horizontal Universal con Presilla para Cinturón para Smartphone de hasta 6 Pulgadas iPhone Galaxy - Cuero Ecológico Texturizado - Negro","Label":"Title","Locale":"es_ES"}},"Offers":{"Summaries":[{"Condition":{"Value":"New"},"LowestPrice":{"Amount":16.95,"Currency":"EUR","DisplayAmount":"16,95 €"}}]}},{"ASIN":"B08N9P3BBX","DetailPageURL":"https://www.amazon.es/dp/B08N9P3BBX?tag=topinalambricos-21&linkCode=osi&th=1&psc=1","Images":{"Primary":{"Small":{"Height":75,"URL":"https://m.media-amazon.com/images/I/51keHZIZ2CL._SL75_.jpg","Width":56}}},"ItemInfo":{"ByLineInfo":{"Brand":{"DisplayValue":"Vinanker","Label":"Brand","Locale":"es_ES"},"Manufacturer":{"DisplayValue":"Vinanker","Label":"Manufacturer","Locale":"es_ES"}},"Title":{"DisplayValue":"Vinanker Funda iPhone 6 Plus, Funda de Cuero iPhone 6S Plus Libro Cartera Carcasa para iPhone 6 Plus/iPhone 6S Plus (Oro Rosa)","Label":"Title","Locale":"es_ES"}},"Offers":{"Summaries":[{"Condition":{"Value":"New"},"LowestPrice":{"Amount":13.98,"Currency":"EUR","DisplayAmount":"13,98 €"}}]}}],"SearchURL":"https://www.amazon.es/s?k=funda+cuero+movil+iphone+6&rh=n%3A934178031%2Cp_n_availability%3A-1&tag=topinalambricos-21&linkCode=osi","TotalResultCount":1000}},"204":{"SearchResult":{"Items":[{"ASIN":"B0C1BD9ZBT","DetailPageURL":"https://www.amazon.es/dp/B0C1BD9ZBT?tag=topinalambricos-21&linkCode=osi&th=1&psc=1","Images":{"Primary":{"Small":{"Height":75,"URL":"https://m.media-amazon.com/images/I/51GIhPARVfL._SL75_.jpg","Width":75}}},"ItemInfo":{"ByLineInfo":{"Brand":{"DisplayValue":"Rosbtib","Label":"Brand","Locale":"es_ES"},"Manufacturer":{"DisplayValue":"Rosbtib","Label":"Manufacturer","Locale":"es_ES"}},"Title":{"DisplayValue":"Rosbtib Funda para iPad Pro 11 Pulgadas Todos los Modelos, iPad Air 5/4 10,9 Pulgadas Flip Cover Magnética Ranuras para Tarjetas PU Cuero Cover iPad Pro 11, Rosa Gato Sakura","Label":"Title","Locale":"es_ES"}},"Offers":{"Summaries":[{"Condition":{"Value":"New"},"LowestPrice":{"Amount":19.98,"Currency":"EUR","DisplayAmount":"19,98 €"}}]}},{"ASIN":"B07XXVQJ6F","DetailPageURL":"https://www.amazon.es/dp/B07XXVQJ6F?tag=topinalambricos-21&linkCode=osi&th=1&psc=1","Images":{"Primary":{"Small":{"Height":73,"URL":"https://m.media-amazon.com/images/I/51DxiD5wsqL._SL75_.jpg","Width":75}}},"ItemInfo":{"ByLineInfo":{"Brand":{"DisplayValue":"Ztotops","Label":"Brand","Locale":"es_ES"},"Manufacturer":{"DisplayValue":"Ztotops","Label":"Manufacturer","Locale":"es_ES"}},"Title":{"DisplayValue":"Ztotops Funda para iPad 10.2 2021/2020/2019 (iPad 9ª/8ª/7ª Generación), Carcasa de Cuero con Bolsillo y Soporte, Función de Auto-Sueño/Estela, Múltiples ángulos, Cover para iPad 10.2 - Denim Negro","Label":"Title","Locale":"es_ES"}},"Offers":{"Summaries":[{"Condition":{"Value":"New"},"LowestPrice":{"Amount":16.99,"Currency":"EUR","DisplayAmount":"16,99 €"}}]}},{"ASIN":"B09DT28YB5","DetailPageURL":"https://www.amazon.es/dp/B09DT28YB5?tag=topinalambricos-21&linkCode=osi&th=1&psc=1","Images":{"Primary":{"Small":{"Height":75,"URL":"https://m.media-amazon.com/images/I/51A3SCw210L._SL75_.jpg","Width":75}}},"ItemInfo":{"ByLineInfo":{"Brand":{"DisplayValue":"Bukoor","Label":"Brand","Locale":"es_ES"},"Manufacturer":{"DisplayValue":"Bukoor","Label":"Manufacturer","Locale":"es_ES"}},"Title":{"DisplayValue":"Funda para iPad Air 4 2020 con portalápices, Funda de Cuero PU para iPad Air 4th Gen 10.9 Pulgadas con Bolsillo Auto Sleep/Wake Soft TPU Smart Cover para iPad Air 4th Gen - Marrón","Label":"Title","Locale":"es_ES"}},"Offers":{"Summaries":[{"Condition":{"Value":"New"},"LowestPrice":{"Amount":32.99,"Currency":"EUR","DisplayAmount":"32,99 €"}}]}},{"ASIN":"B0BXQMWN7Y","DetailPageURL":"https://www.amazon.es/dp/B0BXQMWN7Y?tag=topinalambricos-21&linkCode=osi&th=1&psc=1","Images":{"Primary":{"Small":{"Height":75,"URL":"https://m.media-amazon.com/images/I/41IHTMPvWgL._SL75_.jpg","Width":75}}},"ItemInfo":{"ByLineInfo":{"Brand":{"DisplayValue":"elago","Label":"Brand","Locale":"es_ES"},"Manufacturer":{"DisplayValue":"elago","Label":"Manufacturer","Locale":"es_ES"}},"Title":{"DisplayValue":"elago Funda Folio Magnética iPad 10ª Generación [10,9 Pulgadas] - Placa Trasera se Puede Acoplar a Materiales Metálicos, Compatible con Apple Pencil, Diseño Delgado (Gris Oscuro)","Label":"Title","Locale":"es_ES"}},"Offers":{"Summaries":[{"Condition":{"Value":"New"},"LowestPrice":{"Amount":40.99,"Currency":"EUR","DisplayAmount":"40,99 €"}}]}},{"ASIN":"B07DDB5C1F","DetailPageURL":"https://www.amazon.es/dp/B07DDB5C1F?tag=topinalambricos-21&linkCode=osi&th=1&psc=1","Images":{"Primary":{"Small":{"Height":75,"URL":"https://m.media-amazon.com/images/I/41osyF+MGvL._SL75_.jpg","Width":75}}},"ItemInfo":{"ByLineInfo":{"Brand":{"DisplayValue":"Antbox","Label":"Brand","Locale":"es_ES"},"Manufacturer":{"DisplayValue":"Antbox","Label":"Manufacturer","Locale":"es_ES"}},"Title":{"DisplayValue":"Antbox Funda para iPad Air 10,5 (3ª Generación 2019, Air3) / iPad Pro 10.5 2017 con Soporte para lápiz de Apple Incorporado Reposo automático/función de Despertador PU Funda de Cuero Inteligente","Label":"Title","Locale":"es_ES"}},"Offers":{"Summaries":[{"Condition":{"Value":"New"},"LowestPrice":{"Amount":33.9,"Currency":"EUR","DisplayAmount":"33,90 €"}}]}},{"ASIN":"B076S54WVY","DetailPageURL":"https://www.amazon.es/dp/B076S54WVY?tag=topinalambricos-21&linkCode=osi&th=1&psc=1","Images":{"Primary":{"Small":{"Height":73,"URL":"https://m.media-amazon.com/images/I/41scVbIy2qL._SL75_.jpg","Width":75}}},"ItemInfo":{"ByLineInfo":{"Brand":{"DisplayValue":"ZtotopCase","Label":"Brand","Locale":"es_ES"},"Manufacturer":{"DisplayValue":"ZtotopCase","Label":"Manufacturer","Locale":"es_ES"}},"Title":{"DisplayValue":"ZtotopCase Funda para iPad Air 2/Air 1/iPad 9.7 2018/2017(6ª/5ª generación),Funda Protectora de Cuero PU Premium,Auto Sueño/Estela Función,Ranuras para Documentos,múltiples ángulos visión,Marrón","Label":"Title","Locale":"es_ES"}},"Offers":{"Summaries":[{"Condition":{"Value":"New"},"LowestPrice":{"Amount":17.99,"Currency":"EUR","DisplayAmount":"17,99 €"}}]}},{"ASIN":"B09YTXKKCN","DetailPageURL":"https://www.amazon.es/dp/B09YTXKKCN?tag=topinalambricos-21&linkCode=osi&th=1&psc=1","Images":{"Primary":{"Small":{"Height":75,"URL":"https://m.media-amazon.com/images/I/415wOs3ZWzL._SL75_.jpg","Width":75}}},"ItemInfo":{"ByLineInfo":{"Brand":{"DisplayValue":"DAORANGE","Label":"Brand","Locale":"es_ES"},"Manufacturer":{"DisplayValue":"DAORANGE","Label":"Manufacturer","Locale":"es_ES"}},"Title":{"DisplayValue":"DAORANGE Funda para iPad 9ª / 8ª / 7ª Generación 10.2\", Carcasa Ultrafina de Cuero PU con Portalápiz y Auto-Sueño/Estela, Función de Soporte para iPad 10,2 Pulgadas 2021/2020/2019 (Negro)","Label":"Title","Locale":"es_ES"}},"Offers":{"Summaries":[{"Condition":{"Value":"New"},"LowestPrice":{"Amount":13.99,"Currency":"EUR","DisplayAmount":"13,99 €"}}]}},{"ASIN":"B076J74MBX","DetailPageURL":"https://www.amazon.es/dp/B076J74MBX?tag=topinalambricos-21&linkCode=osi&th=1&psc=1","Images":{"Primary":{"Small":{"Height":75,"URL":"https://m.media-amazon.com/images/I/41V+1lks5ML._SL75_.jpg","Width":74}}},"ItemInfo":{"ByLineInfo":{"Brand":{"DisplayValue":"ZtotopCase","Label":"Brand","Locale":"es_ES"},"Manufacturer":{"DisplayValue":"ZtotopCase","Label":"Manufacturer","Locale":"es_ES"}},"Title":{"DisplayValue":"ZtotopCase Funda para iPad Pro de 12,9 pulgadas 2017/2015 (1ª y 2ª generación), funda de piel prémium con función atril y bolsillo, color marrón","Label":"Title","Locale":"es_ES"}},"Offers":{"Summaries":[{"Condition":{"Value":"New"},"LowestPrice":{"Amount":29.99,"Currency":"EUR","DisplayAmount":"29,99 €"}}]}},{"ASIN":"B06X6LSBZ6","DetailPageURL":"https://www.amazon.es/dp/B06X6LSBZ6?tag=topinalambricos-21&linkCode=osi&th=1&psc=1","Images":{"Primary":{"Small":{"Height":75,"URL":"https://m.media-amazon.com/images/I/41rYMkHDobL._SL75_.jpg","Width":75}}},"ItemInfo":{"ByLineInfo":{"Brand":{"DisplayValue":"ESR","Label":"Brand","Locale":"es_ES"},"Manufacturer":{"DisplayValue":"Electronic Silk Road Corp","Label":"Manufacturer","Locale":"es_ES"}},"Title":{"DisplayValue":"ESR Funda para iPad 2017/Nuevo iPad 2018 de 9.7\" [Auto-Desbloquear] [Botones Protegidos] Función de Soporte de Cuero Sintético y Plástico Duro Smart Cover para Apple 9.7\" 2017/2018-Negro","Label":"Title","Locale":"es_ES"}},"Offers":{"Summaries":[{"Condition":{"Value":"Used"},"LowestPrice":{"Amount":11.89,"Currency":"EUR","DisplayAmount":"11,89 €"}},{"Condition":{"Value":"New"},"LowestPrice":{"Amount":16.99,"Currency":"EUR","DisplayAmount":"16,99 €"}}]}},{"ASIN":"B08VSJR7JB","DetailPageURL":"https://www.amazon.es/dp/B08VSJR7JB?tag=topinalambricos-21&linkCode=osi&th=1&psc=1","Images":{"Primary":{"Small":{"Height":75,"URL":"https://m.media-amazon.com/images/I/51dSsh5a+eL._SL75_.jpg","Width":75}}},"ItemInfo":{"ByLineInfo":{"Brand":{"DisplayValue":"Vkooer","Label":"Brand","Locale":"es_ES"},"Manufacturer":{"DisplayValue":"L&Btech","Label":"Manufacturer","Locale":"es_ES"}},"Title":{"DisplayValue":"Vkooer Funda para iPad 10.2'' 9th Generación 2021 / iPad 8th Gen 2020/ iPad 7th Gen 2019 Ligero PU Cuero Flip Case Carcasa con Función de Soporte Bolsillo de Tarjeta, Turquesa","Label":"Title","Locale":"es_ES"}},"Offers":{"Summaries":[{"Condition":{"Value":"New"},"LowestPrice":{"Amount":18.98,"Currency":"EUR","DisplayAmount":"18,98 €"}}]}}],"SearchURL":"https://www.amazon.es/s?k=funda+cuero+ipad&rh=n%3A937811031%2Cp_n_availability%3A-1&tag=topinalambricos-21&linkCode=osi","TotalResultCount":1000}},"205":{"SearchResult":{"Items":[{"ASIN":"B09SZCBVGW","DetailPageURL":"https://www.amazon.es/dp/B09SZCBVGW?tag=topinalambricos-21&linkCode=osi&th=1&psc=1","Images":{"Primary":{"Small":{"Height":75,"URL":"https://m.media-amazon.com/images/I/413GbLMFW6L._SL75_.jpg","Width":75}}},"ItemInfo":{"ByLineInfo":{"Brand":{"DisplayValue":"GORGECRAFT","Label":"Brand","Locale":"es_ES"},"Manufacturer":{"DisplayValue":"GORGECRAFT","Label":"Manufacturer","Locale":"es_ES"}},"Title":{"DisplayValue":"GORGECRAFT 2 Pulsera de Cuero para Hombre Y Mujer, Brazaletes de Armadura Medieval, Muñequeras Vikingas, Protectores de Brazo, Hebilla de Tiro con Arco, Brazaletes de Cuero Unisex(Negro)","Label":"Title","Locale":"es_ES"}},"Offers":{"Summaries":[{"Condition":{"Value":"New"},"LowestPrice":{"Amount":16.99,"Currency":"EUR","DisplayAmount":"16,99 €"}}]}},{"ASIN":"B0C5Q1R773","DetailPageURL":"https://www.amazon.es/dp/B0C5Q1R773?tag=topinalambricos-21&linkCode=osi&th=1&psc=1","Images":{"Primary":{"Small":{"Height":75,"URL":"https://m.media-amazon.com/images/I/51dQDrwNZ6L._SL75_.jpg","Width":75}}},"ItemInfo":{"ByLineInfo":{"Brand":{"DisplayValue":"MOFLYS","Label":"Brand","Locale":"es_ES"},"Manufacturer":{"DisplayValue":"z253000832","Label":"Manufacturer","Locale":"es_ES"}},"Title":{"DisplayValue":"MOFLYS Armadura De Pecho Medieval Ajustable Premium Protector De Cuero De Imitación Armadura De Caballero Vikingo Almohadillas De Hombro para Hombre Protector De Hombro De Gladiador Estilo Medieval","Label":"Title","Locale":"es_ES"}},"Offers":{"Summaries":[{"Condition":{"Value":"New"},"LowestPrice":{"Amount":29.43,"Currency":"EUR","DisplayAmount":"29,43 €"}}]}},{"ASIN":"B0B7WXZFXR","DetailPageURL":"https://www.amazon.es/dp/B0B7WXZFXR?tag=topinalambricos-21&linkCode=osi&th=1&psc=1","Images":{"Primary":{"Small":{"Height":75,"URL":"https://m.media-amazon.com/images/I/51qLTFrHaJL._SL75_.jpg","Width":75}}},"ItemInfo":{"ByLineInfo":{"Brand":{"DisplayValue":"COSFAN","Label":"Brand","Locale":"es_ES"},"Manufacturer":{"DisplayValue":"COSFAN","Label":"Manufacturer","Locale":"es_ES"}},"Title":{"DisplayValue":"Brazales Vikingos Medievales Protectores De Brazo De Cuero Pu Viking Vegvisir En Relieve Brazalete Guantelete Pulsera Armadura De Caballero Para Mujeres Hombres Niños Cosplay LARP (Caqui)","Label":"Title","Locale":"es_ES"}},"Offers":{"Summaries":[{"Condition":{"Value":"New"},"LowestPrice":{"Amount":21.99,"Currency":"EUR","DisplayAmount":"21,99 €"}}]}},{"ASIN":"B09GLWYH4Q","DetailPageURL":"https://www.amazon.es/dp/B09GLWYH4Q?tag=topinalambricos-21&linkCode=osi&th=1&psc=1","Images":{"Primary":{"Small":{"Height":75,"URL":"https://m.media-amazon.com/images/I/410hgmwBaHL._SL75_.jpg","Width":75}}},"ItemInfo":{"ByLineInfo":{"Brand":{"DisplayValue":"LYY","Label":"Brand","Locale":"es_ES"},"Manufacturer":{"DisplayValue":"UUK","Label":"Manufacturer","Locale":"es_ES"}},"Title":{"DisplayValue":"LYY Armadura De Chaleco Steampunk para Hombres Protector De Pecho De Cuero Retro Medieval Armadura Pesada Ajustable, Remache Coraza Disfraz De Guerrero para Cosplay,Negro","Label":"Title","Locale":"es_ES"}},"Offers":{"Summaries":[{"Condition":{"Value":"New"},"LowestPrice":{"Amount":60.99,"Currency":"EUR","DisplayAmount":"60,99 €"}}]}},{"ASIN":"B09C8736D3","DetailPageURL":"https://www.amazon.es/dp/B09C8736D3?tag=topinalambricos-21&linkCode=osi&th=1&psc=1","Images":{"Primary":{"Small":{"Height":75,"URL":"https://m.media-amazon.com/images/I/41+S6MywutL._SL75_.jpg","Width":75}}},"ItemInfo":{"ByLineInfo":{"Brand":{"DisplayValue":"Proumhang","Label":"Brand","Locale":"es_ES"},"Manufacturer":{"DisplayValue":"Proumhang","Label":"Manufacturer","Locale":"es_ES"}},"Title":{"DisplayValue":"Proumhang Disfraz Medieval para Hombre, Armaduras de Caballero, Cuero PU, Halloween, Accesorio para Cosplay, Chaleco + Protector de hombro izquierdo y derecho","Label":"Title","Locale":"es_ES"}},"Offers":{"Summaries":[{"Condition":{"Value":"New"},"LowestPrice":{"Amount":36.99,"Currency":"EUR","DisplayAmount":"36,99 €"}}]}},{"ASIN":"B0BJD62DV4","DetailPageURL":"https://www.amazon.es/dp/B0BJD62DV4?tag=topinalambricos-21&linkCode=osi&th=1&psc=1","Images":{"Primary":{"Small":{"Height":75,"URL":"https://m.media-amazon.com/images/I/41SKxtUDSvL._SL75_.jpg","Width":75}}},"ItemInfo":{"ByLineInfo":{"Brand":{"DisplayValue":"Desconocido","Label":"Brand","Locale":"es_ES"},"Manufacturer":{"DisplayValue":"Generic","Label":"Manufacturer","Locale":"es_ES"}},"Title":{"DisplayValue":"Pulsera de guantelete medieval, ajustable con guantelete, brazalete de armadura de brazo, brazalete de cuero, protector de brazo ancho punk para hombres y mujeres","Label":"Title","Locale":"es_ES"}},"Offers":{"Summaries":[{"Condition":{"Value":"New"},"LowestPrice":{"Amount":11.79,"Currency":"EUR","DisplayAmount":"11,79 €"}}]}},{"ASIN":"B09QHKFR3T","DetailPageURL":"https://www.amazon.es/dp/B09QHKFR3T?tag=topinalambricos-21&linkCode=osi&th=1&psc=1","Images":{"Primary":{"Small":{"Height":75,"URL":"https://m.media-amazon.com/images/I/51pwwJ+xBWL._SL75_.jpg","Width":75}}},"ItemInfo":{"ByLineInfo":{"Brand":{"DisplayValue":"Thajaling","Label":"Brand","Locale":"es_ES"},"Manufacturer":{"DisplayValue":"Thajaling","Label":"Manufacturer","Locale":"es_ES"}},"Title":{"DisplayValue":"2 Piezas de Armadura Cruzada de Cuero, brazales Medievales de Tiro con Arco, muñequera de guantelete Vikingo, Brazales de Cuero de Vaca de Moda nórdica (marrón)","Label":"Title","Locale":"es_ES"}},"Offers":{"Summaries":[{"Condition":{"Value":"New"},"LowestPrice":{"Amount":21.99,"Currency":"EUR","DisplayAmount":"21,99 €"}}]}},{"ASIN":"B0B2PPWQ14","DetailPageURL":"https://www.amazon.es/dp/B0B2PPWQ14?tag=topinalambricos-21&linkCode=osi&th=1&psc=1","Images":{"Primary":{"Small":{"Height":66,"URL":"https://m.media-amazon.com/images/I/41hS4iIUJwL._SL75_.jpg","Width":75}}},"ItemInfo":{"ByLineInfo":{"Brand":{"DisplayValue":"RDX","Label":"Brand","Locale":"es_ES"},"Manufacturer":{"DisplayValue":"RDX","Label":"Manufacturer","Locale":"es_ES"}},"Title":{"DisplayValue":"RDX Protector de Pecho, Maya Hide Cuero Protector De Cuerpo Acolchado Ajustable Mam capacitación, Muay Thai, Artes Marciales, Armadura de Escudo de Costilla Entrenamiento Kickboxing","Label":"Title","Locale":"es_ES"}},"Offers":{"Summaries":[{"Condition":{"Value":"New"},"LowestPrice":{"Amount":65.99,"Currency":"EUR","DisplayAmount":"65,99 €"}}]}},{"ASIN":"B0B3WVV5V5","DetailPageURL":"https://www.amazon.es/dp/B0B3WVV5V5?tag=topinalambricos-21&linkCode=osi&th=1&psc=1","Images":{"Primary":{"Small":{"Height":75,"URL":"https://m.media-amazon.com/images/I/51kjXB5EL1L._SL75_.jpg","Width":75}}},"ItemInfo":{"ByLineInfo":{"Brand":{"DisplayValue":"GORGECRAFT","Label":"Brand","Locale":"es_ES"},"Manufacturer":{"DisplayValue":"GORGECRAFT","Label":"Manufacturer","Locale":"es_ES"}},"Title":{"DisplayValue":"GORGECRAFT 2PCS Brazalete de Cuero Brazaletes de Armadura Medieval Patrón de Martillo Protectores de Muñequera Protector de Brazo Hebilla de Tiro con Arco Brazaletes de Cuero Unisex(Marrón Coco)","Label":"Title","Locale":"es_ES"}},"Offers":{"Summaries":[{"Condition":{"Value":"New"},"LowestPrice":{"Amount":16.49,"Currency":"EUR","DisplayAmount":"16,49 €"}}]}},{"ASIN":"B0B7X5JVGD","DetailPageURL":"https://www.amazon.es/dp/B0B7X5JVGD?tag=topinalambricos-21&linkCode=osi&th=1&psc=1","Images":{"Primary":{"Small":{"Height":75,"URL":"https://m.media-amazon.com/images/I/41kOP1zWURL._SL75_.jpg","Width":75}}},"ItemInfo":{"ByLineInfo":{"Brand":{"DisplayValue":"COSFAN","Label":"Brand","Locale":"es_ES"},"Manufacturer":{"DisplayValue":"COSFAN","Label":"Manufacturer","Locale":"es_ES"}},"Title":{"DisplayValue":"COSFAN Viking Thor's Hammer Brazalete De Cuero Puños De Brazo Vikingo Armadura De Brazo De Cuero En Relieve Brazalete Medieval Brazo Brazalete Retro Guardia Caballero LARP Protectores De Brazo","Label":"Title","Locale":"es_ES"}},"Offers":{"Summaries":[{"Condition":{"Value":"New"},"LowestPrice":{"Amount":18.99,"Currency":"EUR","DisplayAmount":"18,99 €"}}]}}],"SearchURL":"https://www.amazon.es/s?k=armadura+protector+cuero&rh=p_n_availability%3A-1&tag=topinalambricos-21&linkCode=osi","TotalResultCount":306}},"206":{"SearchResult":{"Items":[{"ASIN":"B0BL2B6QSR","DetailPageURL":"https://www.amazon.es/dp/B0BL2B6QSR?tag=topinalambricos-21&linkCode=osi&th=1&psc=1","Images":{"Primary":{"Small":{"Height":75,"URL":"https://m.media-amazon.com/images/I/31dMyGCAD7L._SL75_.jpg","Width":75}}},"ItemInfo":{"ByLineInfo":{"Brand":{"DisplayValue":"AMIJOUX","Label":"Brand","Locale":"es_ES"},"Manufacturer":{"DisplayValue":"AMIJOUX","Label":"Manufacturer","Locale":"es_ES"}},"Title":{"DisplayValue":"AMIJOUX Látigo de Cuero Sintético para Caballos Fusta de Equitación Ecuestre Látigos para Deportes Al Aire Libre Pala de Cuero Sintético para Caballos Herramienta de Equitación Y Entrenamiento","Label":"Title","Locale":"es_ES"}},"Offers":{"Summaries":[{"Condition":{"Value":"New"},"LowestPrice":{"Amount":13.78,"Currency":"EUR","DisplayAmount":"13,78 €"}}]}},{"ASIN":"B09331V2T9","DetailPageURL":"https://www.amazon.es/dp/B09331V2T9?tag=topinalambricos-21&linkCode=osi&th=1&psc=1","Images":{"Primary":{"Small":{"Height":75,"URL":"https://m.media-amazon.com/images/I/41Tqzsh-ALS._SL75_.jpg","Width":75}}},"ItemInfo":{"ByLineInfo":{"Brand":{"DisplayValue":"Baven","Label":"Brand","Locale":"es_ES"},"Manufacturer":{"DisplayValue":"Baven","Label":"Manufacturer","Locale":"es_ES"}},"Title":{"DisplayValue":"Baven latigo Cuerode Cuero Artificial Suave, Mango de latigos,Fusta Caballo Herramienta de Entrenamiento, Accesorios para Disfraces, Cultivo para Montar a Caballo para Deportes al Aire Libre","Label":"Title","Locale":"es_ES"}},"Offers":{"Summaries":[{"Condition":{"Value":"New"},"LowestPrice":{"Amount":11.89,"Currency":"EUR","DisplayAmount":"11,89 €"}}]}},{"ASIN":"B0BX4MHCG4","DetailPageURL":"https://www.amazon.es/dp/B0BX4MHCG4?tag=topinalambricos-21&linkCode=osi&th=1&psc=1","Images":{"Primary":{"Small":{"Height":75,"URL":"https://m.media-amazon.com/images/I/31y2mTpZA-L._SL75_.jpg","Width":75}}},"ItemInfo":{"ByLineInfo":{"Brand":{"DisplayValue":"Acan","Label":"Brand","Locale":"es_ES"},"Manufacturer":{"DisplayValue":"Acan","Label":"Manufacturer","Locale":"es_ES"}},"Title":{"DisplayValue":"Acan Tradineur - Látigo de cuero para adulto, accesorio para disfraz de domador, gatita sexy, carnaval, Halloween, cosplay, fiestas (Negro, 200 cm)","Label":"Title","Locale":"es_ES"}},"Offers":{"Summaries":[{"Condition":{"Value":"New"},"LowestPrice":{"Amount":9.5,"Currency":"EUR","DisplayAmount":"9,50 €"}}]}},{"ASIN":"B09NPPNJXX","DetailPageURL":"https://www.amazon.es/dp/B09NPPNJXX?tag=topinalambricos-21&linkCode=osi&th=1&psc=1","Images":{"Primary":{"Small":{"Height":75,"URL":"https://m.media-amazon.com/images/I/41i1DlED9WL._SL75_.jpg","Width":75}}},"ItemInfo":{"ByLineInfo":{"Brand":{"DisplayValue":"GeKLok","Label":"Brand","Locale":"es_ES"},"Manufacturer":{"DisplayValue":"GeKLok","Label":"Manufacturer","Locale":"es_ES"}},"Title":{"DisplayValue":"GeKLok Látigo de caballo, látigo de cuero sintético trenzado, cultivos de equitación y látigos, 120cm","Label":"Title","Locale":"es_ES"}},"Offers":{"Summaries":[{"Condition":{"Value":"New"},"LowestPrice":{"Amount":19.99,"Currency":"EUR","DisplayAmount":"19,99 €"}}]}},{"ASIN":"B09MCYMQYX","DetailPageURL":"https://www.amazon.es/dp/B09MCYMQYX?tag=topinalambricos-21&linkCode=osi&th=1&psc=1","Images":{"Primary":{"Small":{"Height":75,"URL":"https://m.media-amazon.com/images/I/4127n9Me+1L._SL75_.jpg","Width":75}}},"ItemInfo":{"ByLineInfo":{"Brand":{"DisplayValue":"XinLace","Label":"Brand","Locale":"es_ES"},"Manufacturer":{"DisplayValue":"XinLace","Label":"Manufacturer","Locale":"es_ES"}},"Title":{"DisplayValue":"Látigo Ecuestre de Cuero exótico Rojo Negro","Label":"Title","Locale":"es_ES"}},"Offers":{"Summaries":[{"Condition":{"Value":"New"},"LowestPrice":{"Amount":18.99,"Currency":"EUR","DisplayAmount":"18,99 €"}}]}},{"ASIN":"B01F7VW8JM","DetailPageURL":"https://www.amazon.es/dp/B01F7VW8JM?tag=topinalambricos-21&linkCode=osi&th=1&psc=1","Images":{"Primary":{"Small":{"Height":75,"URL":"https://m.media-amazon.com/images/I/61LHUo1jKDL._SL75_.jpg","Width":75}}},"ItemInfo":{"ByLineInfo":{"Contributors":[{"Locale":"es_ES","Name":"Discipulos De Dionisos","Role":"Colaborador principal","RoleType":"primary_contributor"}],"Manufacturer":{"DisplayValue":"No Tomorrow Records","Label":"Manufacturer","Locale":"es_ES"}},"Title":{"DisplayValue":"Látigo Rojo de Cuero [Explicit]","Label":"Title","Locale":"es_ES"}},"Offers":{"Summaries":[{"Condition":{"Value":"New"},"LowestPrice":{"Amount":0.99,"Currency":"EUR","DisplayAmount":"0,99 €"}}]}},{"ASIN":"B09VK1YXCW","DetailPageURL":"https://www.amazon.es/dp/B09VK1YXCW?tag=topinalambricos-21&linkCode=osi&th=1&psc=1","Images":{"Primary":{"Small":{"Height":70,"URL":"https://m.media-amazon.com/images/I/31zUm-P4tOL._SL75_.jpg","Width":75}}},"ItemInfo":{"ByLineInfo":{"Brand":{"DisplayValue":"The Naughty Cowboy","Label":"Brand","Locale":"es_ES"},"Manufacturer":{"DisplayValue":"The Naughty Cowboy","Label":"Manufacturer","Locale":"es_ES"}},"Title":{"DisplayValue":"Vaquero de cuero crudo | Látigo de cuero divertido Camiseta","Label":"Title","Locale":"es_ES"}},"Offers":{"Summaries":[{"Condition":{"Value":"New"},"LowestPrice":{"Amount":16.49,"Currency":"EUR","DisplayAmount":"16,49 €"}}]}},{"ASIN":"B09VFYM1SP","DetailPageURL":"https://www.amazon.es/dp/B09VFYM1SP?tag=topinalambricos-21&linkCode=osi&th=1&psc=1","Images":{"Primary":{"Small":{"Height":70,"URL":"https://m.media-amazon.com/images/I/31rgYMSbIbL._SL75_.jpg","Width":75}}},"ItemInfo":{"ByLineInfo":{"Brand":{"DisplayValue":"The Naughty Cowboy","Label":"Brand","Locale":"es_ES"},"Manufacturer":{"DisplayValue":"The Naughty Cowboy","Label":"Manufacturer","Locale":"es_ES"}},"Title":{"DisplayValue":"Vaquero de cuero crudo | Látigo de cuero divertido Manga Larga","Label":"Title","Locale":"es_ES"}},"Offers":{"Summaries":[{"Condition":{"Value":"New"},"LowestPrice":{"Amount":19.99,"Currency":"EUR","DisplayAmount":"19,99 €"}}]}},{"ASIN":"B0B1MGSX3G","DetailPageURL":"https://www.amazon.es/dp/B0B1MGSX3G?tag=topinalambricos-21&linkCode=osi&th=1&psc=1","Images":{"Primary":{"Small":{"Height":70,"URL":"https://m.media-amazon.com/images/I/31O-NUueDTL._SL75_.jpg","Width":75}}},"ItemInfo":{"ByLineInfo":{"Brand":{"DisplayValue":"Secret BDSM Society Bondage Dominatrix Gear","Label":"Brand","Locale":"es_ES"},"Manufacturer":{"DisplayValue":"Secret BDSM Society Bondage Dominatrix Gear","Label":"Manufacturer","Locale":"es_ES"}},"Title":{"DisplayValue":"BDSM S&M Dominatrix De Cuero Traje Dominación BDSM Látigo Camiseta","Label":"Title","Locale":"es_ES"}},"Offers":{"Summaries":[{"Condition":{"Value":"New"},"LowestPrice":{"Amount":16.49,"Currency":"EUR","DisplayAmount":"16,49 €"}}]}},{"ASIN":"B09VFZC4P9","DetailPageURL":"https://www.amazon.es/dp/B09VFZC4P9?tag=topinalambricos-21&linkCode=osi&th=1&psc=1","Images":{"Primary":{"Small":{"Height":70,"URL":"https://m.media-amazon.com/images/I/318n+jrixbL._SL75_.jpg","Width":75}}},"ItemInfo":{"ByLineInfo":{"Brand":{"DisplayValue":"The Naughty Cowboy","Label":"Brand","Locale":"es_ES"},"Manufacturer":{"DisplayValue":"The Naughty Cowboy","Label":"Manufacturer","Locale":"es_ES"}},"Title":{"DisplayValue":"Mujer Vaquero de cuero crudo | Látigo de cuero divertido Camiseta Cuello V","Label":"Title","Locale":"es_ES"}},"Offers":{"Summaries":[{"Condition":{"Value":"New"},"LowestPrice":{"Amount":17.49,"Currency":"EUR","DisplayAmount":"17,49 €"}}]}}],"SearchURL":"https://www.amazon.es/s?k=latigos+cuero&rh=p_n_availability%3A-1&tag=topinalambricos-21&linkCode=osi","TotalResultCount":306}},"207":{"SearchResult":{"Items":[{"ASIN":"B08GYHKNPP","DetailPageURL":"https://www.amazon.es/dp/B08GYHKNPP?tag=topinalambricos-21&linkCode=osi&th=1&psc=1","Images":{"Primary":{"Small":{"Height":75,"URL":"https://m.media-amazon.com/images/I/21hRAieUAVL._SL75_.jpg","Width":49}}},"ItemInfo":{"ByLineInfo":{"Brand":{"DisplayValue":"CERYLAC","Label":"Brand","Locale":"es_ES"},"Manufacturer":{"DisplayValue":"CERYLAC","Label":"Manufacturer","Locale":"es_ES"}},"Title":{"DisplayValue":"CERYLAC Aceite para afilado – 500 ml.","Label":"Title","Locale":"es_ES"}},"Offers":{"Summaries":[{"Condition":{"Value":"New"},"LowestPrice":{"Amount":17.95,"Currency":"EUR","DisplayAmount":"17,95 €"}}]}},{"ASIN":"B00FFJ9TLW","DetailPageURL":"https://www.amazon.es/dp/B00FFJ9TLW?tag=topinalambricos-21&linkCode=osi&th=1&psc=1","Images":{"Primary":{"Small":{"Height":75,"URL":"https://m.media-amazon.com/images/I/41LXI2V9VhL._SL75_.jpg","Width":75}}},"ItemInfo":{"ByLineInfo":{"Brand":{"DisplayValue":"FLEXCUT","Label":"Brand","Locale":"es_ES"},"Manufacturer":{"DisplayValue":"Flexcut","Label":"Manufacturer","Locale":"es_ES"}},"Title":{"DisplayValue":"Flexcut FLEXPW14 Cuchillo a Lama Fissa,Unisex - Adulto, Dorado, un tamaño","Label":"Title","Locale":"es_ES"}},"Offers":{"Summaries":[{"Condition":{"Value":"New"},"LowestPrice":{"Amount":13.2,"Currency":"EUR","DisplayAmount":"13,20 €"}}]}},{"ASIN":"B001KN3OKO","DetailPageURL":"https://www.amazon.es/dp/B001KN3OKO?tag=topinalambricos-21&linkCode=osi&th=1&psc=1","Images":{"Primary":{"Small":{"Height":53,"URL":"https://m.media-amazon.com/images/I/41qG9yq+GTL._SL75_.jpg","Width":75}}},"ItemInfo":{"ByLineInfo":{"Brand":{"DisplayValue":"Lansky","Label":"Brand","Locale":"es_ES"},"Manufacturer":{"DisplayValue":"Lansky Sharpeners","Label":"Manufacturer","Locale":"es_ES"}},"Title":{"DisplayValue":"Lansky LS50 Affilacoltelli,Unisex - Adulto, Rojo, un tamaño","Label":"Title","Locale":"es_ES"}},"Offers":{"Summaries":[{"Condition":{"Value":"New"},"LowestPrice":{"Amount":76.83,"Currency":"EUR","DisplayAmount":"76,83 €"}}]}}],"SearchURL":"https://www.amazon.es/s?k=asentador+cuero&rh=n%3A2928540031%2Cp_n_availability%3A-1&tag=topinalambricos-21&linkCode=osi","TotalResultCount":3}},"208":{"SearchResult":{"Items":[{"ASIN":"B08RW95CPZ","DetailPageURL":"https://www.amazon.es/dp/B08RW95CPZ?tag=topinalambricos-21&linkCode=osi&th=1&psc=1","Images":{"Primary":{"Small":{"Height":75,"URL":"https://m.media-amazon.com/images/I/417m5Q55f4L._SL75_.jpg","Width":75}}},"ItemInfo":{"ByLineInfo":{"Brand":{"DisplayValue":"LAOLIU","Label":"Brand","Locale":"es_ES"},"Manufacturer":{"DisplayValue":"LAOLIU","Label":"Manufacturer","Locale":"es_ES"}},"Title":{"DisplayValue":"LAOLIU Protector De Pecho, Boxeo MMA, Protección Corporal, Equipo De Protección Profesional De Artes Marciales, Muay Thai, Taekwondo, Entrenamiento De Equipo Protector De Karate (White)","Label":"Title","Locale":"es_ES"}},"Offers":{"Summaries":[{"Condition":{"Value":"New"},"LowestPrice":{"Amount":173.77,"Currency":"EUR","DisplayAmount":"173,77 €"}}]}},{"ASIN":"B07878QCPT","DetailPageURL":"https://www.amazon.es/dp/B07878QCPT?tag=topinalambricos-21&linkCode=osi&th=1&psc=1","Images":{"Primary":{"Small":{"Height":75,"URL":"https://m.media-amazon.com/images/I/51QGzE2CYPL._SL75_.jpg","Width":75}}},"ItemInfo":{"ByLineInfo":{"Brand":{"DisplayValue":"Fairtex","Label":"Brand","Locale":"es_ES"},"Manufacturer":{"DisplayValue":"fairtex","Label":"Manufacturer","Locale":"es_ES"}},"Title":{"DisplayValue":"Fairtex Pro Muay Thai BPV1 - Protector de piel para el vientre","Label":"Title","Locale":"es_ES"}},"Offers":{"Summaries":[{"Condition":{"Value":"New"},"LowestPrice":{"Amount":129.9,"Currency":"EUR","DisplayAmount":"129,90 €"}}]}},{"ASIN":"B0872NXNS6","DetailPageURL":"https://www.amazon.es/dp/B0872NXNS6?tag=topinalambricos-21&linkCode=osi&th=1&psc=1","Images":{"Primary":{"Small":{"Height":75,"URL":"https://m.media-amazon.com/images/I/31Kz75XdPqL._SL75_.jpg","Width":75}}},"ItemInfo":{"ByLineInfo":{"Brand":{"DisplayValue":"Feixunfan","Label":"Brand","Locale":"es_ES"},"Manufacturer":{"DisplayValue":"Feixunfan","Label":"Manufacturer","Locale":"es_ES"}},"Title":{"DisplayValue":"Feixunfan Protector de Pecho Chest Guard Peto de Taekwondo de Piel Protector del Cuerpo de Boxeo Artes Marciales para el Boxeo MMA (Color : Yellow, Size : L)","Label":"Title","Locale":"es_ES"}},"Offers":{"Summaries":[{"Condition":{"Value":"New"},"LowestPrice":{"Amount":78.42,"Currency":"EUR","DisplayAmount":"78,42 €"}}]}},{"ASIN":"B01DDQVEZC","DetailPageURL":"https://www.amazon.es/dp/B01DDQVEZC?tag=topinalambricos-21&linkCode=osi&th=1&psc=1","Images":{"Primary":{"Small":{"Height":50,"URL":"https://m.media-amazon.com/images/I/41J+sQErw4L._SL75_.jpg","Width":75}}},"ItemInfo":{"ByLineInfo":{"Brand":{"DisplayValue":"Lisaro","Label":"Brand","Locale":"es_ES"},"Manufacturer":{"DisplayValue":"Lisaro","Label":"Manufacturer","Locale":"es_ES"}},"Title":{"DisplayValue":"Lisaro Belly - Protector de barriga, de piel sintética, para artes marciales, Muay Thai","Label":"Title","Locale":"es_ES"}},"Offers":{"Summaries":[{"Condition":{"Value":"New"},"LowestPrice":{"Amount":94.9,"Currency":"EUR","DisplayAmount":"94,90 €"}}]}},{"ASIN":"B07FPQW38V","DetailPageURL":"https://www.amazon.es/dp/B07FPQW38V?tag=topinalambricos-21&linkCode=osi&th=1&psc=1","Images":{"Primary":{"Small":{"Height":75,"URL":"https://m.media-amazon.com/images/I/41qh4juyyML._SL75_.jpg","Width":56}}},"ItemInfo":{"ByLineInfo":{"Brand":{"DisplayValue":"Montana","Label":"Brand","Locale":"es_ES"},"Manufacturer":{"DisplayValue":"DAU1N|#Montana","Label":"Manufacturer","Locale":"es_ES"}},"Title":{"DisplayValue":"Montana Hellcat Piel – Guantes MMA Mixta Adulto, Negro","Label":"Title","Locale":"es_ES"}},"Offers":{"Summaries":[{"Condition":{"Value":"New"},"LowestPrice":{"Amount":31.53,"Currency":"EUR","DisplayAmount":"31,53 €"}}]}},{"ASIN":"B09XV18GV6","DetailPageURL":"https://www.amazon.es/dp/B09XV18GV6?tag=topinalambricos-21&linkCode=osi&th=1&psc=1","Images":{"Primary":{"Small":{"Height":58,"URL":"https://m.media-amazon.com/images/I/41Lnah1UXfL._SL75_.jpg","Width":75}}},"ItemInfo":{"ByLineInfo":{"Brand":{"DisplayValue":"baidicheng","Label":"Brand","Locale":"es_ES"},"Manufacturer":{"DisplayValue":"baidicheng","Label":"Manufacturer","Locale":"es_ES"}},"Title":{"DisplayValue":"Warrior Chest Armor medieval - Chaleco de piel sintética de piel sintética LARP, armadura medieval para fiestas, cosplay, Halloween (color: armadura de barco de dragón vikingo)","Label":"Title","Locale":"es_ES"}},"Offers":{"Summaries":[{"Condition":{"Value":"New"},"LowestPrice":{"Amount":171.56,"Currency":"EUR","DisplayAmount":"171,56 €"}}]}},{"ASIN":"B07DJ62GD4","DetailPageURL":"https://www.amazon.es/dp/B07DJ62GD4?tag=topinalambricos-21&linkCode=osi&th=1&psc=1","Images":{"Primary":{"Small":{"Height":75,"URL":"https://m.media-amazon.com/images/I/51BQ6zSeIML._SL75_.jpg","Width":72}}},"ItemInfo":{"ByLineInfo":{"Brand":{"DisplayValue":"Montana","Label":"Brand","Locale":"es_ES"},"Manufacturer":{"DisplayValue":"DAU1N|#Montana","Label":"Manufacturer","Locale":"es_ES"}},"Title":{"DisplayValue":"Montana Hellfire Piel – Guantes MMA Mixta Adulto, Plata","Label":"Title","Locale":"es_ES"}},"Offers":{"Summaries":[{"Condition":{"Value":"New"},"LowestPrice":{"Amount":27.19,"Currency":"EUR","DisplayAmount":"27,19 €"}}]}},{"ASIN":"B07DJ61N8F","DetailPageURL":"https://www.amazon.es/dp/B07DJ61N8F?tag=topinalambricos-21&linkCode=osi&th=1&psc=1","Images":{"Primary":{"Small":{"Height":75,"URL":"https://m.media-amazon.com/images/I/51xgi6bHRdL._SL75_.jpg","Width":71}}},"ItemInfo":{"ByLineInfo":{"Brand":{"DisplayValue":"Montana","Label":"Brand","Locale":"es_ES"},"Manufacturer":{"DisplayValue":"DAU1N|#Montana","Label":"Manufacturer","Locale":"es_ES"}},"Title":{"DisplayValue":"Montana Hellfire Piel – Guantes MMA Mixta Adulto, Negro","Label":"Title","Locale":"es_ES"}},"Offers":{"Summaries":[{"Condition":{"Value":"New"},"LowestPrice":{"Amount":37.01,"Currency":"EUR","DisplayAmount":"37,01 €"}}]}},{"ASIN":"B07DJ5R1HS","DetailPageURL":"https://www.amazon.es/dp/B07DJ5R1HS?tag=topinalambricos-21&linkCode=osi&th=1&psc=1","Images":{"Primary":{"Small":{"Height":75,"URL":"https://m.media-amazon.com/images/I/51BQ6zSeIML._SL75_.jpg","Width":72}}},"ItemInfo":{"ByLineInfo":{"Brand":{"DisplayValue":"Montana","Label":"Brand","Locale":"es_ES"},"Manufacturer":{"DisplayValue":"DAU1N|#Montana","Label":"Manufacturer","Locale":"es_ES"}},"Title":{"DisplayValue":"Montana Hellfire Piel – Guantes MMA Mixta Adulto, Plata","Label":"Title","Locale":"es_ES"}},"Offers":{"Summaries":[{"Condition":{"Value":"New"},"LowestPrice":{"Amount":44.63,"Currency":"EUR","DisplayAmount":"44,63 €"}}]}},{"ASIN":"B07DJ54SK3","DetailPageURL":"https://www.amazon.es/dp/B07DJ54SK3?tag=topinalambricos-21&linkCode=osi&th=1&psc=1","Images":{"Primary":{"Small":{"Height":75,"URL":"https://m.media-amazon.com/images/I/41Bg-VTJxKL._SL75_.jpg","Width":75}}},"ItemInfo":{"ByLineInfo":{"Brand":{"DisplayValue":"Montana","Label":"Brand","Locale":"es_ES"},"Manufacturer":{"DisplayValue":"DAU1N|#Montana","Label":"Manufacturer","Locale":"es_ES"}},"Title":{"DisplayValue":"Montana MS3000 Piel sin Dedos XL Guantes MMA Unisex, Negro","Label":"Title","Locale":"es_ES"}},"Offers":{"Summaries":[{"Condition":{"Value":"New"},"LowestPrice":{"Amount":26.43,"Currency":"EUR","DisplayAmount":"26,43 €"}}]}}],"SearchURL":"https://www.amazon.es/s?k=peto+piel&rh=n%3A2928583031%2Cp_n_availability%3A-1&tag=topinalambricos-21&linkCode=osi","TotalResultCount":19}},"210":{"SearchResult":{"Items":[{"ASIN":"B088RGK51K","DetailPageURL":"https://www.amazon.es/dp/B088RGK51K?tag=topinalambricos-21&linkCode=osi&th=1&psc=1","Images":{"Primary":{"Small":{"Height":75,"URL":"https://m.media-amazon.com/images/I/41OZ-XyE2yL._SL75_.jpg","Width":61}}},"ItemInfo":{"ByLineInfo":{"Brand":{"DisplayValue":"MICHUR OUR WORLD OF PETS FINEST","Label":"Brand","Locale":"es_ES"},"Manufacturer":{"DisplayValue":"MICHUR OUR WORLD OF PETS FINEST","Label":"Manufacturer","Locale":"es_ES"}},"Title":{"DisplayValue":"MICHUR Cucciolo Arnés para Perro de Cuero, arnés de Cuero para Perros pequeños o minis, Cachorros, Marrón, Cuero, Disponibles en Diferentes tamaños","Label":"Title","Locale":"es_ES"}},"Offers":{"Summaries":[{"Condition":{"Value":"New"},"LowestPrice":{"Amount":18.95,"Currency":"EUR","DisplayAmount":"18,95 €"}}]}},{"ASIN":"B08L6WW2LM","DetailPageURL":"https://www.amazon.es/dp/B08L6WW2LM?tag=topinalambricos-21&linkCode=osi&th=1&psc=1","Images":{"Primary":{"Small":{"Height":75,"URL":"https://m.media-amazon.com/images/I/41zm9CjLP9L._SL75_.jpg","Width":75}}},"ItemInfo":{"ByLineInfo":{"Brand":{"DisplayValue":"SK9","Label":"Brand","Locale":"es_ES"},"Manufacturer":{"DisplayValue":"SK9","Label":"Manufacturer","Locale":"es_ES"}},"Title":{"DisplayValue":"SK9 Arnés de Cuero para Perro, un Arnés Profesional para Perros de Trabajo y Entrenamiento (Talla M 65-85cm, marón Oscuro)","Label":"Title","Locale":"es_ES"}},"Offers":{"Summaries":[{"Condition":{"Value":"New"},"LowestPrice":{"Amount":65.95,"Currency":"EUR","DisplayAmount":"65,95 €"}}]}},{"ASIN":"B07F8Y4W1T","DetailPageURL":"https://www.amazon.es/dp/B07F8Y4W1T?tag=topinalambricos-21&linkCode=osi&th=1&psc=1","Images":{"Primary":{"Small":{"Height":75,"URL":"https://m.media-amazon.com/images/I/51TyXCKUUgL._SL75_.jpg","Width":75}}},"ItemInfo":{"ByLineInfo":{"Brand":{"DisplayValue":"Bestia","Label":"Brand","Locale":"es_ES"},"Manufacturer":{"DisplayValue":"Bestia","Label":"Manufacturer","Locale":"es_ES"}},"Title":{"DisplayValue":"Bestia Aztec arnés de Cuero para Perros Grandes","Label":"Title","Locale":"es_ES"}},"Offers":{"Summaries":[{"Condition":{"Value":"New"},"LowestPrice":{"Amount":126.0,"Currency":"EUR","DisplayAmount":"126,00 €"}}]}},{"ASIN":"B09PZT11SD","DetailPageURL":"https://www.amazon.es/dp/B09PZT11SD?tag=topinalambricos-21&linkCode=osi&th=1&psc=1","Images":{"Primary":{"Small":{"Height":75,"URL":"https://m.media-amazon.com/images/I/41NyglhJJNL._SL75_.jpg","Width":75}}},"ItemInfo":{"ByLineInfo":{"Brand":{"DisplayValue":"Heydoggy","Label":"Brand","Locale":"es_ES"},"Manufacturer":{"DisplayValue":"Heydoggy","Label":"Manufacturer","Locale":"es_ES"}},"Title":{"DisplayValue":"Arnés para Perro de Cuero Suave, Antitirones Arnes Tipo Chaleco Ajustable [Fácil de Limpiar] con Hebilla de Oro Rosa & Duradero Nylon, Cómodos Antitracción para Cachorro Pequeño Mediano Grande","Label":"Title","Locale":"es_ES"}},"Offers":{"Summaries":[{"Condition":{"Value":"New"},"LowestPrice":{"Amount":29.99,"Currency":"EUR","DisplayAmount":"29,99 €"}}]}},{"ASIN":"B085C95SJF","DetailPageURL":"https://www.amazon.es/dp/B085C95SJF?tag=topinalambricos-21&linkCode=osi&th=1&psc=1","Images":{"Primary":{"Small":{"Height":75,"URL":"https://m.media-amazon.com/images/I/51V0fqA15IS._SL75_.jpg","Width":75}}},"ItemInfo":{"ByLineInfo":{"Brand":{"DisplayValue":"HUNTER","Label":"Brand","Locale":"es_ES"},"Manufacturer":{"DisplayValue":"HUNTER","Label":"Manufacturer","Locale":"es_ES"}},"Title":{"DisplayValue":"HUNTER Aalborg Mixed - Arnés para Perro, XS-S, coñac/Gris","Label":"Title","Locale":"es_ES"}},"Offers":{"Summaries":[{"Condition":{"Value":"New"},"LowestPrice":{"Amount":48.85,"Currency":"EUR","DisplayAmount":"48,85 €"}}]}},{"ASIN":"B07YLLRXPJ","DetailPageURL":"https://www.amazon.es/dp/B07YLLRXPJ?tag=topinalambricos-21&linkCode=osi&th=1&psc=1","Images":{"Primary":{"Small":{"Height":75,"URL":"https://m.media-amazon.com/images/I/41g2sTYMWIL._SL75_.jpg","Width":73}}},"ItemInfo":{"ByLineInfo":{"Brand":{"DisplayValue":"Carlos Diaz","Label":"Brand","Locale":"es_ES"},"Manufacturer":{"DisplayValue":"CARLOS DIAZ","Label":"Manufacturer","Locale":"es_ES"}},"Title":{"DisplayValue":"Carlos Diaz Polo de cuero genuino encerado bordado a juego de perro fácil control sin tirar atrás arnés y plomo Set L","Label":"Title","Locale":"es_ES"}},"Offers":{"Summaries":[{"Condition":{"Value":"New"},"LowestPrice":{"Amount":24.3,"Currency":"EUR","DisplayAmount":"24,30 €"}}]}},{"ASIN":"B01ER3DVLA","DetailPageURL":"https://www.amazon.es/dp/B01ER3DVLA?tag=topinalambricos-21&linkCode=osi&th=1&psc=1","Images":{"Primary":{"Small":{"Height":75,"URL":"https://m.media-amazon.com/images/I/41e7jH5vIlL._SL75_.jpg","Width":75}}},"ItemInfo":{"ByLineInfo":{"Brand":{"DisplayValue":"DDOXX","Label":"Brand","Locale":"es_ES"},"Manufacturer":{"DisplayValue":"DOGGY WORLD e.K.","Label":"Manufacturer","Locale":"es_ES"}},"Title":{"DisplayValue":"DDOXX Arnés Perro Step-In Nylon, Ajustable | Muchos Colores & Tamaños | para Perros Pequeño, Mediano y Grande | Accesorios Gato Cachorro | Rojo, S","Label":"Title","Locale":"es_ES"}},"Offers":{"Summaries":[{"Condition":{"Value":"New"},"LowestPrice":{"Amount":11.99,"Currency":"EUR","DisplayAmount":"11,99 €"}}]}},{"ASIN":"B08HZ6696D","DetailPageURL":"https://www.amazon.es/dp/B08HZ6696D?tag=topinalambricos-21&linkCode=osi&th=1&psc=1","Images":{"Primary":{"Small":{"Height":75,"URL":"https://m.media-amazon.com/images/I/41LUvbcYhvL._SL75_.jpg","Width":75}}},"ItemInfo":{"ByLineInfo":{"Brand":{"DisplayValue":"DDOXX","Label":"Brand","Locale":"es_ES"},"Manufacturer":{"DisplayValue":"DOGGY WORLD e.K.","Label":"Manufacturer","Locale":"es_ES"}},"Title":{"DisplayValue":"DDOXX Arnés Perro Air Mesh, Ajustable, Reflectante, Acolchado | Muchos Colores & Tamaños | para Perros Pequeño, Mediano y Grande | Accesorios Gato Cachorro | Amarillo, S","Label":"Title","Locale":"es_ES"}},"Offers":{"Summaries":[{"Condition":{"Value":"New"},"LowestPrice":{"Amount":13.99,"Currency":"EUR","DisplayAmount":"13,99 €"}}]}},{"ASIN":"B0BD23L98P","DetailPageURL":"https://www.amazon.es/dp/B0BD23L98P?tag=topinalambricos-21&linkCode=osi&th=1&psc=1","Images":{"Primary":{"Small":{"Height":75,"URL":"https://m.media-amazon.com/images/I/510X-Vr129L._SL75_.jpg","Width":75}}},"ItemInfo":{"ByLineInfo":{"Brand":{"DisplayValue":"Bechiva","Label":"Brand","Locale":"es_ES"},"Manufacturer":{"DisplayValue":"Bechiva","Label":"Manufacturer","Locale":"es_ES"}},"Title":{"DisplayValue":"BECHIVA Arnés de cuero real para perros pequeños. Arnés ajustable para razas pequeñas,Chihuahua, Yorkshire Terrier, maltés, pomerania, arnés fácil de quitar, chaleco de color flores","Label":"Title","Locale":"es_ES"}},"Offers":{"Summaries":[{"Condition":{"Value":"New"},"LowestPrice":{"Amount":88.9,"Currency":"EUR","DisplayAmount":"88,90 €"}}]}},{"ASIN":"B0B21WRSSW","DetailPageURL":"https://www.amazon.es/dp/B0B21WRSSW?tag=topinalambricos-21&linkCode=osi&th=1&psc=1","Images":{"Primary":{"Small":{"Height":75,"URL":"https://m.media-amazon.com/images/I/417z+GhPtuL._SL75_.jpg","Width":75}}},"ItemInfo":{"ByLineInfo":{"Brand":{"DisplayValue":"YUEHAN","Label":"Brand","Locale":"es_ES"},"Manufacturer":{"DisplayValue":"YUEHAN","Label":"Manufacturer","Locale":"es_ES"}},"Title":{"DisplayValue":"YUEHAN Arnes Perro Arnés De Perro Grande Personalizado, Arnés De Cuero De Malla Grabado Ajustable para Mascotas, Chaleco para Perros Pequeños, Medianos Y Grandes, Suministros para Mascotas XS-XL","Label":"Title","Locale":"es_ES"}},"Offers":{"Summaries":[{"Condition":{"Value":"New"},"LowestPrice":{"Amount":26.86,"Currency":"EUR","DisplayAmount":"26,86 €"}}]}}],"SearchURL":"https://www.amazon.es/s?k=arnes+cuero&rh=n%3A13442190031%2Cp_n_availability%3A-1&tag=topinalambricos-21&linkCode=osi","TotalResultCount":850}},"211":{"SearchResult":{"Items":[{"ASIN":"B07X1ZWTD5","DetailPageURL":"https://www.amazon.es/dp/B07X1ZWTD5?tag=topinalambricos-21&linkCode=osi&th=1&psc=1","Images":{"Primary":{"Small":{"Height":75,"URL":"https://m.media-amazon.com/images/I/412f0Z3ljRL._SL75_.jpg","Width":75}}},"ItemInfo":{"ByLineInfo":{"Brand":{"DisplayValue":"inlzdz","Label":"Brand","Locale":"es_ES"}},"Title":{"DisplayValue":"inlzdz Arnés de Pecho Hombre Cinturones de Cuerpo Ajustable Cuello Halter Disfraz de Armadura Charol O-Ring Steampunk Lencería Erótica Negro One Size","Label":"Title","Locale":"es_ES"}},"Offers":{"Summaries":[{"Condition":{"Value":"New"},"LowestPrice":{"Amount":18.69,"Currency":"EUR","DisplayAmount":"18,69 €"}}]}},{"ASIN":"B0BT9X9Y64","DetailPageURL":"https://www.amazon.es/dp/B0BT9X9Y64?tag=topinalambricos-21&linkCode=osi&th=1&psc=1","Images":{"Primary":{"Small":{"Height":75,"URL":"https://m.media-amazon.com/images/I/21U4rEomfML._SL75_.jpg","Width":75}}},"ItemInfo":{"ByLineInfo":{"Brand":{"DisplayValue":"HSQSMWJ","Label":"Brand","Locale":"es_ES"},"Manufacturer":{"DisplayValue":"HSQSMWJ","Label":"Manufacturer","Locale":"es_ES"}},"Title":{"DisplayValue":"HSQSMWJ Arnés de Cuero para el Pecho Tirantes Gay Cinturón Ajustable con Hebilla Disfraz Club (Color:Black,Size:One Size)","Label":"Title","Locale":"es_ES"}},"Offers":{"Summaries":[{"Condition":{"Value":"New"},"LowestPrice":{"Amount":23.99,"Currency":"EUR","DisplayAmount":"23,99 €"}}]}},{"ASIN":"B08CDSKFL9","DetailPageURL":"https://www.amazon.es/dp/B08CDSKFL9?tag=topinalambricos-21&linkCode=osi&th=1&psc=1","Images":{"Primary":{"Small":{"Height":75,"URL":"https://m.media-amazon.com/images/I/41krsrSY8HL._SL75_.jpg","Width":75}}},"ItemInfo":{"ByLineInfo":{"Brand":{"DisplayValue":"IEFIEL","Label":"Brand","Locale":"es_ES"}},"Title":{"DisplayValue":"IEFIEL Arnés de Pecho para Hombre Arnés de Cuero con Hebillas Disfraz Punk Gótico Atractivo Chest Muscle Harness Clubwear Negro One Size","Label":"Title","Locale":"es_ES"}},"Offers":{"Summaries":[{"Condition":{"Value":"New"},"LowestPrice":{"Amount":24.99,"Currency":"EUR","DisplayAmount":"24,99 €"}}]}},{"ASIN":"B0BTXJ5D4T","DetailPageURL":"https://www.amazon.es/dp/B0BTXJ5D4T?tag=topinalambricos-21&linkCode=osi&th=1&psc=1","Images":{"Primary":{"Small":{"Height":75,"URL":"https://m.media-amazon.com/images/I/31wMtbgYOdL._SL75_.jpg","Width":75}}},"ItemInfo":{"ByLineInfo":{"Brand":{"DisplayValue":"HSQSMWJ","Label":"Brand","Locale":"es_ES"},"Manufacturer":{"DisplayValue":"HSQSMWJ","Label":"Manufacturer","Locale":"es_ES"}},"Title":{"DisplayValue":"HSQSMWJ Arnés de Pecho Cuero Hombre Sexy Punk Harness Cinturón Lencería Erótica (Color:Black,Size:One Size)","Label":"Title","Locale":"es_ES"}},"Offers":{"Summaries":[{"Condition":{"Value":"New"},"LowestPrice":{"Amount":24.99,"Currency":"EUR","DisplayAmount":"24,99 €"}}]}},{"ASIN":"B0BTC2KYWG","DetailPageURL":"https://www.amazon.es/dp/B0BTC2KYWG?tag=topinalambricos-21&linkCode=osi&th=1&psc=1","Images":{"Primary":{"Small":{"Height":75,"URL":"https://m.media-amazon.com/images/I/41-So48sQcL._SL75_.jpg","Width":75}}},"ItemInfo":{"ByLineInfo":{"Brand":{"DisplayValue":"HSQSMWJ","Label":"Brand","Locale":"es_ES"},"Manufacturer":{"DisplayValue":"HSQSMWJ","Label":"Manufacturer","Locale":"es_ES"}},"Title":{"DisplayValue":"HSQSMWJ Arnés de Pecho Anillo Hebilla Ajustable Cinturón Cuero para Hombre Punk Cintura Cuerpo Cadena Chaleco(Color:Black,Size:One Size)","Label":"Title","Locale":"es_ES"}},"Offers":{"Summaries":[{"Condition":{"Value":"New"},"LowestPrice":{"Amount":23.99,"Currency":"EUR","DisplayAmount":"23,99 €"}}]}},{"ASIN":"B0BV3DXLPY","DetailPageURL":"https://www.amazon.es/dp/B0BV3DXLPY?tag=topinalambricos-21&linkCode=osi&th=1&psc=1","Images":{"Primary":{"Small":{"Height":75,"URL":"https://m.media-amazon.com/images/I/31gRklfROoL._SL75_.jpg","Width":75}}},"ItemInfo":{"ByLineInfo":{"Brand":{"DisplayValue":"HSQSMWJ","Label":"Brand","Locale":"es_ES"},"Manufacturer":{"DisplayValue":"HSQSMWJ","Label":"Manufacturer","Locale":"es_ES"}},"Title":{"DisplayValue":"HSQSMWJ Arnés de Pecho Hombre Cinturones de Cuero Ajustable Sexy Gay con Hebillas y Anillo (Color:Black,Size:One Size)","Label":"Title","Locale":"es_ES"}},"Offers":{"Summaries":[{"Condition":{"Value":"New"},"LowestPrice":{"Amount":21.99,"Currency":"EUR","DisplayAmount":"21,99 €"}}]}},{"ASIN":"B0BP69DWVR","DetailPageURL":"https://www.amazon.es/dp/B0BP69DWVR?tag=topinalambricos-21&linkCode=osi&th=1&psc=1","Images":{"Primary":{"Small":{"Height":75,"URL":"https://m.media-amazon.com/images/I/41gf9USQTAL._SL75_.jpg","Width":75}}},"ItemInfo":{"ByLineInfo":{"Brand":{"DisplayValue":"iiniim","Label":"Brand","Locale":"es_ES"}},"Title":{"DisplayValue":"iiniim Arnés de Pecho Cuerpo Hombre Correas Armadura de Hombro Ajustable Steampunk Disfraz Accesorio Prenda Gótico Disfraz de Fiesta Halloween Cosplay Clubwear Gay Rojo C Talla Única","Label":"Title","Locale":"es_ES"}},"Offers":{"Summaries":[{"Condition":{"Value":"New"},"LowestPrice":{"Amount":34.99,"Currency":"EUR","DisplayAmount":"34,99 €"}}]}},{"ASIN":"B0BT4ZKZS4","DetailPageURL":"https://www.amazon.es/dp/B0BT4ZKZS4?tag=topinalambricos-21&linkCode=osi&th=1&psc=1","Images":{"Primary":{"Small":{"Height":75,"URL":"https://m.media-amazon.com/images/I/4163EsqouIL._SL75_.jpg","Width":75}}},"ItemInfo":{"ByLineInfo":{"Brand":{"DisplayValue":"HSQSMWJ","Label":"Brand","Locale":"es_ES"},"Manufacturer":{"DisplayValue":"HSQSMWJ","Label":"Manufacturer","Locale":"es_ES"}},"Title":{"DisplayValue":"HSQSMWJ Arnés de Cuero de Cuerpo con Hebilla para Hombres Sexy Lencería Erotica (Color:Red,Size:One Size)","Label":"Title","Locale":"es_ES"}},"Offers":{"Summaries":[{"Condition":{"Value":"New"},"LowestPrice":{"Amount":27.99,"Currency":"EUR","DisplayAmount":"27,99 €"}}]}},{"ASIN":"B074PLPWTS","DetailPageURL":"https://www.amazon.es/dp/B074PLPWTS?tag=topinalambricos-21&linkCode=osi&th=1&psc=1","Images":{"Primary":{"Small":{"Height":75,"URL":"https://m.media-amazon.com/images/I/417nGanc5pL._SL75_.jpg","Width":75}}},"ItemInfo":{"ByLineInfo":{"Brand":{"DisplayValue":"YiZYiF","Label":"Brand","Locale":"es_ES"}},"Title":{"DisplayValue":"YiZYiF Arnés de Pecho Hombre Cinturones de Cuero Ajustable Traje de Esclavitud con Hebillas para Hombres","Label":"Title","Locale":"es_ES"}},"Offers":{"Summaries":[{"Condition":{"Value":"New"},"LowestPrice":{"Amount":13.99,"Currency":"EUR","DisplayAmount":"13,99 €"}}]}},{"ASIN":"B07V82ZLJ7","DetailPageURL":"https://www.amazon.es/dp/B07V82ZLJ7?tag=topinalambricos-21&linkCode=osi&th=1&psc=1","Images":{"Primary":{"Small":{"Height":75,"URL":"https://m.media-amazon.com/images/I/41zjIXWX9qL._SL75_.jpg","Width":75}}},"ItemInfo":{"ByLineInfo":{"Brand":{"DisplayValue":"YiZYiF","Label":"Brand","Locale":"es_ES"}},"Title":{"DisplayValue":"YiZYiF Arnés Hebillas de Cuerpo Cinturón de Pecho para Hombre Ropa Interior Correas Cruzadas Top Abierto Elástico Lencería Erótica Negro Talla Única","Label":"Title","Locale":"es_ES"}},"Offers":{"Summaries":[{"Condition":{"Value":"New"},"LowestPrice":{"Amount":3.69,"Currency":"EUR","DisplayAmount":"3,69 €"}}]}}],"SearchURL":"https://www.amazon.es/s?k=arnes+cuero&rh=n%3A3074492031%2Cp_n_availability%3A-1&tag=topinalambricos-21&linkCode=osi","TotalResultCount":207}},"212":{"SearchResult":{"Items":[{"ASIN":"B07FVRC29M","DetailPageURL":"https://www.amazon.es/dp/B07FVRC29M?tag=topinalambricos-21&linkCode=osi&th=1&psc=1","Images":{"Primary":{"Small":{"Height":75,"URL":"https://m.media-amazon.com/images/I/512N2lDNPPL._SL75_.jpg","Width":75}}},"ItemInfo":{"ByLineInfo":{"Brand":{"DisplayValue":"keland","Label":"Brand","Locale":"es_ES"}},"Title":{"DisplayValue":"keland Arnés de cuero negro punk sexy jaula Cinturón de ligadura de muslo para mujeres o hombres (Negro-A)","Label":"Title","Locale":"es_ES"}},"Offers":{"Summaries":[{"Condition":{"Value":"New"},"LowestPrice":{"Amount":19.99,"Currency":"EUR","DisplayAmount":"19,99 €"}}]}},{"ASIN":"B07L87WLB5","DetailPageURL":"https://www.amazon.es/dp/B07L87WLB5?tag=topinalambricos-21&linkCode=osi&th=1&psc=1","Images":{"Primary":{"Small":{"Height":75,"URL":"https://m.media-amazon.com/images/I/41OUT6qXiBL._SL75_.jpg","Width":69}}},"ItemInfo":{"ByLineInfo":{"Brand":{"DisplayValue":"YSYANG","Label":"Brand","Locale":"es_ES"},"Manufacturer":{"DisplayValue":"YSYANG","Label":"Manufacturer","Locale":"es_ES"}},"Title":{"DisplayValue":"YSYANG Mujer Arnés de Pecho Punk Cinturón Ajustables Sujetador del Vendaje Cadena de lencería Cruzada Cosplay Cinturón Gótico","Label":"Title","Locale":"es_ES"}},"Offers":{"Summaries":[{"Condition":{"Value":"New"},"LowestPrice":{"Amount":8.75,"Currency":"EUR","DisplayAmount":"8,75 €"}}]}},{"ASIN":"B087LYNGW7","DetailPageURL":"https://www.amazon.es/dp/B087LYNGW7?tag=topinalambricos-21&linkCode=osi&th=1&psc=1","Images":{"Primary":{"Small":{"Height":75,"URL":"https://m.media-amazon.com/images/I/51xCnVL3DYL._SL75_.jpg","Width":75}}},"ItemInfo":{"ByLineInfo":{"Brand":{"DisplayValue":"Nonebrand","Label":"Brand","Locale":"es_ES"}},"Title":{"DisplayValue":"Nonebrand Arnés de pierna enjaulado para mujer con ligas Harajuku ajustable en la cintura para cincher - Negro - Medium","Label":"Title","Locale":"es_ES"}},"Offers":{"Summaries":[{"Condition":{"Value":"New"},"LowestPrice":{"Amount":13.59,"Currency":"EUR","DisplayAmount":"13,59 €"}}]}},{"ASIN":"B09KBPFDDG","DetailPageURL":"https://www.amazon.es/dp/B09KBPFDDG?tag=topinalambricos-21&linkCode=osi&th=1&psc=1","Images":{"Primary":{"Small":{"Height":75,"URL":"https://m.media-amazon.com/images/I/41WVAf9VDsL._SL75_.jpg","Width":75}}},"ItemInfo":{"ByLineInfo":{"Brand":{"DisplayValue":"BANSSGOTH","Label":"Brand","Locale":"es_ES"},"Manufacturer":{"DisplayValue":"Hecho en China","Label":"Manufacturer","Locale":"es_ES"}},"Title":{"DisplayValue":"BANSSGOTH Mujeres PU cuero pierna liguero cinturón arnés cuerpo jaula cintura alta ahueca hacia fuera más tamaño gótico Punk Dance Rave Wear (rojo)","Label":"Title","Locale":"es_ES"}},"Offers":{"Summaries":[{"Condition":{"Value":"New"},"LowestPrice":{"Amount":26.85,"Currency":"EUR","DisplayAmount":"26,85 €"}}]}},{"ASIN":"B08Y8MXGGH","DetailPageURL":"https://www.amazon.es/dp/B08Y8MXGGH?tag=topinalambricos-21&linkCode=osi&th=1&psc=1","Images":{"Primary":{"Small":{"Height":75,"URL":"https://m.media-amazon.com/images/I/51LSyNlYxXL._SL75_.jpg","Width":75}}},"ItemInfo":{"ByLineInfo":{"Brand":{"DisplayValue":"Aislor","Label":"Brand","Locale":"es_ES"}},"Title":{"DisplayValue":"Aislor Arnés de Pecho Cuero Hombre Sexy Punk Harness Cinturón Tirantes de Charol Sexy Cuerpo Músculo Mirada Mojada Clubwear Disfraz de Cosplay Noche Fiesta Negro A Tipo A","Label":"Title","Locale":"es_ES"}},"Offers":{"Summaries":[{"Condition":{"Value":"New"},"LowestPrice":{"Amount":13.99,"Currency":"EUR","DisplayAmount":"13,99 €"}}]}},{"ASIN":"B092H1XXQ2","DetailPageURL":"https://www.amazon.es/dp/B092H1XXQ2?tag=topinalambricos-21&linkCode=osi&th=1&psc=1","Images":{"Primary":{"Small":{"Height":75,"URL":"https://m.media-amazon.com/images/I/41yd-QXTSES._SL75_.jpg","Width":75}}},"ItemInfo":{"ByLineInfo":{"Brand":{"DisplayValue":"Aabellay","Label":"Brand","Locale":"es_ES"},"Manufacturer":{"DisplayValue":"Aabellay","Label":"Manufacturer","Locale":"es_ES"}},"Title":{"DisplayValue":"Aabellay 2 ligas de doble fila anillo de pierna gótica elástico punk arnés liguero ajustable con 2 clips de metal - negro, Negro, M","Label":"Title","Locale":"es_ES"}},"Offers":{"Summaries":[{"Condition":{"Value":"New"},"LowestPrice":{"Amount":11.89,"Currency":"EUR","DisplayAmount":"11,89 €"}}]}},{"ASIN":"B09KBCB482","DetailPageURL":"https://www.amazon.es/dp/B09KBCB482?tag=topinalambricos-21&linkCode=osi&th=1&psc=1","Images":{"Primary":{"Small":{"Height":75,"URL":"https://m.media-amazon.com/images/I/41MS25NB-RL._SL75_.jpg","Width":75}}},"ItemInfo":{"ByLineInfo":{"Brand":{"DisplayValue":"BANSSGOTH","Label":"Brand","Locale":"es_ES"},"Manufacturer":{"DisplayValue":"Hecho en China","Label":"Manufacturer","Locale":"es_ES"}},"Title":{"DisplayValue":"BANSSGOTH Mujeres PU cuero liguero cinturón pierna jaula arnés cintura alta cuerpo ahuecado más tamaño Punk Harajuku Halloween Rave Wear (Negro)","Label":"Title","Locale":"es_ES"}},"Offers":{"Summaries":[{"Condition":{"Value":"New"},"LowestPrice":{"Amount":24.85,"Currency":"EUR","DisplayAmount":"24,85 €"}}]}},{"ASIN":"B08ML1Z6DQ","DetailPageURL":"https://www.amazon.es/dp/B08ML1Z6DQ?tag=topinalambricos-21&linkCode=osi&th=1&psc=1","Images":{"Primary":{"Small":{"Height":75,"URL":"https://m.media-amazon.com/images/I/41obW-KBCoL._SL75_.jpg","Width":75}}},"ItemInfo":{"ByLineInfo":{"Brand":{"DisplayValue":"dPois","Label":"Brand","Locale":"es_ES"}},"Title":{"DisplayValue":"dPois Arnes de Cuero Pecho Cuerpo Disfraz Armadura para Hombre Cinturón Músculo Sexy Ropa de Fiesta Noche Club Cosplay Harness Negro Talla única","Label":"Title","Locale":"es_ES"}},"Offers":{"Summaries":[{"Condition":{"Value":"New"},"LowestPrice":{"Amount":23.39,"Currency":"EUR","DisplayAmount":"23,39 €"}}]}},{"ASIN":"B0811D8TPC","DetailPageURL":"https://www.amazon.es/dp/B0811D8TPC?tag=topinalambricos-21&linkCode=osi&th=1&psc=1","Images":{"Primary":{"Small":{"Height":75,"URL":"https://m.media-amazon.com/images/I/41H5-05BvpL._SL75_.jpg","Width":75}}},"ItemInfo":{"ByLineInfo":{"Brand":{"DisplayValue":"BBOHSS","Label":"Brand","Locale":"es_ES"}},"Title":{"DisplayValue":"BBOHSS Conjunto de Sujetador de arnés Corporal para Mujer, Ropa Interior con Tirantes Punk, Liga de Cuerpo Completo, Accesorios de Ropa de Carnaval gótico de tamaño Ajustable (Vino Rojo)","Label":"Title","Locale":"es_ES"}},"Offers":{"Summaries":[{"Condition":{"Value":"New"},"LowestPrice":{"Amount":14.0,"Currency":"EUR","DisplayAmount":"14,00 €"}}]}},{"ASIN":"B085T84V13","DetailPageURL":"https://www.amazon.es/dp/B085T84V13?tag=topinalambricos-21&linkCode=osi&th=1&psc=1","Images":{"Primary":{"Small":{"Height":75,"URL":"https://m.media-amazon.com/images/I/41BGhkEJ5mL._SL75_.jpg","Width":75}}},"ItemInfo":{"ByLineInfo":{"Brand":{"DisplayValue":"BBOHSS","Label":"Brand","Locale":"es_ES"}},"Title":{"DisplayValue":"BBOHSS Conjunto de arnés Corporal para Mujer Conjunto de cinturón de Liga de Carnaval Sujetador Superior Hueco elástico Traje de Baile gótico Punk (0028) (Rosa)","Label":"Title","Locale":"es_ES"}},"Offers":{"Summaries":[{"Condition":{"Value":"New"},"LowestPrice":{"Amount":25.49,"Currency":"EUR","DisplayAmount":"25,49 €"}}]}}],"SearchURL":"https://www.amazon.es/s?k=arnes+cuero&rh=n%3A3074493031%2Cp_n_availability%3A-1&tag=topinalambricos-21&linkCode=osi","TotalResultCount":1000}},"213":{"SearchResult":{"Items":[{"ASIN":"B09XDWT3CZ","DetailPageURL":"https://www.amazon.es/dp/B09XDWT3CZ?tag=topinalambricos-21&linkCode=osi&th=1&psc=1","Images":{"Primary":{"Small":{"Height":49,"URL":"https://m.media-amazon.com/images/I/410YW9xhI7L._SL75_.jpg","Width":75}}},"ItemInfo":{"ByLineInfo":{"Brand":{"DisplayValue":"KUNNUI","Label":"Brand","Locale":"es_ES"},"Manufacturer":{"DisplayValue":"Tractiman","Label":"Manufacturer","Locale":"es_ES"}},"Title":{"DisplayValue":"Agenda 2022 2023 - Cuero Regenerado - Dark Mountain - Semana Vista - Tamaño A5 - 15 x 21 cm - Idioma: Español - Inglés - 2 cintas de registro y pegatinas – Kunnui","Label":"Title","Locale":"es_ES"}},"Offers":{"Summaries":[{"Condition":{"Value":"New"},"LowestPrice":{"Amount":4.97,"Currency":"EUR","DisplayAmount":"4,97 €"}}]}},{"ASIN":"B0BVG5YT5B","DetailPageURL":"https://www.amazon.es/dp/B0BVG5YT5B?tag=topinalambricos-21&linkCode=osi&th=1&psc=1","Images":{"Primary":{"Small":{"Height":75,"URL":"https://m.media-amazon.com/images/I/41ZNjrmYcbL._SL75_.jpg","Width":75}}},"ItemInfo":{"ByLineInfo":{"Brand":{"DisplayValue":"POPRUN","Label":"Brand","Locale":"es_ES"}},"Title":{"DisplayValue":"POPRUN Agenda 2023 2024 Semana Vista Pequeña 15,5 x 10,5 cm, Agenda Escolar 17 Meses Semanal de Ago.23 - Dic.24, Planificador Espiral con Tapa Blanda en Cuero Vegano y Papel FSC® - Azul Verde","Label":"Title","Locale":"es_ES"}},"Offers":{"Summaries":[{"Condition":{"Value":"New"},"LowestPrice":{"Amount":14.99,"Currency":"EUR","DisplayAmount":"14,99 €"}}]}},{"ASIN":"B09XDV69LV","DetailPageURL":"https://www.amazon.es/dp/B09XDV69LV?tag=topinalambricos-21&linkCode=osi&th=1&psc=1","Images":{"Primary":{"Small":{"Height":49,"URL":"https://m.media-amazon.com/images/I/219xLGO4bRL._SL75_.jpg","Width":75}}},"ItemInfo":{"ByLineInfo":{"Brand":{"DisplayValue":"KUNNUI","Label":"Brand","Locale":"es_ES"},"Manufacturer":{"DisplayValue":"Tractiman","Label":"Manufacturer","Locale":"es_ES"}},"Title":{"DisplayValue":"Agenda 2022 2023 - Cuero Regenerado - Waterfall - Semana Vista - Tamaño A5 - 15 x 21 cm - Idioma: Español - Inglés - Incluye dos cintas de registro y pegatinas – Kunnui","Label":"Title","Locale":"es_ES"}},"Offers":{"Summaries":[{"Condition":{"Value":"New"},"LowestPrice":{"Amount":4.61,"Currency":"EUR","DisplayAmount":"4,61 €"}}]}},{"ASIN":"B09XBDV2G1","DetailPageURL":"https://www.amazon.es/dp/B09XBDV2G1?tag=topinalambricos-21&linkCode=osi&th=1&psc=1","Images":{"Primary":{"Small":{"Height":49,"URL":"https://m.media-amazon.com/images/I/21Z8bJSoVAL._SL75_.jpg","Width":75}}},"ItemInfo":{"ByLineInfo":{"Brand":{"DisplayValue":"KUNNUI","Label":"Brand","Locale":"es_ES"},"Manufacturer":{"DisplayValue":"Tractiman","Label":"Manufacturer","Locale":"es_ES"}},"Title":{"DisplayValue":"Agenda 2022 2023 - Cuero Regenerado - Clay - Día Página - Tamaño A5 - 15 x 21 cm - Idioma: Español - Inglés - Incluye dos cintas de registro y pegatinas - Kunnui","Label":"Title","Locale":"es_ES"}},"Offers":{"Summaries":[{"Condition":{"Value":"New"},"LowestPrice":{"Amount":4.59,"Currency":"EUR","DisplayAmount":"4,59 €"}}]}},{"ASIN":"B09XB7B1H4","DetailPageURL":"https://www.amazon.es/dp/B09XB7B1H4?tag=topinalambricos-21&linkCode=osi&th=1&psc=1","Images":{"Primary":{"Small":{"Height":75,"URL":"https://m.media-amazon.com/images/I/31QytlLJagL._SL75_.jpg","Width":75}}},"ItemInfo":{"ByLineInfo":{"Brand":{"DisplayValue":"POPRUN","Label":"Brand","Locale":"es_ES"}},"Title":{"DisplayValue":"POPRUN Agenda 2023 Semana Vista 16,5 x 22 cm, 16 Meses Planificador 2023 Semanal Vertical de Sep’22-Dic’27 con Tapa Blanda en Cuero Vegano, Cuero Vegano y Papel Certificado FSC®, Marrón","Label":"Title","Locale":"es_ES"}},"Offers":{"Summaries":[{"Condition":{"Value":"New"},"LowestPrice":{"Amount":7.99,"Currency":"EUR","DisplayAmount":"7,99 €"}}]}},{"ASIN":"B0B7SKJRXY","DetailPageURL":"https://www.amazon.es/dp/B0B7SKJRXY?tag=topinalambricos-21&linkCode=osi&th=1&psc=1","Images":{"Primary":{"Small":{"Height":75,"URL":"https://m.media-amazon.com/images/I/31s9wsCeN1L._SL75_.jpg","Width":65}}},"ItemInfo":{"ByLineInfo":{"Brand":{"DisplayValue":"KUNNUI","Label":"Brand","Locale":"es_ES"},"Manufacturer":{"DisplayValue":"KUNNUI","Label":"Manufacturer","Locale":"es_ES"}},"Title":{"DisplayValue":"Kunnui - Agenda Enero 2023 Diciembre 2023 - Cuero regenerado - Semana Vista - Tamaño 15x21 (A5) - Bilingüe: Español - Inglés - Arctic Disk","Label":"Title","Locale":"es_ES"}},"Offers":{"Summaries":[{"Condition":{"Value":"New"},"LowestPrice":{"Amount":7.47,"Currency":"EUR","DisplayAmount":"7,47 €"}}]}},{"ASIN":"B0B8ZWGFMZ","DetailPageURL":"https://www.amazon.es/dp/B0B8ZWGFMZ?tag=topinalambricos-21&linkCode=osi&th=1&psc=1","Images":{"Primary":{"Small":{"Height":75,"URL":"https://m.media-amazon.com/images/I/419lGxEi2IL._SL75_.jpg","Width":75}}},"ItemInfo":{"ByLineInfo":{"Brand":{"DisplayValue":"Miquelrius","Label":"Brand","Locale":"es_ES"},"Manufacturer":{"DisplayValue":"Miquelrius","Label":"Manufacturer","Locale":"es_ES"}},"Title":{"DisplayValue":"Miquelrius - Agenda anual 2023 - Día Página - Tamaño Pro 210 x 270 mm (aprox A4) - Cubierta rígida acolchada cosida - Español - Negro","Label":"Title","Locale":"es_ES"}},"Offers":{"Summaries":[{"Condition":{"Value":"New"},"LowestPrice":{"Amount":32.26,"Currency":"EUR","DisplayAmount":"32,26 €"}}]}},{"ASIN":"B0BVG3RN18","DetailPageURL":"https://www.amazon.es/dp/B0BVG3RN18?tag=topinalambricos-21&linkCode=osi&th=1&psc=1","Images":{"Primary":{"Small":{"Height":75,"URL":"https://m.media-amazon.com/images/I/318IzxRnbdL._SL75_.jpg","Width":75}}},"ItemInfo":{"ByLineInfo":{"Brand":{"DisplayValue":"POPRUN","Label":"Brand","Locale":"es_ES"}},"Title":{"DisplayValue":"POPRUN Agenda 2023 2024 Dia por Pagina A5, Tapa Dura de Cuero Agenda Escolar 12 Meses de Ago.23 - Jul.24, Planificador Día Vista de Lun a Dom con Pestañas Mensuales, Papel FSC® - Rosa Claro","Label":"Title","Locale":"es_ES"}},"Offers":{"Summaries":[{"Condition":{"Value":"Used"},"LowestPrice":{"Amount":23.57,"Currency":"EUR","DisplayAmount":"23,57 €"}},{"Condition":{"Value":"New"},"LowestPrice":{"Amount":27.99,"Currency":"EUR","DisplayAmount":"27,99 €"}}]}},{"ASIN":"B0C2BSSVZ3","DetailPageURL":"https://www.amazon.es/dp/B0C2BSSVZ3?tag=topinalambricos-21&linkCode=osi&th=1&psc=1","Images":{"Primary":{"Small":{"Height":75,"URL":"https://m.media-amazon.com/images/I/31gn3mjvqLL._SL75_.jpg","Width":75}}},"ItemInfo":{"ByLineInfo":{"Brand":{"DisplayValue":"AMO HERMOSO","Label":"Brand","Locale":"es_ES"}},"Title":{"DisplayValue":"AMO HERMOSO Agenda Semanal A5, Vertical Planificador Semanal sin Fecha, Undated Weekly Planner, PU Cuero Tapa Dura, 176 Páginas Negro","Label":"Title","Locale":"es_ES"}},"Offers":{"Summaries":[{"Condition":{"Value":"New"},"LowestPrice":{"Amount":12.99,"Currency":"EUR","DisplayAmount":"12,99 €"}}]}},{"ASIN":"B0B3WS86ZQ","DetailPageURL":"https://www.amazon.es/dp/B0B3WS86ZQ?tag=topinalambricos-21&linkCode=osi&th=1&psc=1","Images":{"Primary":{"Small":{"Height":75,"URL":"https://m.media-amazon.com/images/I/31UMyMq7WUL._SL75_.jpg","Width":75}}},"ItemInfo":{"ByLineInfo":{"Brand":{"DisplayValue":"POPRUN","Label":"Brand","Locale":"es_ES"}},"Title":{"DisplayValue":"POPRUN Agenda 2023 Día Por Página A5 con Tapa Dura en Cuero Vegano - Planner Anual 2023 Día Vista de Lun a Dom con Pestañas Mensuales, Papel Marfil de 80 g/m² Certificado FSC® -Rosado","Label":"Title","Locale":"es_ES"}},"Offers":{"Summaries":[{"Condition":{"Value":"New"},"LowestPrice":{"Amount":19.99,"Currency":"EUR","DisplayAmount":"19,99 €"}}]}}],"SearchURL":"https://www.amazon.es/s?k=agenda+cuero&rh=n%3A4352809031%2Cp_n_availability%3A-1&tag=topinalambricos-21&linkCode=osi","TotalResultCount":1000}},"214":{"SearchResult":{"Items":[{"ASIN":"B09WDKNL2G","DetailPageURL":"https://www.amazon.es/dp/B09WDKNL2G?tag=topinalambricos-21&linkCode=osi&th=1&psc=1","Images":{"Primary":{"Small":{"Height":75,"URL":"https://m.media-amazon.com/images/I/31zwzUnhuDL._SL75_.jpg","Width":75}}},"ItemInfo":{"ByLineInfo":{"Brand":{"DisplayValue":"emperoch","Label":"Brand","Locale":"es_ES"},"Manufacturer":{"DisplayValue":"emperoch","Label":"Manufacturer","Locale":"es_ES"}},"Title":{"DisplayValue":"Carpeta de Piel Sintética A4 Bolsas de Documentos de Cuero PU Carpeta Sobre Portafolios A4 Bolsillos Documentos Organizador Porta Archivo de Cartera para Escuela,Trabajo,Oficina y Hogar (MARRÓN)","Label":"Title","Locale":"es_ES"}},"Offers":{"Summaries":[{"Condition":{"Value":"New"},"LowestPrice":{"Amount":9.59,"Currency":"EUR","DisplayAmount":"9,59 €"}}]}},{"ASIN":"B08MCWBYNL","DetailPageURL":"https://www.amazon.es/dp/B08MCWBYNL?tag=topinalambricos-21&linkCode=osi&th=1&psc=1","Images":{"Primary":{"Small":{"Height":75,"URL":"https://m.media-amazon.com/images/I/519nM3lKs6S._SL75_.jpg","Width":75}}},"ItemInfo":{"ByLineInfo":{"Brand":{"DisplayValue":"Kakix","Label":"Brand","Locale":"es_ES"},"Manufacturer":{"DisplayValue":"Kakix","Label":"Manufacturer","Locale":"es_ES"}},"Title":{"DisplayValue":"Carpeta de piel sintética A4, tamaño A5, carteras, bolsas de notas, bolsas de cuero de negocios, carpetas de oficina, organizador de papelería, estuche de lápices","Label":"Title","Locale":"es_ES"}},"Offers":{"Summaries":[{"Condition":{"Value":"New"},"LowestPrice":{"Amount":18.99,"Currency":"EUR","DisplayAmount":"18,99 €"}}]}},{"ASIN":"B072BBQ3M5","DetailPageURL":"https://www.amazon.es/dp/B072BBQ3M5?tag=topinalambricos-21&linkCode=osi&th=1&psc=1","Images":{"Primary":{"Small":{"Height":75,"URL":"https://m.media-amazon.com/images/I/41oTkTShbBL._SL75_.jpg","Width":75}}},"ItemInfo":{"ByLineInfo":{"Brand":{"DisplayValue":"H&S","Label":"Brand","Locale":"es_ES"},"Manufacturer":{"DisplayValue":"H&S Alliance UK Ltd","Label":"Manufacturer","Locale":"es_ES"}},"Title":{"DisplayValue":"H&S Carpeta profesional Carpeta de archivos de documentos de carpeta de anillas de cuero sintético A4 (40 bolsillos)","Label":"Title","Locale":"es_ES"}},"Offers":{"Summaries":[{"Condition":{"Value":"New"},"LowestPrice":{"Amount":19.49,"Currency":"EUR","DisplayAmount":"19,49 € (1,30 € / unidad)","PricePerUnit":1.3}}]}},{"ASIN":"B01IVH6M9G","DetailPageURL":"https://www.amazon.es/dp/B01IVH6M9G?tag=topinalambricos-21&linkCode=osi&th=1&psc=1","Images":{"Primary":{"Small":{"Height":64,"URL":"https://m.media-amazon.com/images/I/51WzI-tRvLL._SL75_.jpg","Width":75}}},"ItemInfo":{"ByLineInfo":{"Brand":{"DisplayValue":"DOHE","Label":"Brand","Locale":"es_ES"},"Manufacturer":{"DisplayValue":"Dohe","Label":"Manufacturer","Locale":"es_ES"}},"Title":{"DisplayValue":"Dohe 9566 - Carpeta cuero forrado, 2 anillas de 25 mm, cuarto apaisado","Label":"Title","Locale":"es_ES"}},"Offers":{"Summaries":[{"Condition":{"Value":"New"},"LowestPrice":{"Amount":3.32,"Currency":"EUR","DisplayAmount":"3,32 €"}}]}},{"ASIN":"B099Q1H3K9","DetailPageURL":"https://www.amazon.es/dp/B099Q1H3K9?tag=topinalambricos-21&linkCode=osi&th=1&psc=1","Images":{"Primary":{"Small":{"Height":75,"URL":"https://m.media-amazon.com/images/I/31+JBdzSo5L._SL75_.jpg","Width":75}}},"ItemInfo":{"ByLineInfo":{"Brand":{"DisplayValue":"Wonderpool","Label":"Brand","Locale":"es_ES"},"Manufacturer":{"DisplayValue":"Wonderpool","Label":"Manufacturer","Locale":"es_ES"}},"Title":{"DisplayValue":"Wonderpool A4 Funda de PU Cuero Sobres Archivos con Bolsillos Internos Para Portadocumentos y Papelería Tableta PC Multifunción Organizador (Azul oscuro)","Label":"Title","Locale":"es_ES"}},"Offers":{"Summaries":[{"Condition":{"Value":"New"},"LowestPrice":{"Amount":15.21,"Currency":"EUR","DisplayAmount":"15,21 €"}}]}},{"ASIN":"B0B4PQVXD3","DetailPageURL":"https://www.amazon.es/dp/B0B4PQVXD3?tag=topinalambricos-21&linkCode=osi&th=1&psc=1","Images":{"Primary":{"Small":{"Height":75,"URL":"https://m.media-amazon.com/images/I/31DlQIPgjbL._SL75_.jpg","Width":75}}},"ItemInfo":{"ByLineInfo":{"Brand":{"DisplayValue":"HEAIQUYC","Label":"Brand","Locale":"es_ES"},"Manufacturer":{"DisplayValue":"HEAIQUYC","Label":"Manufacturer","Locale":"es_ES"}},"Title":{"DisplayValue":"Carpeta Para Documentos A4 De Piel Bolsas Organizadoras De Documentos De Sobre Carpeta De Piel Sintética A4 Carpeta De Documentos De Piel Sintética Para Oficina Escolar Documentos Carpeta De Archivos","Label":"Title","Locale":"es_ES"}},"Offers":{"Summaries":[{"Condition":{"Value":"New"},"LowestPrice":{"Amount":15.99,"Currency":"EUR","DisplayAmount":"15,99 €"}}]}},{"ASIN":"B09FFBMV18","DetailPageURL":"https://www.amazon.es/dp/B09FFBMV18?tag=topinalambricos-21&linkCode=osi&th=1&psc=1","Images":{"Primary":{"Small":{"Height":75,"URL":"https://m.media-amazon.com/images/I/31XAh5XgPpL._SL75_.jpg","Width":63}}},"ItemInfo":{"ByLineInfo":{"Brand":{"DisplayValue":"Wilbest","Label":"Brand","Locale":"es_ES"},"Manufacturer":{"DisplayValue":"Wilbest","Label":"Manufacturer","Locale":"es_ES"}},"Title":{"DisplayValue":"wilbest® Carpeta de Conferencias, A4 Carpeta de Cuero, Las Asas con Magnético, Calculadora de Energía Solar, Bolsillo Interno Velcro, Negocios y Viajes, Impermeabilización, Negro","Label":"Title","Locale":"es_ES"}},"Offers":{"Summaries":[{"Condition":{"Value":"New"},"LowestPrice":{"Amount":25.99,"Currency":"EUR","DisplayAmount":"25,99 €"}}]}},{"ASIN":"B09DSMV834","DetailPageURL":"https://www.amazon.es/dp/B09DSMV834?tag=topinalambricos-21&linkCode=osi&th=1&psc=1","Images":{"Primary":{"Small":{"Height":58,"URL":"https://m.media-amazon.com/images/I/51IDhcF+QmL._SL75_.jpg","Width":75}}},"ItemInfo":{"ByLineInfo":{"Brand":{"DisplayValue":"Aanand","Label":"Brand","Locale":"es_ES"},"Manufacturer":{"DisplayValue":"Aanand","Label":"Manufacturer","Locale":"es_ES"}},"Title":{"DisplayValue":"Carpeta de cuero con cremallera A4, carpeta de documentos profesional Padfolio de cuero organizador de archivos para negocios -3 reuniones","Label":"Title","Locale":"es_ES"}},"Offers":{"Summaries":[{"Condition":{"Value":"New"},"LowestPrice":{"Amount":29.99,"Currency":"EUR","DisplayAmount":"29,99 €"}}]}},{"ASIN":"B074QMRFPK","DetailPageURL":"https://www.amazon.es/dp/B074QMRFPK?tag=topinalambricos-21&linkCode=osi&th=1&psc=1","Images":{"Primary":{"Small":{"Height":75,"URL":"https://m.media-amazon.com/images/I/61Ud75ReO4L._SL75_.jpg","Width":75}}},"ItemInfo":{"ByLineInfo":{"Brand":{"DisplayValue":"JAKAGO","Label":"Brand","Locale":"es_ES"},"Manufacturer":{"DisplayValue":"JAKAGO","Label":"Manufacturer","Locale":"es_ES"}},"Title":{"DisplayValue":"JAKAGO Carpeta de Conferencia,Portadocumento A4 de con Múltiples Compartimentos,Portafolio Portátil con Cremallera y Asas,Bolsa de Conferencias Viajar Negocios (Hoja)","Label":"Title","Locale":"es_ES"}},"Offers":{"Summaries":[{"Condition":{"Value":"New"},"LowestPrice":{"Amount":21.82,"Currency":"EUR","DisplayAmount":"21,82 €"}}]}},{"ASIN":"B09QCDY4G4","DetailPageURL":"https://www.amazon.es/dp/B09QCDY4G4?tag=topinalambricos-21&linkCode=osi&th=1&psc=1","Images":{"Primary":{"Small":{"Height":55,"URL":"https://m.media-amazon.com/images/I/41wkadeZKFL._SL75_.jpg","Width":75}}},"ItemInfo":{"ByLineInfo":{"Brand":{"DisplayValue":"KISUOMAOYI","Label":"Brand","Locale":"es_ES"},"Manufacturer":{"DisplayValue":"N\\D","Label":"Manufacturer","Locale":"es_ES"}},"Title":{"DisplayValue":"KISUOMAOYI PU cuero A4 carpeta de archivos titular de documentos cartera impermeable sobre carpeta caso con cierre a presión (negro)","Label":"Title","Locale":"es_ES"}},"Offers":{"Summaries":[{"Condition":{"Value":"New"},"LowestPrice":{"Amount":7.99,"Currency":"EUR","DisplayAmount":"7,99 €"}}]}}],"SearchURL":"https://www.amazon.es/s?k=carpeta+cuero&rh=n%3A4353002031%2Cp_n_availability%3A-1&tag=topinalambricos-21&linkCode=osi","TotalResultCount":1000}},"217":{"SearchResult":{"Items":[{"ASIN":"B0C2J2QRPW","DetailPageURL":"https://www.amazon.es/dp/B0C2J2QRPW?tag=topinalambricos-21&linkCode=osi&th=1&psc=1","Images":{"Primary":{"Small":{"Height":75,"URL":"https://m.media-amazon.com/images/I/41hv4rusn3L._SL75_.jpg","Width":75}}},"ItemInfo":{"ByLineInfo":{"Brand":{"DisplayValue":"Generic","Label":"Brand","Locale":"es_ES"}},"Title":{"DisplayValue":"Sandalias de verano para hombre, sandalias de verano para exteriores, sandalias para hombre, sandalias de senderismo para hombre, sandalias de playa, sandalias ergonómicas 43, caqui, 47","Label":"Title","Locale":"es_ES"}},"Offers":{"Summaries":[{"Condition":{"Value":"New"},"LowestPrice":{"Amount":19.99,"Currency":"EUR","DisplayAmount":"19,99 €"}}]}},{"ASIN":"B0017SKACM","DetailPageURL":"https://www.amazon.es/dp/B0017SKACM?tag=topinalambricos-21&linkCode=osi&th=1&psc=1","Images":{"Primary":{"Small":{"Height":75,"URL":"https://m.media-amazon.com/images/I/31HEhKWOeoL._SL75_.jpg","Width":75}}},"ItemInfo":{"ByLineInfo":{"Brand":{"DisplayValue":"Rieker","Label":"Brand","Locale":"es_ES"},"Manufacturer":{"DisplayValue":"Rieker","Label":"Manufacturer","Locale":"es_ES"}},"Title":{"DisplayValue":"Rieker Herren Pantolette Christoph, Mules para Hombre, Marrón, 43 EU","Label":"Title","Locale":"es_ES"}},"Offers":{"Summaries":[{"Condition":{"Value":"Used"},"LowestPrice":{"Amount":32.55,"Currency":"EUR","DisplayAmount":"32,55 €"}},{"Condition":{"Value":"New"},"LowestPrice":{"Amount":44.9,"Currency":"EUR","DisplayAmount":"44,90 €"}}]}},{"ASIN":"B08ZYRKYP8","DetailPageURL":"https://www.amazon.es/dp/B08ZYRKYP8?tag=topinalambricos-21&linkCode=osi&th=1&psc=1","Images":{"Primary":{"Small":{"Height":67,"URL":"https://m.media-amazon.com/images/I/41XskoPE4wL._SL75_.jpg","Width":75}}},"ItemInfo":{"ByLineInfo":{"Brand":{"DisplayValue":"Zerimar","Label":"Brand","Locale":"es_ES"},"Manufacturer":{"DisplayValue":"Zerimar","Label":"Manufacturer","Locale":"es_ES"}},"Title":{"DisplayValue":"Zerimar Sandalias Deportivas | Sandalias Hombre Trekking Piel | Sandalias Hombre | Sandalias Verano Senderismo | Sandalias Cuero | Color Marron Talla 40","Label":"Title","Locale":"es_ES"}},"Offers":{"Summaries":[{"Condition":{"Value":"New"},"LowestPrice":{"Amount":49.99,"Currency":"EUR","DisplayAmount":"49,99 €"}}]}},{"ASIN":"B094RDFCB2","DetailPageURL":"https://www.amazon.es/dp/B094RDFCB2?tag=topinalambricos-21&linkCode=osi&th=1&psc=1","Images":{"Primary":{"Small":{"Height":75,"URL":"https://m.media-amazon.com/images/I/51JlbWHrtlL._SL75_.jpg","Width":75}}},"ItemInfo":{"ByLineInfo":{"Brand":{"DisplayValue":"GILKUO","Label":"Brand","Locale":"es_ES"}},"Title":{"DisplayValue":"GILKUO Sandalias Hombre Verano Piel Cuero Trekking Senderismo Caminar Playa Deportivas con Punta Abierta Ligeras Comodas Talla 43 Marrón","Label":"Title","Locale":"es_ES"}},"Offers":{"Summaries":[{"Condition":{"Value":"New"},"LowestPrice":{"Amount":49.98,"Currency":"EUR","DisplayAmount":"49,98 €"}}]}},{"ASIN":"B095Y15SSM","DetailPageURL":"https://www.amazon.es/dp/B095Y15SSM?tag=topinalambricos-21&linkCode=osi&th=1&psc=1","Images":{"Primary":{"Small":{"Height":75,"URL":"https://m.media-amazon.com/images/I/514iUiXc88L._SL75_.jpg","Width":75}}},"ItemInfo":{"ByLineInfo":{"Brand":{"DisplayValue":"GILKUO","Label":"Brand","Locale":"es_ES"}},"Title":{"DisplayValue":"GILKUO Sandalias Hombre Verano Piel Cuero Deportivas Sandalias de Trekking Senderismo Punta Abierta Marrón Oscuro 45","Label":"Title","Locale":"es_ES"}},"Offers":{"Summaries":[{"Condition":{"Value":"New"},"LowestPrice":{"Amount":49.98,"Currency":"EUR","DisplayAmount":"49,98 €"}}]}},{"ASIN":"B0B2RN3Z9Y","DetailPageURL":"https://www.amazon.es/dp/B0B2RN3Z9Y?tag=topinalambricos-21&linkCode=osi&th=1&psc=1","Images":{"Primary":{"Small":{"Height":75,"URL":"https://m.media-amazon.com/images/I/41kgWat9H9L._SL75_.jpg","Width":75}}},"ItemInfo":{"ByLineInfo":{"Brand":{"DisplayValue":"wdede","Label":"Brand","Locale":"es_ES"},"Manufacturer":{"DisplayValue":"wdede","Label":"Manufacturer","Locale":"es_ES"}},"Title":{"DisplayValue":"wdede Sandalias Hombres Verano Sandalias de Piel Punta Abierta, Transpirable Peso Ligero Cuero Deportivas Sandalias Al Aire Libre Pescador Playa Zapatos","Label":"Title","Locale":"es_ES"}},"Offers":{"Summaries":[{"Condition":{"Value":"New"},"LowestPrice":{"Amount":63.46,"Currency":"EUR","DisplayAmount":"63,46 €"}}]}},{"ASIN":"B08ZYR1LKT","DetailPageURL":"https://www.amazon.es/dp/B08ZYR1LKT?tag=topinalambricos-21&linkCode=osi&th=1&psc=1","Images":{"Primary":{"Small":{"Height":62,"URL":"https://m.media-amazon.com/images/I/41KoRJFZaVL._SL75_.jpg","Width":75}}},"ItemInfo":{"ByLineInfo":{"Brand":{"DisplayValue":"Zerimar","Label":"Brand","Locale":"es_ES"},"Manufacturer":{"DisplayValue":"Zerimar","Label":"Manufacturer","Locale":"es_ES"}},"Title":{"DisplayValue":"Zerimar Sandalias Senderismo | Sandalias Hombre Verano | Sandalias Trekking Piel | Sandalias de Cuero para Senderismo | Sandalias Deportivas Cuero | Color Marron Talla 46","Label":"Title","Locale":"es_ES"}},"Offers":{"Summaries":[{"Condition":{"Value":"New"},"LowestPrice":{"Amount":49.99,"Currency":"EUR","DisplayAmount":"49,99 €"}}]}},{"ASIN":"B0714MSPYT","DetailPageURL":"https://www.amazon.es/dp/B0714MSPYT?tag=topinalambricos-21&linkCode=osi&th=1&psc=1","Images":{"Primary":{"Small":{"Height":60,"URL":"https://m.media-amazon.com/images/I/41kcNkb44wL._SL75_.jpg","Width":75}}},"ItemInfo":{"ByLineInfo":{"Brand":{"DisplayValue":"Zerimar","Label":"Brand","Locale":"es_ES"},"Manufacturer":{"DisplayValue":"Zerimar","Label":"Manufacturer","Locale":"es_ES"}},"Title":{"DisplayValue":"Zerimar Calzado Cuero Senderismo | Sandalias Trekking | Sandalias Piel Hombre | Sandalias Deportivas para Hombre | Calzado Tekking | Color Azul Marino Talla 40","Label":"Title","Locale":"es_ES"}},"Offers":{"Summaries":[{"Condition":{"Value":"New"},"LowestPrice":{"Amount":69.99,"Currency":"EUR","DisplayAmount":"69,99 €"}}]}},{"ASIN":"B0C4LKQR4H","DetailPageURL":"https://www.amazon.es/dp/B0C4LKQR4H?tag=topinalambricos-21&linkCode=osi&th=1&psc=1","Images":{"Primary":{"Small":{"Height":75,"URL":"https://m.media-amazon.com/images/I/41jMYz9PahL._SL75_.jpg","Width":75}}},"ItemInfo":{"ByLineInfo":{"Brand":{"DisplayValue":"SHULEI","Label":"Brand","Locale":"es_ES"},"Manufacturer":{"DisplayValue":"SHULEI","Label":"Manufacturer","Locale":"es_ES"}},"Title":{"DisplayValue":"Sandalias Hombres Verano Cuero Sandalias de Deportivas Punta Abierta, Capa Superior de Piel de Vaca Hecha a Mano Sandalias Deportivas (Color : Brown, Size : 42)","Label":"Title","Locale":"es_ES"}},"Offers":{"Summaries":[{"Condition":{"Value":"New"},"LowestPrice":{"Amount":22.58,"Currency":"EUR","DisplayAmount":"22,58 €"}}]}},{"ASIN":"B0963YSNTD","DetailPageURL":"https://www.amazon.es/dp/B0963YSNTD?tag=topinalambricos-21&linkCode=osi&th=1&psc=1","Images":{"Primary":{"Small":{"Height":75,"URL":"https://m.media-amazon.com/images/I/31cukhQPD-L._SL75_.jpg","Width":71}}},"ItemInfo":{"ByLineInfo":{"Brand":{"DisplayValue":"Columbia","Label":"Brand","Locale":"es_ES"},"Manufacturer":{"DisplayValue":"Columbia","Label":"Manufacturer","Locale":"es_ES"}},"Title":{"DisplayValue":"Columbia Trailstorm Hiker 2 Strap Sandalias De Senderismo Y Trekking para Hombre, Marrón (Bark x Black), 41 EU","Label":"Title","Locale":"es_ES"}},"Offers":{"Summaries":[{"Condition":{"Value":"Used"},"LowestPrice":{"Amount":46.52,"Currency":"EUR","DisplayAmount":"46,52 €"}},{"Condition":{"Value":"New"},"LowestPrice":{"Amount":46.99,"Currency":"EUR","DisplayAmount":"46,99 €"}}]}}],"SearchURL":"https://www.amazon.es/s?k=cuero+piel&rh=n%3A2008149031%2Cp_n_availability%3A-1&tag=topinalambricos-21&linkCode=osi","TotalResultCount":875}},"218":{"SearchResult":{"Items":[{"ASIN":"B0B6PXN285","DetailPageURL":"https://www.amazon.es/dp/B0B6PXN285?tag=topinalambricos-21&linkCode=osi&th=1&psc=1","Images":{"Primary":{"Small":{"Height":75,"URL":"https://m.media-amazon.com/images/I/31XJB-bkPHL._SL75_.jpg","Width":75}}},"ItemInfo":{"ByLineInfo":{"Brand":{"DisplayValue":"GIOSEPPO","Label":"Brand","Locale":"es_ES"},"Manufacturer":{"DisplayValue":"Gioseppo SLU","Label":"Manufacturer","Locale":"es_ES"}},"Title":{"DisplayValue":"Sandalias de tiras finas color cuero para atar a la pierna lussat","Label":"Title","Locale":"es_ES"}},"Offers":{"Summaries":[{"Condition":{"Value":"New"},"LowestPrice":{"Amount":34.95,"Currency":"EUR","DisplayAmount":"34,95 €"}}]}},{"ASIN":"B0BWNTQKX8","DetailPageURL":"https://www.amazon.es/dp/B0BWNTQKX8?tag=topinalambricos-21&linkCode=osi&th=1&psc=1","Images":{"Primary":{"Small":{"Height":75,"URL":"https://m.media-amazon.com/images/I/31Nekk5XB6L._SL75_.jpg","Width":75}}},"ItemInfo":{"ByLineInfo":{"Brand":{"DisplayValue":"PITILLOS","Label":"Brand","Locale":"es_ES"},"Manufacturer":{"DisplayValue":"Pitillos","Label":"Manufacturer","Locale":"es_ES"}},"Title":{"DisplayValue":"PITILLOS - 2622 Cuero - Sandalia de piel, con cuña, velcro, suela de goma, para: Mujer color: CUERO talla:40","Label":"Title","Locale":"es_ES"}},"Offers":{"Summaries":[{"Condition":{"Value":"New"},"LowestPrice":{"Amount":70.0,"Currency":"EUR","DisplayAmount":"70,00 €"}}]}},{"ASIN":"B099961Q79","DetailPageURL":"https://www.amazon.es/dp/B099961Q79?tag=topinalambricos-21&linkCode=osi&th=1&psc=1","Images":{"Primary":{"Small":{"Height":75,"URL":"https://m.media-amazon.com/images/I/3187dmb9EUL._SL75_.jpg","Width":75}}},"ItemInfo":{"ByLineInfo":{"Brand":{"DisplayValue":"GIOSEPPO","Label":"Brand","Locale":"es_ES"},"Manufacturer":{"DisplayValue":"Gioseppo SLU","Label":"Manufacturer","Locale":"es_ES"}},"Title":{"DisplayValue":"GIOSEPPO QUINBY, Sandalia Mujer, Cuero, 39 EU","Label":"Title","Locale":"es_ES"}},"Offers":{"Summaries":[{"Condition":{"Value":"New"},"LowestPrice":{"Amount":34.95,"Currency":"EUR","DisplayAmount":"34,95 €"}}]}},{"ASIN":"B0C2CDCRLN","DetailPageURL":"https://www.amazon.es/dp/B0C2CDCRLN?tag=topinalambricos-21&linkCode=osi&th=1&psc=1","Images":{"Primary":{"Small":{"Height":75,"URL":"https://m.media-amazon.com/images/I/51bvOlnA3HL._SL75_.jpg","Width":75}}},"ItemInfo":{"ByLineInfo":{"Brand":{"DisplayValue":"Laura Vita","Label":"Brand","Locale":"es_ES"},"Manufacturer":{"DisplayValue":"Laura Vita","Label":"Manufacturer","Locale":"es_ES"}},"Title":{"DisplayValue":"Laura Vita Sandalias Fashion de Cuero Mujer Dacxo 0123, Talla:38 EU, Color:Gris","Label":"Title","Locale":"es_ES"}},"Offers":{"Summaries":[{"Condition":{"Value":"New"},"LowestPrice":{"Amount":114.95,"Currency":"EUR","DisplayAmount":"114,95 €"}}]}},{"ASIN":"B0B6PXT5WK","DetailPageURL":"https://www.amazon.es/dp/B0B6PXT5WK?tag=topinalambricos-21&linkCode=osi&th=1&psc=1","Images":{"Primary":{"Small":{"Height":75,"URL":"https://m.media-amazon.com/images/I/41M3FxtsEmL._SL75_.jpg","Width":75}}},"ItemInfo":{"ByLineInfo":{"Brand":{"DisplayValue":"GIOSEPPO","Label":"Brand","Locale":"es_ES"},"Manufacturer":{"DisplayValue":"Gioseppo SLU","Label":"Manufacturer","Locale":"es_ES"}},"Title":{"DisplayValue":"Sandalias planas de piel color cuero con tiras finas y detalle de nudos para mujer mambai","Label":"Title","Locale":"es_ES"}},"Offers":{"Summaries":[{"Condition":{"Value":"New"},"LowestPrice":{"Amount":39.95,"Currency":"EUR","DisplayAmount":"39,95 €"}}]}},{"ASIN":"B09XMXZ42M","DetailPageURL":"https://www.amazon.es/dp/B09XMXZ42M?tag=topinalambricos-21&linkCode=osi&th=1&psc=1","Images":{"Primary":{"Small":{"Height":75,"URL":"https://m.media-amazon.com/images/I/412koH34v0L._SL75_.jpg","Width":75}}},"ItemInfo":{"ByLineInfo":{"Brand":{"DisplayValue":"Fluchos","Label":"Brand","Locale":"es_ES"},"Manufacturer":{"DisplayValue":"FLUCHOS","Label":"Manufacturer","Locale":"es_ES"}},"Title":{"DisplayValue":"Fluchos - Yagon F1481 Cuero - Sandalia de piel, con cuña, velcro, suela de goma, para: Mujer color: CUERO talla:38","Label":"Title","Locale":"es_ES"}},"Offers":{"Summaries":[{"Condition":{"Value":"New"},"LowestPrice":{"Amount":89.0,"Currency":"EUR","DisplayAmount":"89,00 €"}}]}},{"ASIN":"B09993P6GS","DetailPageURL":"https://www.amazon.es/dp/B09993P6GS?tag=topinalambricos-21&linkCode=osi&th=1&psc=1","Images":{"Primary":{"Small":{"Height":75,"URL":"https://m.media-amazon.com/images/I/31-UguXPXCL._SL75_.jpg","Width":75}}},"ItemInfo":{"ByLineInfo":{"Brand":{"DisplayValue":"GIOSEPPO","Label":"Brand","Locale":"es_ES"},"Manufacturer":{"DisplayValue":"Gioseppo SLU","Label":"Manufacturer","Locale":"es_ES"}},"Title":{"DisplayValue":"GIOSEPPO KIRWIN, Sandalias Planas Mujer, Cuero, 39 EU","Label":"Title","Locale":"es_ES"}},"Offers":{"Summaries":[{"Condition":{"Value":"New"},"LowestPrice":{"Amount":23.95,"Currency":"EUR","DisplayAmount":"23,95 €"}}]}},{"ASIN":"B099K2NJ2D","DetailPageURL":"https://www.amazon.es/dp/B099K2NJ2D?tag=topinalambricos-21&linkCode=osi&th=1&psc=1","Images":{"Primary":{"Small":{"Height":43,"URL":"https://m.media-amazon.com/images/I/41ShUu7tNWL._SL75_.jpg","Width":75}}},"ItemInfo":{"ByLineInfo":{"Brand":{"DisplayValue":"MTNG","Label":"Brand","Locale":"es_ES"},"Manufacturer":{"DisplayValue":"MTNG EUROPE EXPERIENCE SLU","Label":"Manufacturer","Locale":"es_ES"}},"Title":{"DisplayValue":"MTNG Sandalia 52030 C52901 Serraje 221 Trenzado Cuero 37, Mujer, Fucsia, EU","Label":"Title","Locale":"es_ES"}},"Offers":{"Summaries":[{"Condition":{"Value":"New"},"LowestPrice":{"Amount":41.12,"Currency":"EUR","DisplayAmount":"41,12 €"}}]}},{"ASIN":"B09ZVNLSWB","DetailPageURL":"https://www.amazon.es/dp/B09ZVNLSWB?tag=topinalambricos-21&linkCode=osi&th=1&psc=1","Images":{"Primary":{"Small":{"Height":75,"URL":"https://m.media-amazon.com/images/I/21Q3xG0vBUL._SL75_.jpg","Width":58}}},"ItemInfo":{"ByLineInfo":{"Brand":{"DisplayValue":"Camper","Label":"Brand","Locale":"es_ES"},"Manufacturer":{"DisplayValue":"Camper","Label":"Manufacturer","Locale":"es_ES"}},"Title":{"DisplayValue":"Camper Dana-K201486, Sandalias Planas Mujer, Blanco, 37 EU","Label":"Title","Locale":"es_ES"}},"Offers":{"Summaries":[{"Condition":{"Value":"New"},"LowestPrice":{"Amount":77.95,"Currency":"EUR","DisplayAmount":"77,95 €"}}]}},{"ASIN":"B0BV33FD39","DetailPageURL":"https://www.amazon.es/dp/B0BV33FD39?tag=topinalambricos-21&linkCode=osi&th=1&psc=1","Images":{"Primary":{"Small":{"Height":75,"URL":"https://m.media-amazon.com/images/I/31Vo1ujWAKL._SL75_.jpg","Width":60}}},"ItemInfo":{"ByLineInfo":{"Brand":{"DisplayValue":"Yokono","Label":"Brand","Locale":"es_ES"}},"Title":{"DisplayValue":"Yokono Sandalia Plana Ibiza 186 Marrón","Label":"Title","Locale":"es_ES"}},"Offers":{"Summaries":[{"Condition":{"Value":"New"},"LowestPrice":{"Amount":35.95,"Currency":"EUR","DisplayAmount":"35,95 €"}}]}}],"SearchURL":"https://www.amazon.es/s?k=cuero&rh=n%3A2008260031%2Cp_n_availability%3A-1&tag=topinalambricos-21&linkCode=osi","TotalResultCount":1000}},"219":{"SearchResult":{"Items":[{"ASIN":"B0BYF38CBM","DetailPageURL":"https://www.amazon.es/dp/B0BYF38CBM?tag=topinalambricos-21&linkCode=osi&th=1&psc=1","Images":{"Primary":{"Small":{"Height":75,"URL":"https://m.media-amazon.com/images/I/41rWsJB94WL._SL75_.jpg","Width":75}}},"ItemInfo":{"ByLineInfo":{"Brand":{"DisplayValue":"Yokono","Label":"Brand","Locale":"es_ES"},"Manufacturer":{"DisplayValue":"YOKONO EUROPE S.L.U.","Label":"Manufacturer","Locale":"es_ES"}},"Title":{"DisplayValue":"Yokono - Sandalia Casual Piel Cuero - Cuero para: Mujer Color: Marrón Talla: 39","Label":"Title","Locale":"es_ES"}},"Offers":{"Summaries":[{"Condition":{"Value":"New"},"LowestPrice":{"Amount":45.0,"Currency":"EUR","DisplayAmount":"45,00 €"}}]}},{"ASIN":"B0B8MWL66Y","DetailPageURL":"https://www.amazon.es/dp/B0B8MWL66Y?tag=topinalambricos-21&linkCode=osi&th=1&psc=1","Images":{"Primary":{"Small":{"Height":68,"URL":"https://m.media-amazon.com/images/I/413wQRC1Q6L._SL75_.jpg","Width":75}}},"ItemInfo":{"ByLineInfo":{"Brand":{"DisplayValue":"Generico","Label":"Brand","Locale":"es_ES"}},"Title":{"DisplayValue":"SANDALIA ARTESANAL UNISEX BREEZE POINT BASIC, marrón, 43 EU Stretta","Label":"Title","Locale":"es_ES"}},"Offers":{"Summaries":[{"Condition":{"Value":"New"},"LowestPrice":{"Amount":11.36,"Currency":"EUR","DisplayAmount":"11,36 €"}}]}},{"ASIN":"B08ZYPQRH9","DetailPageURL":"https://www.amazon.es/dp/B08ZYPQRH9?tag=topinalambricos-21&linkCode=osi&th=1&psc=1","Images":{"Primary":{"Small":{"Height":75,"URL":"https://m.media-amazon.com/images/I/41aO2wDOW-L._SL75_.jpg","Width":75}}},"ItemInfo":{"ByLineInfo":{"Brand":{"DisplayValue":"EMMANUELA handcrafted for you","Label":"Brand","Locale":"es_ES"},"Manufacturer":{"DisplayValue":"EMMANUELA handcrafted for you","Label":"Manufacturer","Locale":"es_ES"}},"Title":{"DisplayValue":"Emmanuela Sandalias artesanales de piel con tiras al tobillo, sandalias con cortes de pasaje y hebilla ajustable, sandalias con puntera abierta, Negro, 39 EU","Label":"Title","Locale":"es_ES"}},"Offers":{"Summaries":[{"Condition":{"Value":"New"},"LowestPrice":{"Amount":64.0,"Currency":"EUR","DisplayAmount":"64,00 €"}}]}},{"ASIN":"B09G749YGS","DetailPageURL":"https://www.amazon.es/dp/B09G749YGS?tag=topinalambricos-21&linkCode=osi&th=1&psc=1","Images":{"Primary":{"Small":{"Height":49,"URL":"https://m.media-amazon.com/images/I/31JS95IGwEL._SL75_.jpg","Width":75}}},"ItemInfo":{"ByLineInfo":{"Brand":{"DisplayValue":"Generico","Label":"Brand","Locale":"es_ES"}},"Title":{"DisplayValue":"SANDALIA ARTESANAL MUJER BREEZE POINT FLOWER, marrón, 36 EU","Label":"Title","Locale":"es_ES"}},"Offers":{"Summaries":[{"Condition":{"Value":"New"},"LowestPrice":{"Amount":14.02,"Currency":"EUR","DisplayAmount":"14,02 €"}}]}},{"ASIN":"B09G8VRD61","DetailPageURL":"https://www.amazon.es/dp/B09G8VRD61?tag=topinalambricos-21&linkCode=osi&th=1&psc=1","Images":{"Primary":{"Small":{"Height":75,"URL":"https://m.media-amazon.com/images/I/41CLLDHT7OL._SL75_.jpg","Width":63}}},"ItemInfo":{"ByLineInfo":{"Brand":{"DisplayValue":"Generico","Label":"Brand","Locale":"es_ES"}},"Title":{"DisplayValue":"SANDALIA ARTESANAL MUJER BREEZE POINT SUNFLOWER, marrón, 39 EU Stretta","Label":"Title","Locale":"es_ES"}},"Offers":{"Summaries":[{"Condition":{"Value":"New"},"LowestPrice":{"Amount":14.02,"Currency":"EUR","DisplayAmount":"14,02 €"}}]}},{"ASIN":"B09V5L3BMD","DetailPageURL":"https://www.amazon.es/dp/B09V5L3BMD?tag=topinalambricos-21&linkCode=osi&th=1&psc=1","Images":{"Primary":{"Small":{"Height":60,"URL":"https://m.media-amazon.com/images/I/31nsZLsgdSL._SL75_.jpg","Width":75}}},"ItemInfo":{"ByLineInfo":{"Brand":{"DisplayValue":"Sanita","Label":"Brand","Locale":"es_ES"}},"Title":{"DisplayValue":"Sanita Ibiza Bio Sandalia | Unisex | Producto Artesanal Original | Comodidad Extrema para Uso Durante Todo el día | Cuero Nobuck | Correa Ajustable | Beige | 36 EU","Label":"Title","Locale":"es_ES"}},"Offers":{"Summaries":[{"Condition":{"Value":"New"},"LowestPrice":{"Amount":66.49,"Currency":"EUR","DisplayAmount":"66,49 €"}}]}},{"ASIN":"B09V5LMKFR","DetailPageURL":"https://www.amazon.es/dp/B09V5LMKFR?tag=topinalambricos-21&linkCode=osi&th=1&psc=1","Images":{"Primary":{"Small":{"Height":60,"URL":"https://m.media-amazon.com/images/I/31TGiwEKpfL._SL75_.jpg","Width":75}}},"ItemInfo":{"ByLineInfo":{"Brand":{"DisplayValue":"Sanita","Label":"Brand","Locale":"es_ES"}},"Title":{"DisplayValue":"Sanita Bora Bora Bio Sandalia | Producto Artesanal Original para Mujer | Comodidad Extrema para Uso Durante Todo el día | Cuero Nobuck | Correa Ajustable | Rosa | 37 EU","Label":"Title","Locale":"es_ES"}},"Offers":{"Summaries":[{"Condition":{"Value":"New"},"LowestPrice":{"Amount":66.49,"Currency":"EUR","DisplayAmount":"66,49 €"}}]}},{"ASIN":"B09Q58YP75","DetailPageURL":"https://www.amazon.es/dp/B09Q58YP75?tag=topinalambricos-21&linkCode=osi&th=1&psc=1","Images":{"Primary":{"Small":{"Height":60,"URL":"https://m.media-amazon.com/images/I/31NYxaJoM1L._SL75_.jpg","Width":75}}},"ItemInfo":{"ByLineInfo":{"Brand":{"DisplayValue":"Sanita","Label":"Brand","Locale":"es_ES"},"Manufacturer":{"DisplayValue":"Sanita","Label":"Manufacturer","Locale":"es_ES"}},"Title":{"DisplayValue":"Sanita Sansi Sandalia de Piel | Producto Artesanal Original para Mujer | Plantilla de Forma anatómica con Espuma Blanda | Correa de talón Ajustable | Negro | 39 EU","Label":"Title","Locale":"es_ES"}},"Offers":{"Summaries":[{"Condition":{"Value":"New"},"LowestPrice":{"Amount":98.0,"Currency":"EUR","DisplayAmount":"98,00 €"}}]}},{"ASIN":"B0BP836CBS","DetailPageURL":"https://www.amazon.es/dp/B0BP836CBS?tag=topinalambricos-21&linkCode=osi&th=1&psc=1","Images":{"Primary":{"Small":{"Height":60,"URL":"https://m.media-amazon.com/images/I/31lWvl4wpDL._SL75_.jpg","Width":75}}},"ItemInfo":{"ByLineInfo":{"Brand":{"DisplayValue":"Sanita","Label":"Brand","Locale":"es_ES"}},"Title":{"DisplayValue":"Sanita Mykonos Bio Sandalia | Producto Artesanal Original para Mujer | Comodidad Extrema para Uso Durante Todo el día | Cuero de Ante | Correa Ajustable | Turquesa | 40 EU","Label":"Title","Locale":"es_ES"}},"Offers":{"Summaries":[{"Condition":{"Value":"New"},"LowestPrice":{"Amount":93.69,"Currency":"EUR","DisplayAmount":"93,69 €"}}]}},{"ASIN":"B0BV33SPBF","DetailPageURL":"https://www.amazon.es/dp/B0BV33SPBF?tag=topinalambricos-21&linkCode=osi&th=1&psc=1","Images":{"Primary":{"Small":{"Height":75,"URL":"https://m.media-amazon.com/images/I/31Vo1ujWAKL._SL75_.jpg","Width":60}}},"ItemInfo":{"ByLineInfo":{"Brand":{"DisplayValue":"Yokono","Label":"Brand","Locale":"es_ES"}},"Title":{"DisplayValue":"Yokono Sandalia Plana Ibiza 186 Marrón","Label":"Title","Locale":"es_ES"}},"Offers":{"Summaries":[{"Condition":{"Value":"New"},"LowestPrice":{"Amount":35.95,"Currency":"EUR","DisplayAmount":"35,95 €"}}]}}],"SearchURL":"https://www.amazon.es/s?k=sandalia+cuero+artesanal&rh=n%3A17303044031%2Cp_n_availability%3A-1&tag=topinalambricos-21&linkCode=osi","TotalResultCount":272}},"220":{"SearchResult":{"Items":[{"ASIN":"B0BXP67HXQ","DetailPageURL":"https://www.amazon.es/dp/B0BXP67HXQ?tag=topinalambricos-21&linkCode=osi&th=1&psc=1","Images":{"Primary":{"Small":{"Height":75,"URL":"https://m.media-amazon.com/images/I/41lDIJjCYEL._SL75_.jpg","Width":75}}},"ItemInfo":{"ByLineInfo":{"Brand":{"DisplayValue":"Sunnyuk","Label":"Brand","Locale":"es_ES"},"Manufacturer":{"DisplayValue":"Sandalias De Casual De Verano","Label":"Manufacturer","Locale":"es_ES"}},"Title":{"DisplayValue":"Sandalias Mujer Comodas Zapatillas y Chanclas Casual RomaHebilla Chanclas Cómodo y Transpirable Fondo Plano Informal Romanas Zapatos Talla Grande Sandalias de Playa Bohemian Elegantes","Label":"Title","Locale":"es_ES"}},"Offers":{"Summaries":[{"Condition":{"Value":"New"},"LowestPrice":{"Amount":10.24,"Currency":"EUR","DisplayAmount":"10,24 €"}}]}},{"ASIN":"B0BZY6BR15","DetailPageURL":"https://www.amazon.es/dp/B0BZY6BR15?tag=topinalambricos-21&linkCode=osi&th=1&psc=1","Images":{"Primary":{"Small":{"Height":75,"URL":"https://m.media-amazon.com/images/I/41O5yudbQ3L._SL75_.jpg","Width":75}}},"ItemInfo":{"ByLineInfo":{"Brand":{"DisplayValue":"gormyel","Label":"Brand","Locale":"es_ES"},"Manufacturer":{"DisplayValue":"gormyel","Label":"Manufacturer","Locale":"es_ES"}},"Title":{"DisplayValue":"Tacones de cuña peep toe - Sandalias de tacón de cuña con punta abierta de cuero PU estilo bohemio con remaches,Sandalias de vestir Sandalias de punta abierta con plataforma informal de verano Gormyel","Label":"Title","Locale":"es_ES"}},"Offers":{"Summaries":[{"Condition":{"Value":"New"},"LowestPrice":{"Amount":17.49,"Currency":"EUR","DisplayAmount":"17,49 €"}}]}},{"ASIN":"B0BZY4ZLHY","DetailPageURL":"https://www.amazon.es/dp/B0BZY4ZLHY?tag=topinalambricos-21&linkCode=osi&th=1&psc=1","Images":{"Primary":{"Small":{"Height":75,"URL":"https://m.media-amazon.com/images/I/41jOd6uvA1L._SL75_.jpg","Width":75}}},"ItemInfo":{"ByLineInfo":{"Brand":{"DisplayValue":"Rianpesn","Label":"Brand","Locale":"es_ES"},"Manufacturer":{"DisplayValue":"Rianpesn","Label":"Manufacturer","Locale":"es_ES"}},"Title":{"DisplayValue":"Rianpesn Tacones de cuña Peep Toe,Sandalias de tacón de cuña con Punta Abierta de Cuero PU Estilo Bohemio con Remaches | Sandalias de Plataforma Zapatos de Ocio de Verano para Uso Diario","Label":"Title","Locale":"es_ES"}},"Offers":{"Summaries":[{"Condition":{"Value":"New"},"LowestPrice":{"Amount":20.19,"Currency":"EUR","DisplayAmount":"20,19 €"}}]}},{"ASIN":"B0C1YLYXPP","DetailPageURL":"https://www.amazon.es/dp/B0C1YLYXPP?tag=topinalambricos-21&linkCode=osi&th=1&psc=1","Images":{"Primary":{"Small":{"Height":75,"URL":"https://m.media-amazon.com/images/I/41VRXrq1AbL._SL75_.jpg","Width":75}}},"ItemInfo":{"ByLineInfo":{"Brand":{"DisplayValue":"DRALOFAO","Label":"Brand","Locale":"es_ES"}},"Title":{"DisplayValue":"DRALOFAO Zapatillas Deportivas Mujer Sandalias De Mujer Baratas Bohemian Babuchas Chanclas Las Hombre De Deporte Sandalias De Pala For Women Con Suela De Espuma Suave","Label":"Title","Locale":"es_ES"}},"Offers":{"Summaries":[{"Condition":{"Value":"New"},"LowestPrice":{"Amount":15.99,"Currency":"EUR","DisplayAmount":"15,99 €"}}]}},{"ASIN":"B0BXP8741F","DetailPageURL":"https://www.amazon.es/dp/B0BXP8741F?tag=topinalambricos-21&linkCode=osi&th=1&psc=1","Images":{"Primary":{"Small":{"Height":75,"URL":"https://m.media-amazon.com/images/I/41dinLvFLEL._SL75_.jpg","Width":75}}},"ItemInfo":{"ByLineInfo":{"Brand":{"DisplayValue":"Sunnyuk","Label":"Brand","Locale":"es_ES"},"Manufacturer":{"DisplayValue":"Sandalias De Casual De Verano","Label":"Manufacturer","Locale":"es_ES"}},"Title":{"DisplayValue":"Sandalias Mujer Comodas Oferta Sandalias de Playa Bohemian Zapatillas y Chanclas Chanclas Cómodo y Transpirable Romanas Zapatos Talla Grande Casual RomaHebilla Fondo Plano Informal Elegantes","Label":"Title","Locale":"es_ES"}},"Offers":{"Summaries":[{"Condition":{"Value":"New"},"LowestPrice":{"Amount":7.39,"Currency":"EUR","DisplayAmount":"7,39 €"}}]}},{"ASIN":"B0BXP6ZDV7","DetailPageURL":"https://www.amazon.es/dp/B0BXP6ZDV7?tag=topinalambricos-21&linkCode=osi&th=1&psc=1","Images":{"Primary":{"Small":{"Height":75,"URL":"https://m.media-amazon.com/images/I/418+rElk8bL._SL75_.jpg","Width":75}}},"ItemInfo":{"ByLineInfo":{"Brand":{"DisplayValue":"Sunnyuk","Label":"Brand","Locale":"es_ES"},"Manufacturer":{"DisplayValue":"Sandalias De Casual De Verano","Label":"Manufacturer","Locale":"es_ES"}},"Title":{"DisplayValue":"Sandalias Mujer Comodas Vestir Casual RomaHebilla Zapatillas y Chanclas Sandalias de Playa Bohemian Fondo Plano Informal Romanas Zapatos Talla Grande Chanclas Cómodo y Transpirable Elegantes","Label":"Title","Locale":"es_ES"}},"Offers":{"Summaries":[{"Condition":{"Value":"New"},"LowestPrice":{"Amount":15.9,"Currency":"EUR","DisplayAmount":"15,90 €"}}]}},{"ASIN":"B0C2HPF9WH","DetailPageURL":"https://www.amazon.es/dp/B0C2HPF9WH?tag=topinalambricos-21&linkCode=osi&th=1&psc=1","Images":{"Primary":{"Small":{"Height":75,"URL":"https://m.media-amazon.com/images/I/312sUdppBzL._SL75_.jpg","Width":75}}},"ItemInfo":{"ByLineInfo":{"Brand":{"DisplayValue":"miMaO","Label":"Brand","Locale":"es_ES"},"Manufacturer":{"DisplayValue":"miMaO","Label":"Manufacturer","Locale":"es_ES"}},"Title":{"DisplayValue":"miMaO BOHEMIAN – Sandalias BIO con pulsera de dedo TAUPE, EU 35","Label":"Title","Locale":"es_ES"}},"Offers":{"Summaries":[{"Condition":{"Value":"New"},"LowestPrice":{"Amount":45.0,"Currency":"EUR","DisplayAmount":"45,00 €"}}]}},{"ASIN":"B0BZQ6FH8N","DetailPageURL":"https://www.amazon.es/dp/B0BZQ6FH8N?tag=topinalambricos-21&linkCode=osi&th=1&psc=1","Images":{"Primary":{"Small":{"Height":75,"URL":"https://m.media-amazon.com/images/I/51cHnihdTVL._SL75_.jpg","Width":75}}},"ItemInfo":{"ByLineInfo":{"Brand":{"DisplayValue":"Sunnyuk","Label":"Brand","Locale":"es_ES"},"Manufacturer":{"DisplayValue":"Sandalias De Casual De Verano","Label":"Manufacturer","Locale":"es_ES"}},"Title":{"DisplayValue":"Sandalias Mujer Verano 2023 Romanas Zapatos Talla Grande Casual RomaHebilla Chanclas Cómodo y Transpirable Fondo Plano Informal Zapatillas y Chanclas Sandalias de Playa Bohemian Elegantes","Label":"Title","Locale":"es_ES"}},"Offers":{"Summaries":[{"Condition":{"Value":"New"},"LowestPrice":{"Amount":12.96,"Currency":"EUR","DisplayAmount":"12,96 €"}}]}},{"ASIN":"B08XZQ72MK","DetailPageURL":"https://www.amazon.es/dp/B08XZQ72MK?tag=topinalambricos-21&linkCode=osi&th=1&psc=1","Images":{"Primary":{"Small":{"Height":75,"URL":"https://m.media-amazon.com/images/I/41igUbfqyZS._SL75_.jpg","Width":75}}},"ItemInfo":{"ByLineInfo":{"Brand":{"DisplayValue":"EMMANUELA handcrafted for you","Label":"Brand","Locale":"es_ES"},"Manufacturer":{"DisplayValue":"EMMANUELA handcrafted for you","Label":"Manufacturer","Locale":"es_ES"}},"Title":{"DisplayValue":"Emmanuela - Sandalias planas de piel cómodas, estilo griego con correa al tobillo, sandalias de gladiador, sandalias de tiras con puntera abierta, estilo bohemio chic, Café Oscuro, 40 EU","Label":"Title","Locale":"es_ES"}},"Offers":{"Summaries":[{"Condition":{"Value":"New"},"LowestPrice":{"Amount":99.0,"Currency":"EUR","DisplayAmount":"99,00 €"}}]}},{"ASIN":"B08Y59RFDK","DetailPageURL":"https://www.amazon.es/dp/B08Y59RFDK?tag=topinalambricos-21&linkCode=osi&th=1&psc=1","Images":{"Primary":{"Small":{"Height":75,"URL":"https://m.media-amazon.com/images/I/415GuJhBcgS._SL75_.jpg","Width":75}}},"ItemInfo":{"ByLineInfo":{"Brand":{"DisplayValue":"EMMANUELA handcrafted for you","Label":"Brand","Locale":"es_ES"},"Manufacturer":{"DisplayValue":"EMMANUELA handcrafted for you","Label":"Manufacturer","Locale":"es_ES"}},"Title":{"DisplayValue":"Emmanuela - Sandalias planas de cuero negro cómodas, estilo griego con correa al tobillo, sandalias de gladiador con tiras en los dedos abiertos, estilo bohemio chic para bodas, Negro, 37 EU","Label":"Title","Locale":"es_ES"}},"Offers":{"Summaries":[{"Condition":{"Value":"New"},"LowestPrice":{"Amount":100.74,"Currency":"EUR","DisplayAmount":"100,74 €"}}]}}],"SearchURL":"https://www.amazon.es/s?k=cuero+bohemio&rh=n%3A17303044031%2Cp_n_availability%3A-1&tag=topinalambricos-21&linkCode=osi","TotalResultCount":210}},"221":{"SearchResult":{"Items":[{"ASIN":"B08HN3H34W","DetailPageURL":"https://www.amazon.es/dp/B08HN3H34W?tag=topinalambricos-21&linkCode=osi&th=1&psc=1","Images":{"Primary":{"Small":{"Height":58,"URL":"https://m.media-amazon.com/images/I/416AfVTTNKL._SL75_.jpg","Width":75}}},"ItemInfo":{"ByLineInfo":{"Brand":{"DisplayValue":"Les Tropéziennes par M. Belarbi","Label":"Brand","Locale":"es_ES"},"Manufacturer":{"DisplayValue":"Les Tropeziennes par M Belarbi","Label":"Manufacturer","Locale":"es_ES"}},"Title":{"DisplayValue":"Les Tropéziennes par M. Belarbi Coralia, Sandalias Planas Mujer, 39 EU","Label":"Title","Locale":"es_ES"}},"Offers":{"Summaries":[{"Condition":{"Value":"New"},"LowestPrice":{"Amount":76.5,"Currency":"EUR","DisplayAmount":"76,50 €"}}]}},{"ASIN":"B0C3M15SQM","DetailPageURL":"https://www.amazon.es/dp/B0C3M15SQM?tag=topinalambricos-21&linkCode=osi&th=1&psc=1","Images":{"Primary":{"Small":{"Height":75,"URL":"https://m.media-amazon.com/images/I/31NtBKgFMXL._SL75_.jpg","Width":75}}},"ItemInfo":{"ByLineInfo":{"Brand":{"DisplayValue":"miMaO","Label":"Brand","Locale":"es_ES"},"Manufacturer":{"DisplayValue":"miMaO","Label":"Manufacturer","Locale":"es_ES"}},"Title":{"DisplayValue":"CLAVEL – Sandalias planas de mujer TAUPE, EU 40","Label":"Title","Locale":"es_ES"}},"Offers":{"Summaries":[{"Condition":{"Value":"New"},"LowestPrice":{"Amount":49.0,"Currency":"EUR","DisplayAmount":"49,00 €"}}]}},{"ASIN":"B0C3X84M2K","DetailPageURL":"https://www.amazon.es/dp/B0C3X84M2K?tag=topinalambricos-21&linkCode=osi&th=1&psc=1","Images":{"Primary":{"Small":{"Height":75,"URL":"https://m.media-amazon.com/images/I/21-cJcCNaaL._SL75_.jpg","Width":64}}},"ItemInfo":{"ByLineInfo":{"Brand":{"DisplayValue":"BOSANOVA","Label":"Brand","Locale":"es_ES"},"Manufacturer":{"DisplayValue":"BOSANOVA","Label":"Manufacturer","Locale":"es_ES"}},"Title":{"DisplayValue":"BOSANOVA Sandalias Planas Estilo Pala compuestas por una Tira Ancha al Empeine con Aperturas Laterales y Suela Plana con Puntera Cuadrada. Sin Cierre. Calzado para Mujer Oro 40","Label":"Title","Locale":"es_ES"}},"Offers":{"Summaries":[{"Condition":{"Value":"New"},"LowestPrice":{"Amount":21.99,"Currency":"EUR","DisplayAmount":"21,99 €"}}]}},{"ASIN":"B0BV32MTV7","DetailPageURL":"https://www.amazon.es/dp/B0BV32MTV7?tag=topinalambricos-21&linkCode=osi&th=1&psc=1","Images":{"Primary":{"Small":{"Height":75,"URL":"https://m.media-amazon.com/images/I/318rtO5opqL._SL75_.jpg","Width":60}}},"ItemInfo":{"ByLineInfo":{"Brand":{"DisplayValue":"Yokono","Label":"Brand","Locale":"es_ES"}},"Title":{"DisplayValue":"Yokono Sandalia Plana Granada 700 Verde","Label":"Title","Locale":"es_ES"}},"Offers":{"Summaries":[{"Condition":{"Value":"New"},"LowestPrice":{"Amount":42.99,"Currency":"EUR","DisplayAmount":"42,99 €"}}]}},{"ASIN":"B09Z6K7D9Q","DetailPageURL":"https://www.amazon.es/dp/B09Z6K7D9Q?tag=topinalambricos-21&linkCode=osi&th=1&psc=1","Images":{"Primary":{"Small":{"Height":75,"URL":"https://m.media-amazon.com/images/I/41Yd92qSSVL._SL75_.jpg","Width":75}}},"ItemInfo":{"ByLineInfo":{"Brand":{"DisplayValue":"EEUK","Label":"Brand","Locale":"es_ES"},"Manufacturer":{"DisplayValue":"HJHYEB041","Label":"Manufacturer","Locale":"es_ES"}},"Title":{"DisplayValue":"EEUK Sandalias ortopedicas mujer piel verano, Sandalias correa trasera para fascitis plantar con soporte para el arco juanetes diabéticos sandalias cómodas para pies planos","Label":"Title","Locale":"es_ES"}},"Offers":{"Summaries":[{"Condition":{"Value":"New"},"LowestPrice":{"Amount":39.99,"Currency":"EUR","DisplayAmount":"39,99 €"}}]}},{"ASIN":"B0BPLJJ7HT","DetailPageURL":"https://www.amazon.es/dp/B0BPLJJ7HT?tag=topinalambricos-21&linkCode=osi&th=1&psc=1","Images":{"Primary":{"Small":{"Height":75,"URL":"https://m.media-amazon.com/images/I/21jexirSrTL._SL75_.jpg","Width":60}}},"ItemInfo":{"ByLineInfo":{"Brand":{"DisplayValue":"MARTINELLI","Label":"Brand","Locale":"es_ES"}},"Title":{"DisplayValue":"MARTINELLI Sandalia Plana de Piel MAZZINI 1535","Label":"Title","Locale":"es_ES"}},"Offers":{"Summaries":[{"Condition":{"Value":"New"},"LowestPrice":{"Amount":80.1,"Currency":"EUR","DisplayAmount":"80,10 €"}}]}},{"ASIN":"B0C4V3LWKP","DetailPageURL":"https://www.amazon.es/dp/B0C4V3LWKP?tag=topinalambricos-21&linkCode=osi&th=1&psc=1","Images":{"Primary":{"Small":{"Height":75,"URL":"https://m.media-amazon.com/images/I/41Mqkml53-L._SL75_.jpg","Width":75}}},"ItemInfo":{"ByLineInfo":{"Brand":{"DisplayValue":"NTCE","Label":"Brand","Locale":"es_ES"},"Manufacturer":{"DisplayValue":"NTCE","Label":"Manufacturer","Locale":"es_ES"}},"Title":{"DisplayValue":"NTCE Sandalias De Playa Planas con Tiras Y Punta Redonda para Damas con Accesorios De Flores, Sandalias De Flores Cómodas con Correa De Tobillo Elástica Bohemia De Verano,005,10","Label":"Title","Locale":"es_ES"}},"Offers":{"Summaries":[{"Condition":{"Value":"New"},"LowestPrice":{"Amount":55.99,"Currency":"EUR","DisplayAmount":"55,99 €"}}]}},{"ASIN":"B0BY6719CG","DetailPageURL":"https://www.amazon.es/dp/B0BY6719CG?tag=topinalambricos-21&linkCode=osi&th=1&psc=1","Images":{"Primary":{"Small":{"Height":75,"URL":"https://m.media-amazon.com/images/I/21bKgmsN8WL._SL75_.jpg","Width":64}}},"ItemInfo":{"ByLineInfo":{"Brand":{"DisplayValue":"BOSANOVA","Label":"Brand","Locale":"es_ES"},"Manufacturer":{"DisplayValue":"BOSANOVA","Label":"Manufacturer","Locale":"es_ES"}},"Title":{"DisplayValue":"BOSANOVA Sandalias Deportivas con Detalle de Malla metálica con Brillantes Plateados y Suela Plana de Goma eva. Cierre con Velcro. Calzado para Mujer Plata 38","Label":"Title","Locale":"es_ES"}},"Offers":{"Summaries":[{"Condition":{"Value":"New"},"LowestPrice":{"Amount":27.99,"Currency":"EUR","DisplayAmount":"27,99 €"}}]}},{"ASIN":"B093GZ35SG","DetailPageURL":"https://www.amazon.es/dp/B093GZ35SG?tag=topinalambricos-21&linkCode=osi&th=1&psc=1","Images":{"Primary":{"Small":{"Height":75,"URL":"https://m.media-amazon.com/images/I/41KhXdc0-oS._SL75_.jpg","Width":75}}},"ItemInfo":{"ByLineInfo":{"Brand":{"DisplayValue":"DYHOZZ","Label":"Brand","Locale":"es_ES"},"Manufacturer":{"DisplayValue":"HJHYEB201","Label":"Manufacturer","Locale":"es_ES"}},"Title":{"DisplayValue":"DYHOZZ Sandalias para Mujer Ortopédicas Correctoras de Juanetes, Sandalias Casuales de Verano para la Playa Zapatos de Viaje Sandalias con Chanclas de Tacón Plano para Interiores/Exteriores","Label":"Title","Locale":"es_ES"}},"Offers":{"Summaries":[{"Condition":{"Value":"New"},"LowestPrice":{"Amount":43.0,"Currency":"EUR","DisplayAmount":"43,00 €"}}]}},{"ASIN":"B07ZS3FHH4","DetailPageURL":"https://www.amazon.es/dp/B07ZS3FHH4?tag=topinalambricos-21&linkCode=osi&th=1&psc=1","Images":{"Primary":{"Small":{"Height":75,"URL":"https://m.media-amazon.com/images/I/21tkUMdEZ5L._SL75_.jpg","Width":75}}},"ItemInfo":{"ByLineInfo":{"Brand":{"DisplayValue":"GIOSEPPO","Label":"Brand","Locale":"es_ES"},"Manufacturer":{"DisplayValue":"Gioseppo SLU","Label":"Manufacturer","Locale":"es_ES"}},"Title":{"DisplayValue":"GIOSEPPO Sandalias de pala blancas para mujer JUNIUS 37 EU","Label":"Title","Locale":"es_ES"}},"Offers":{"Summaries":[{"Condition":{"Value":"New"},"LowestPrice":{"Amount":22.95,"Currency":"EUR","DisplayAmount":"22,95 €"}}]}}],"SearchURL":"https://www.amazon.es/s?k=cuero+planas&rh=n%3A2008266031%2Cp_n_availability%3A-1&tag=topinalambricos-21&linkCode=osi","TotalResultCount":364}},"223":{"SearchResult":{"Items":[{"ASIN":"B07R48P52L","DetailPageURL":"https://www.amazon.es/dp/B07R48P52L?tag=topinalambricos-21&linkCode=osi&th=1&psc=1","Images":{"Primary":{"Small":{"Height":75,"URL":"https://m.media-amazon.com/images/I/31pGBlFOmuL._SL75_.jpg","Width":56}}},"ItemInfo":{"ByLineInfo":{"Brand":{"DisplayValue":"Jack & Jones","Label":"Brand","Locale":"es_ES"},"Manufacturer":{"DisplayValue":"JACK & JONES","Label":"Manufacturer","Locale":"es_ES"}},"Title":{"DisplayValue":"Jack & Jones JFWORCA Leather 19 STS, Chukka Boots Hombre, Marrón(Cognac Cognac), 43 EU","Label":"Title","Locale":"es_ES"}},"Offers":{"Summaries":[{"Condition":{"Value":"New"},"LowestPrice":{"Amount":57.14,"Currency":"EUR","DisplayAmount":"57,14 €"}}]}},{"ASIN":"B07CTKRNZM","DetailPageURL":"https://www.amazon.es/dp/B07CTKRNZM?tag=topinalambricos-21&linkCode=osi&th=1&psc=1","Images":{"Primary":{"Small":{"Height":75,"URL":"https://m.media-amazon.com/images/I/31WCGZW-Y8L._SL75_.jpg","Width":56}}},"ItemInfo":{"ByLineInfo":{"Brand":{"DisplayValue":"JACK & JONES","Label":"Brand","Locale":"es_ES"},"Manufacturer":{"DisplayValue":"JACK & JONES","Label":"Manufacturer","Locale":"es_ES"}},"Title":{"DisplayValue":"JACK & JONES JFWALBANY Leather STS, Chukka Boots Hombre, Gris(Anthracite Anthracite), 41 EU","Label":"Title","Locale":"es_ES"}},"Offers":{"Summaries":[{"Condition":{"Value":"New"},"LowestPrice":{"Amount":64.51,"Currency":"EUR","DisplayAmount":"64,51 €"}}]}},{"ASIN":"B0B4YHKQP5","DetailPageURL":"https://www.amazon.es/dp/B0B4YHKQP5?tag=topinalambricos-21&linkCode=osi&th=1&psc=1","Images":{"Primary":{"Small":{"Height":75,"URL":"https://m.media-amazon.com/images/I/41rjHJ3LMXL._SL75_.jpg","Width":75}}},"ItemInfo":{"ByLineInfo":{"Brand":{"DisplayValue":"F Fityle","Label":"Brand","Locale":"es_ES"},"Manufacturer":{"DisplayValue":"F Fityle","Label":"Manufacturer","Locale":"es_ES"}},"Title":{"DisplayValue":"F Fityle para Botas de Piel sintética Steampunk Spats Greaves Legguards Boot Tops Caballero Accesorios , Negro","Label":"Title","Locale":"es_ES"}},"Offers":{"Summaries":[{"Condition":{"Value":"New"},"LowestPrice":{"Amount":21.99,"Currency":"EUR","DisplayAmount":"21,99 €"}}]}},{"ASIN":"B09GFTZ9FC","DetailPageURL":"https://www.amazon.es/dp/B09GFTZ9FC?tag=topinalambricos-21&linkCode=osi&th=1&psc=1","Images":{"Primary":{"Small":{"Height":75,"URL":"https://m.media-amazon.com/images/I/41Ee555V9rL._SL75_.jpg","Width":75}}},"ItemInfo":{"ByLineInfo":{"Brand":{"DisplayValue":"PAYMA","Label":"Brand","Locale":"es_ES"}},"Title":{"DisplayValue":"PAYMA - Botas Rústicas Hombre de Piel tipo Chukka. Zapato Botín Safari Pisamierdas de Cuero Casual Trabajo, Campo y Jardinería. Cierre Cordones. Suela de Goma. Color: Bota Cuero, Talla: EU 40","Label":"Title","Locale":"es_ES"}},"Offers":{"Summaries":[{"Condition":{"Value":"New"},"LowestPrice":{"Amount":34.99,"Currency":"EUR","DisplayAmount":"34,99 €"}}]}},{"ASIN":"B074N5QCR3","DetailPageURL":"https://www.amazon.es/dp/B074N5QCR3?tag=topinalambricos-21&linkCode=osi&th=1&psc=1","Images":{"Primary":{"Small":{"Height":75,"URL":"https://m.media-amazon.com/images/I/41iM66j2a+L._SL75_.jpg","Width":57}}},"ItemInfo":{"ByLineInfo":{"Brand":{"DisplayValue":"Clarks","Label":"Brand","Locale":"es_ES"},"Contributors":[{"Locale":"es_ES","Name":"Clarks","Role":"Diseñador","RoleType":"designer"}],"Manufacturer":{"DisplayValue":"Clarks","Label":"Manufacturer","Locale":"es_ES"}},"Title":{"DisplayValue":"Clarks Batcombe Lord, Botas Estilo Motero Hombre, Marrón (Dark Brown), 42 EU","Label":"Title","Locale":"es_ES"}},"Offers":{"Summaries":[{"Condition":{"Value":"New"},"LowestPrice":{"Amount":98.68,"Currency":"EUR","DisplayAmount":"98,68 €"}}]}},{"ASIN":"B0845G14PL","DetailPageURL":"https://www.amazon.es/dp/B0845G14PL?tag=topinalambricos-21&linkCode=osi&th=1&psc=1","Images":{"Primary":{"Small":{"Height":50,"URL":"https://m.media-amazon.com/images/I/31v8aF-0cZL._SL75_.jpg","Width":75}}},"ItemInfo":{"ByLineInfo":{"Brand":{"DisplayValue":"Skechers","Label":"Brand","Locale":"es_ES"},"Manufacturer":{"DisplayValue":"Skechers","Label":"Manufacturer","Locale":"es_ES"}},"Title":{"DisplayValue":"Skechers Evenston Renli, Botas Chukka Hombre, Black, 42 EU","Label":"Title","Locale":"es_ES"}},"Offers":{"Summaries":[{"Condition":{"Value":"New"},"LowestPrice":{"Amount":71.91,"Currency":"EUR","DisplayAmount":"71,91 €"}}]}},{"ASIN":"B002XQ3CKY","DetailPageURL":"https://www.amazon.es/dp/B002XQ3CKY?tag=topinalambricos-21&linkCode=osi&th=1&psc=1","Images":{"Primary":{"Small":{"Height":75,"URL":"https://m.media-amazon.com/images/I/41fGYhzyXZL._SL75_.jpg","Width":75}}},"ItemInfo":{"ByLineInfo":{"Brand":{"DisplayValue":"New Rock","Label":"Brand","Locale":"es_ES"},"Manufacturer":{"DisplayValue":"New Rock","Label":"Manufacturer","Locale":"es_ES"}},"Title":{"DisplayValue":"New Rock 7605-S1 - Botas de Cuero para Hombre, Color Negro, Talla 43","Label":"Title","Locale":"es_ES"}},"Offers":{"Summaries":[{"Condition":{"Value":"New"},"LowestPrice":{"Amount":199.95,"Currency":"EUR","DisplayAmount":"199,95 €"}}]}},{"ASIN":"B0BWS5LLR1","DetailPageURL":"https://www.amazon.es/dp/B0BWS5LLR1?tag=topinalambricos-21&linkCode=osi&th=1&psc=1","Images":{"Primary":{"Small":{"Height":75,"URL":"https://m.media-amazon.com/images/I/51nfQGiYa1L._SL75_.jpg","Width":75}}},"ItemInfo":{"ByLineInfo":{"Brand":{"DisplayValue":"NORDYO","Label":"Brand","Locale":"es_ES"},"Manufacturer":{"DisplayValue":"NORDYO SHOP","Label":"Manufacturer","Locale":"es_ES"}},"Title":{"DisplayValue":"NORDYO Botas Altas de Velcro de Ante Hechas a Mano Italianas, Zapatos Beck for Hombre, Zapatillas Informales de Cuero Impermeables, Chukka Transpirable Antideslizante (Color : A.Khaki-Low, Size : 40","Label":"Title","Locale":"es_ES"}},"Offers":{"Summaries":[{"Condition":{"Value":"New"},"LowestPrice":{"Amount":30.0,"Currency":"EUR","DisplayAmount":"30,00 €"}}]}},{"ASIN":"B0BRYH56KQ","DetailPageURL":"https://www.amazon.es/dp/B0BRYH56KQ?tag=topinalambricos-21&linkCode=osi&th=1&psc=1","Images":{"Primary":{"Small":{"Height":75,"URL":"https://m.media-amazon.com/images/I/31wy3Q-z1GL._SL75_.jpg","Width":62}}},"ItemInfo":{"ByLineInfo":{"Brand":{"DisplayValue":"Joe Browns","Label":"Brand","Locale":"es_ES"},"Manufacturer":{"DisplayValue":"Joe Browns","Label":"Manufacturer","Locale":"es_ES"}},"Title":{"DisplayValue":"Joe Browns Botas Altas Casuales de Cuero y Gamuza con Cordones, Zapatillas Hombre, White, 42 EU","Label":"Title","Locale":"es_ES"}},"Offers":{"Summaries":[{"Condition":{"Value":"New"},"LowestPrice":{"Amount":32.94,"Currency":"EUR","DisplayAmount":"32,94 €"}}]}},{"ASIN":"B0B4GG2XVG","DetailPageURL":"https://www.amazon.es/dp/B0B4GG2XVG?tag=topinalambricos-21&linkCode=osi&th=1&psc=1","Images":{"Primary":{"Small":{"Height":59,"URL":"https://m.media-amazon.com/images/I/41Qw54E6lbL._SL75_.jpg","Width":75}}},"ItemInfo":{"ByLineInfo":{"Brand":{"DisplayValue":"Artminzo","Label":"Brand","Locale":"es_ES"},"Manufacturer":{"DisplayValue":"Artminzo","Label":"Manufacturer","Locale":"es_ES"}},"Title":{"DisplayValue":"Artminzo Zapatillas de deporte de cuero con velcro de gamuza para hombre, antideslizantes, transpirables, altas botas Chukka, beige, 39 EU","Label":"Title","Locale":"es_ES"}},"Offers":{"Summaries":[{"Condition":{"Value":"New"},"LowestPrice":{"Amount":25.5,"Currency":"EUR","DisplayAmount":"25,50 €"}}]}}],"SearchURL":"https://www.amazon.es/s?k=cuero&rh=n%3A2008195031%2Cp_n_availability%3A-1&tag=topinalambricos-21&linkCode=osi","TotalResultCount":576}},"224":{"SearchResult":{"Items":[{"ASIN":"B09P8SJNX4","DetailPageURL":"https://www.amazon.es/dp/B09P8SJNX4?tag=topinalambricos-21&linkCode=osi&th=1&psc=1","Images":{"Primary":{"Small":{"Height":75,"URL":"https://m.media-amazon.com/images/I/31dc4WfBEdL._SL75_.jpg","Width":45}}},"ItemInfo":{"ByLineInfo":{"Brand":{"DisplayValue":"Kickers","Label":"Brand","Locale":"es_ES"},"Manufacturer":{"DisplayValue":"KICKERS","Label":"Manufacturer","Locale":"es_ES"}},"Title":{"DisplayValue":"Kickers Kick Titanium, Botas a la Altura de Rodilla Mujer, Negro, 38 EU","Label":"Title","Locale":"es_ES"}},"Offers":{"Summaries":[{"Condition":{"Value":"New"},"LowestPrice":{"Amount":119.4,"Currency":"EUR","DisplayAmount":"119,40 €"}},{"Condition":{"Value":"Used"},"LowestPrice":{"Amount":94.33,"Currency":"EUR","DisplayAmount":"94,33 €"}}]}},{"ASIN":"B0892R81F4","DetailPageURL":"https://www.amazon.es/dp/B0892R81F4?tag=topinalambricos-21&linkCode=osi&th=1&psc=1","Images":{"Primary":{"Small":{"Height":75,"URL":"https://m.media-amazon.com/images/I/41FiTZ6bmmL._SL75_.jpg","Width":75}}},"ItemInfo":{"ByLineInfo":{"Brand":{"DisplayValue":"Yokono","Label":"Brand","Locale":"es_ES"},"Manufacturer":{"DisplayValue":"YOKONO","Label":"Manufacturer","Locale":"es_ES"}},"Title":{"DisplayValue":"YOKONO - YOKONO Bari-002 Mujer Cuero - 39","Label":"Title","Locale":"es_ES"}},"Offers":{"Summaries":[{"Condition":{"Value":"New"},"LowestPrice":{"Amount":62.0,"Currency":"EUR","DisplayAmount":"62,00 €"}}]}},{"ASIN":"B09QBY522M","DetailPageURL":"https://www.amazon.es/dp/B09QBY522M?tag=topinalambricos-21&linkCode=osi&th=1&psc=1","Images":{"Primary":{"Small":{"Height":71,"URL":"https://m.media-amazon.com/images/I/41-MAwl6wnL._SL75_.jpg","Width":75}}},"ItemInfo":{"ByLineInfo":{"Brand":{"DisplayValue":"Tommy Hilfiger","Label":"Brand","Locale":"es_ES"},"Manufacturer":{"DisplayValue":"PVH","Label":"Manufacturer","Locale":"es_ES"}},"Title":{"DisplayValue":"Tommy Hilfiger Botas de para Mujer Buckle Lace Up Boot de Cuero, Negro (Black), 40 Eu","Label":"Title","Locale":"es_ES"}},"Offers":{"Summaries":[{"Condition":{"Value":"New"},"LowestPrice":{"Amount":104.0,"Currency":"EUR","DisplayAmount":"104,00 €"}}]}},{"ASIN":"B09R7X194Q","DetailPageURL":"https://www.amazon.es/dp/B09R7X194Q?tag=topinalambricos-21&linkCode=osi&th=1&psc=1","Images":{"Primary":{"Small":{"Height":75,"URL":"https://m.media-amazon.com/images/I/418s6otH7IL._SL75_.jpg","Width":68}}},"ItemInfo":{"ByLineInfo":{"Brand":{"DisplayValue":"GIOSEPPO","Label":"Brand","Locale":"es_ES"},"Manufacturer":{"DisplayValue":"GIOSEPPO SLU","Label":"Manufacturer","Locale":"es_ES"}},"Title":{"DisplayValue":"GIOSEPPO FORNACH, Botas Mujer, Negro, 41 EU","Label":"Title","Locale":"es_ES"}},"Offers":{"Summaries":[{"Condition":{"Value":"New"},"LowestPrice":{"Amount":35.13,"Currency":"EUR","DisplayAmount":"35,13 €"}}]}},{"ASIN":"B08HHBF4RM","DetailPageURL":"https://www.amazon.es/dp/B08HHBF4RM?tag=topinalambricos-21&linkCode=osi&th=1&psc=1","Images":{"Primary":{"Small":{"Height":75,"URL":"https://m.media-amazon.com/images/I/41JasopxzVL._SL75_.jpg","Width":64}}},"ItemInfo":{"ByLineInfo":{"Brand":{"DisplayValue":"BOSANOVA","Label":"Brand","Locale":"es_ES"},"Manufacturer":{"DisplayValue":"BOSANOVA","Label":"Manufacturer","Locale":"es_ES"}},"Title":{"DisplayValue":"BOSANOVA Bota cowboy de media caña confeccionada en piel con detalles bordados en y ligero tacón de madera. Calzado para mujer CUERO 37","Label":"Title","Locale":"es_ES"}},"Offers":{"Summaries":[{"Condition":{"Value":"New"},"LowestPrice":{"Amount":93.99,"Currency":"EUR","DisplayAmount":"93,99 €"}}]}},{"ASIN":"B09R7X665G","DetailPageURL":"https://www.amazon.es/dp/B09R7X665G?tag=topinalambricos-21&linkCode=osi&th=1&psc=1","Images":{"Primary":{"Small":{"Height":75,"URL":"https://m.media-amazon.com/images/I/31y3X-kGThL._SL75_.jpg","Width":75}}},"ItemInfo":{"ByLineInfo":{"Brand":{"DisplayValue":"GIOSEPPO","Label":"Brand","Locale":"es_ES"},"Manufacturer":{"DisplayValue":"GIOSEPPO SLU","Label":"Manufacturer","Locale":"es_ES"}},"Title":{"DisplayValue":"GIOSEPPO Mujer Altrier Botas, Cuero, 41 EU","Label":"Title","Locale":"es_ES"}},"Offers":{"Summaries":[{"Condition":{"Value":"New"},"LowestPrice":{"Amount":34.42,"Currency":"EUR","DisplayAmount":"34,42 €"}}]}},{"ASIN":"B09R7WT7BZ","DetailPageURL":"https://www.amazon.es/dp/B09R7WT7BZ?tag=topinalambricos-21&linkCode=osi&th=1&psc=1","Images":{"Primary":{"Small":{"Height":75,"URL":"https://m.media-amazon.com/images/I/41e67002XAL._SL75_.jpg","Width":75}}},"ItemInfo":{"ByLineInfo":{"Brand":{"DisplayValue":"GIOSEPPO","Label":"Brand","Locale":"es_ES"},"Manufacturer":{"DisplayValue":"GIOSEPPO SLU","Label":"Manufacturer","Locale":"es_ES"}},"Title":{"DisplayValue":"GIOSEPPO GOEBLANGE, Botas Mujer, Cuero, 41 EU","Label":"Title","Locale":"es_ES"}},"Offers":{"Summaries":[{"Condition":{"Value":"New"},"LowestPrice":{"Amount":37.65,"Currency":"EUR","DisplayAmount":"37,65 €"}}]}},{"ASIN":"B07RKN678H","DetailPageURL":"https://www.amazon.es/dp/B07RKN678H?tag=topinalambricos-21&linkCode=osi&th=1&psc=1","Images":{"Primary":{"Small":{"Height":66,"URL":"https://m.media-amazon.com/images/I/41nsJ4N8OuL._SL75_.jpg","Width":75}}},"ItemInfo":{"ByLineInfo":{"Brand":{"DisplayValue":"Panama Jack","Label":"Brand","Locale":"es_ES"}},"Title":{"DisplayValue":"Panama Jack Botas de Mujer Hongkong B4 Velour Cuero/Bark 39 EU","Label":"Title","Locale":"es_ES"}},"Offers":{"Summaries":[{"Condition":{"Value":"New"},"LowestPrice":{"Amount":134.75,"Currency":"EUR","DisplayAmount":"134,75 €"}}]}},{"ASIN":"B09R7VF1VL","DetailPageURL":"https://www.amazon.es/dp/B09R7VF1VL?tag=topinalambricos-21&linkCode=osi&th=1&psc=1","Images":{"Primary":{"Small":{"Height":75,"URL":"https://m.media-amazon.com/images/I/41i17gMAGVL._SL75_.jpg","Width":75}}},"ItemInfo":{"ByLineInfo":{"Brand":{"DisplayValue":"GIOSEPPO","Label":"Brand","Locale":"es_ES"},"Manufacturer":{"DisplayValue":"GIOSEPPO SLU","Label":"Manufacturer","Locale":"es_ES"}},"Title":{"DisplayValue":"GIOSEPPO HACHIVILLE, Botas Mujer, Nude, 40 EU","Label":"Title","Locale":"es_ES"}},"Offers":{"Summaries":[{"Condition":{"Value":"New"},"LowestPrice":{"Amount":33.6,"Currency":"EUR","DisplayAmount":"33,60 €"}}]}},{"ASIN":"B09V1H7P6T","DetailPageURL":"https://www.amazon.es/dp/B09V1H7P6T?tag=topinalambricos-21&linkCode=osi&th=1&psc=1","Images":{"Primary":{"Small":{"Height":75,"URL":"https://m.media-amazon.com/images/I/31hnOjt1TML._SL75_.jpg","Width":63}}},"ItemInfo":{"ByLineInfo":{"Brand":{"DisplayValue":"Fluchos","Label":"Brand","Locale":"es_ES"},"Manufacturer":{"DisplayValue":"Fluchos","Label":"Manufacturer","Locale":"es_ES"}},"Title":{"DisplayValue":"Fluchos F1442 RIN Cuero+COM.1 YANNIC (41)","Label":"Title","Locale":"es_ES"}},"Offers":{"Summaries":[{"Condition":{"Value":"New"},"LowestPrice":{"Amount":112.0,"Currency":"EUR","DisplayAmount":"112,00 €"}}]}}],"SearchURL":"https://www.amazon.es/s?k=cuero&rh=n%3A2008256031%2Cp_n_availability%3A-1&tag=topinalambricos-21&linkCode=osi","TotalResultCount":748}},"225":{"SearchResult":{"Items":[{"ASIN":"B095P54JX8","DetailPageURL":"https://www.amazon.es/dp/B095P54JX8?tag=topinalambricos-21&linkCode=osi&th=1&psc=1","Images":{"Primary":{"Small":{"Height":75,"URL":"https://m.media-amazon.com/images/I/51JIdGm0NvS._SL75_.jpg","Width":75}}},"ItemInfo":{"ByLineInfo":{"Brand":{"DisplayValue":"BSTL","Label":"Brand","Locale":"es_ES"},"Manufacturer":{"DisplayValue":"BSTL","Label":"Manufacturer","Locale":"es_ES"}},"Title":{"DisplayValue":"Botas de Moto Hechas a Mano Zapatos de Piloto de Moto Suaves y Transpirables Botas de Carreras de Verano de Cuero Zapatos de Moto Todoterreno Four Seasons,Grey-43","Label":"Title","Locale":"es_ES"}},"Offers":{"Summaries":[{"Condition":{"Value":"New"},"LowestPrice":{"Amount":63.99,"Currency":"EUR","DisplayAmount":"63,99 €"}}]}},{"ASIN":"B07QQ22SPV","DetailPageURL":"https://www.amazon.es/dp/B07QQ22SPV?tag=topinalambricos-21&linkCode=osi&th=1&psc=1","Images":{"Primary":{"Small":{"Height":75,"URL":"https://m.media-amazon.com/images/I/41LOViniNiL._SL75_.jpg","Width":75}}},"ItemInfo":{"ByLineInfo":{"Brand":{"DisplayValue":"SHIMA","Label":"Brand","Locale":"es_ES"},"Manufacturer":{"DisplayValue":"SHIMA","Label":"Manufacturer","Locale":"es_ES"}},"Title":{"DisplayValue":"Botas de piel para moto de la marca Shima, para mujer","Label":"Title","Locale":"es_ES"}},"Offers":{"Summaries":[{"Condition":{"Value":"New"},"LowestPrice":{"Amount":149.99,"Currency":"EUR","DisplayAmount":"149,99 €"}}]}},{"ASIN":"B01BFBSFQI","DetailPageURL":"https://www.amazon.es/dp/B01BFBSFQI?tag=topinalambricos-21&linkCode=osi&th=1&psc=1","Images":{"Primary":{"Small":{"Height":55,"URL":"https://m.media-amazon.com/images/I/411qS-53j9L._SL75_.jpg","Width":75}}},"ItemInfo":{"ByLineInfo":{"Brand":{"DisplayValue":"STYLMARTIN","Label":"Brand","Locale":"es_ES"},"Manufacturer":{"DisplayValue":"stylmartin","Label":"Manufacturer","Locale":"es_ES"}},"Title":{"DisplayValue":"STYLMARTIN Cafe Racer Moto Rocket Botas en marrón, talla 45","Label":"Title","Locale":"es_ES"}},"Offers":{"Summaries":[{"Condition":{"Value":"New"},"LowestPrice":{"Amount":201.22,"Currency":"EUR","DisplayAmount":"201,22 €"}}]}},{"ASIN":"B0856345BX","DetailPageURL":"https://www.amazon.es/dp/B0856345BX?tag=topinalambricos-21&linkCode=osi&th=1&psc=1","Images":{"Primary":{"Small":{"Height":56,"URL":"https://m.media-amazon.com/images/I/41I3zzFDZML._SL75_.jpg","Width":75}}},"ItemInfo":{"ByLineInfo":{"Brand":{"DisplayValue":"KEN ROD","Label":"Brand","Locale":"es_ES"},"Manufacturer":{"DisplayValue":"KEN ROD","Label":"Manufacturer","Locale":"es_ES"}},"Title":{"DisplayValue":"KEN ROD Botas Piel Moto | Botas Motocicleta de Cuero | Botas de moto para hombre | Protectores reforzados integrados | Protección en los tobillos | Botas moteras | Biker | Motorista | Talla 41","Label":"Title","Locale":"es_ES"}},"Offers":{"Summaries":[{"Condition":{"Value":"New"},"LowestPrice":{"Amount":99.99,"Currency":"EUR","DisplayAmount":"99,99 €"}}]}},{"ASIN":"B0B51XZJSB","DetailPageURL":"https://www.amazon.es/dp/B0B51XZJSB?tag=topinalambricos-21&linkCode=osi&th=1&psc=1","Images":{"Primary":{"Small":{"Height":75,"URL":"https://m.media-amazon.com/images/I/418SodDhGEL._SL75_.jpg","Width":75}}},"ItemInfo":{"ByLineInfo":{"Brand":{"DisplayValue":"BORLENI","Label":"Brand","Locale":"es_ES"},"Manufacturer":{"DisplayValue":"BORLENI","Label":"Manufacturer","Locale":"es_ES"}},"Title":{"DisplayValue":"BORLENI Botas Moto de Cuero Hombre Zapatos Moto Protectoras de Motocross Road Street Motocicleta Casual Zapatillas Transpirables Suela Antideslizante","Label":"Title","Locale":"es_ES"}},"Offers":{"Summaries":[{"Condition":{"Value":"New"},"LowestPrice":{"Amount":99.99,"Currency":"EUR","DisplayAmount":"99,99 €"}}]}},{"ASIN":"B0841PL1XL","DetailPageURL":"https://www.amazon.es/dp/B0841PL1XL?tag=topinalambricos-21&linkCode=osi&th=1&psc=1","Images":{"Primary":{"Small":{"Height":75,"URL":"https://m.media-amazon.com/images/I/412AA8eccyL._SL75_.jpg","Width":67}}},"ItemInfo":{"ByLineInfo":{"Brand":{"DisplayValue":"Bohmberg","Label":"Brand","Locale":"es_ES"}},"Title":{"DisplayValue":"Botas de moto para hombre, deportivas, de piel, estables,protectores reforzados integrados, con protección en los tobillos, ergonómicas, botas moteras, biker, motorista - 43","Label":"Title","Locale":"es_ES"}},"Offers":{"Summaries":[{"Condition":{"Value":"New"},"LowestPrice":{"Amount":129.9,"Currency":"EUR","DisplayAmount":"129,90 €"}}]}},{"ASIN":"B0949DZFZF","DetailPageURL":"https://www.amazon.es/dp/B0949DZFZF?tag=topinalambricos-21&linkCode=osi&th=1&psc=1","Images":{"Primary":{"Small":{"Height":75,"URL":"https://m.media-amazon.com/images/I/31nDZ6GqUjL._SL75_.jpg","Width":75}}},"ItemInfo":{"ByLineInfo":{"Brand":{"DisplayValue":"SHIMA","Label":"Brand","Locale":"es_ES"},"Manufacturer":{"DisplayValue":"SHIMA","Label":"Manufacturer","Locale":"es_ES"}},"Title":{"DisplayValue":"SHIMA SX-2 EVO Botas Moto Hombre - Zapatillas Moto de Cuero, Transpirables, Reforzados con Soporte el Tobillo, Suela Antideslizante, Almohadilla el Engranaje (Negro, 43)","Label":"Title","Locale":"es_ES"}},"Offers":{"Summaries":[{"Condition":{"Value":"New"},"LowestPrice":{"Amount":103.5,"Currency":"EUR","DisplayAmount":"103,50 €"}},{"Condition":{"Value":"Used"},"LowestPrice":{"Amount":94.22,"Currency":"EUR","DisplayAmount":"94,22 €"}}]}},{"ASIN":"B08BTP4VDV","DetailPageURL":"https://www.amazon.es/dp/B08BTP4VDV?tag=topinalambricos-21&linkCode=osi&th=1&psc=1","Images":{"Primary":{"Small":{"Height":75,"URL":"https://m.media-amazon.com/images/I/4199IZupgxL._SL75_.jpg","Width":75}}},"ItemInfo":{"ByLineInfo":{"Brand":{"DisplayValue":"SHIMA","Label":"Brand","Locale":"es_ES"},"Manufacturer":{"DisplayValue":"SHIMA","Label":"Manufacturer","Locale":"es_ES"}},"Title":{"DisplayValue":"SHIMA Blake Zapatos de Motocicleta para Hombres | Cuero, Transpirables, Zapatos de calle reforzados con cremallera lateral, Soporte de tobillo, Suela antideslizante, Almohadilla de cambio (Marrón, 42)","Label":"Title","Locale":"es_ES"}},"Offers":{"Summaries":[{"Condition":{"Value":"New"},"LowestPrice":{"Amount":112.93,"Currency":"EUR","DisplayAmount":"112,93 €"}}]}},{"ASIN":"B0888NL73J","DetailPageURL":"https://www.amazon.es/dp/B0888NL73J?tag=topinalambricos-21&linkCode=osi&th=1&psc=1","Images":{"Primary":{"Small":{"Height":67,"URL":"https://m.media-amazon.com/images/I/41RXdFFJjZL._SL75_.jpg","Width":75}}},"ItemInfo":{"ByLineInfo":{"Brand":{"DisplayValue":"KEN ROD","Label":"Brand","Locale":"es_ES"},"Manufacturer":{"DisplayValue":"KEN ROD","Label":"Manufacturer","Locale":"es_ES"}},"Title":{"DisplayValue":"KEN ROD Botas Piel Moto | Botas Moto | Botas Motocicleta de Cuero | Botas de Moto Proteccion | Botas Cuero Proteccion","Label":"Title","Locale":"es_ES"}},"Offers":{"Summaries":[{"Condition":{"Value":"New"},"LowestPrice":{"Amount":99.99,"Currency":"EUR","DisplayAmount":"99,99 €"}}]}},{"ASIN":"B07QL8PGK7","DetailPageURL":"https://www.amazon.es/dp/B07QL8PGK7?tag=topinalambricos-21&linkCode=osi&th=1&psc=1","Images":{"Primary":{"Small":{"Height":75,"URL":"https://m.media-amazon.com/images/I/518AVUTDS8L._SL75_.jpg","Width":74}}},"ItemInfo":{"ByLineInfo":{"Brand":{"DisplayValue":"SHIMA","Label":"Brand","Locale":"es_ES"},"Manufacturer":{"DisplayValue":"SHIMA","Label":"Manufacturer","Locale":"es_ES"}},"Title":{"DisplayValue":"SHIMA Rebel WP, Impermeables Zapatos Moto Hombre | Transpirables, Reforzados Zapatos Moto de Cuero, Soporte para el Tobillo, Suela Antideslizante, Mango de Cambio de Marchas (Negro, 42 eu)","Label":"Title","Locale":"es_ES"}},"Offers":{"Summaries":[{"Condition":{"Value":"Used"},"LowestPrice":{"Amount":112.1,"Currency":"EUR","DisplayAmount":"112,10 €"}},{"Condition":{"Value":"New"},"LowestPrice":{"Amount":138.1,"Currency":"EUR","DisplayAmount":"138,10 €"}}]}}],"SearchURL":"https://www.amazon.es/s?k=botas+cuero&rh=n%3A2425309031%2Cp_n_availability%3A-1&tag=topinalambricos-21&linkCode=osi","TotalResultCount":1000}},"226":{"SearchResult":{"Items":[{"ASIN":"B079GXQM85","DetailPageURL":"https://www.amazon.es/dp/B079GXQM85?tag=topinalambricos-21&linkCode=osi&th=1&psc=1","Images":{"Primary":{"Small":{"Height":60,"URL":"https://m.media-amazon.com/images/I/31-nO2wdS7L._SL75_.jpg","Width":75}}},"ItemInfo":{"ByLineInfo":{"Brand":{"DisplayValue":"Converse","Label":"Brand","Locale":"es_ES"},"Manufacturer":{"DisplayValue":"Converse","Label":"Manufacturer","Locale":"es_ES"}},"Title":{"DisplayValue":"Converse - CTAS Lift HI 560846C - White, Tamaño:37 EU","Label":"Title","Locale":"es_ES"}},"Offers":{"Summaries":[{"Condition":{"Value":"New"},"LowestPrice":{"Amount":76.95,"Currency":"EUR","DisplayAmount":"76,95 €"}}]}},{"ASIN":"B07C9R6LNW","DetailPageURL":"https://www.amazon.es/dp/B07C9R6LNW?tag=topinalambricos-21&linkCode=osi&th=1&psc=1","Images":{"Primary":{"Small":{"Height":75,"URL":"https://m.media-amazon.com/images/I/21OdJ99HTCL._SL75_.jpg","Width":42}}},"ItemInfo":{"ByLineInfo":{"Brand":{"DisplayValue":"Converse","Label":"Brand","Locale":"es_ES"},"Manufacturer":{"DisplayValue":"Converse","Label":"Manufacturer","Locale":"es_ES"}},"Title":{"DisplayValue":"Converse - CTAS Lift Clean OX 561680C - White Black, Tamaño:38 EU","Label":"Title","Locale":"es_ES"}},"Offers":{"Summaries":[{"Condition":{"Value":"New"},"LowestPrice":{"Amount":73.0,"Currency":"EUR","DisplayAmount":"73,00 €"}}]}},{"ASIN":"B078NKSSJS","DetailPageURL":"https://www.amazon.es/dp/B078NKSSJS?tag=topinalambricos-21&linkCode=osi&th=1&psc=1","Images":{"Primary":{"Small":{"Height":75,"URL":"https://m.media-amazon.com/images/I/31lWJQKZa8L._SL75_.jpg","Width":42}}},"ItemInfo":{"ByLineInfo":{"Brand":{"DisplayValue":"Converse","Label":"Brand","Locale":"es_ES"},"Manufacturer":{"DisplayValue":"Converse","Label":"Manufacturer","Locale":"es_ES"}},"Title":{"DisplayValue":"Converse - CTAS Lift Clean OX 561681C - Black, Tamaño:39 EU","Label":"Title","Locale":"es_ES"}},"Offers":{"Summaries":[{"Condition":{"Value":"New"},"LowestPrice":{"Amount":79.9,"Currency":"EUR","DisplayAmount":"79,90 €"}}]}},{"ASIN":"B088RG5FP5","DetailPageURL":"https://www.amazon.es/dp/B088RG5FP5?tag=topinalambricos-21&linkCode=osi&th=1&psc=1","Images":{"Primary":{"Small":{"Height":35,"URL":"https://m.media-amazon.com/images/I/31hLKGokckL._SL75_.jpg","Width":75}}},"ItemInfo":{"ByLineInfo":{"Brand":{"DisplayValue":"PUMA","Label":"Brand","Locale":"es_ES"},"Manufacturer":{"DisplayValue":"Puma","Label":"Manufacturer","Locale":"es_ES"}},"Title":{"DisplayValue":"PUMA Serve Pro Lite, Zapatillas deportivas, Unisex adulto, Blanco (Puma White/Puma White/Puma Silver/Gray Violet), 37 EU","Label":"Title","Locale":"es_ES"}},"Offers":{"Summaries":[{"Condition":{"Value":"New"},"LowestPrice":{"Amount":28.99,"Currency":"EUR","DisplayAmount":"28,99 €"}}]}},{"ASIN":"B079GXK2KS","DetailPageURL":"https://www.amazon.es/dp/B079GXK2KS?tag=topinalambricos-21&linkCode=osi&th=1&psc=1","Images":{"Primary":{"Small":{"Height":60,"URL":"https://m.media-amazon.com/images/I/31-nO2wdS7L._SL75_.jpg","Width":75}}},"ItemInfo":{"ByLineInfo":{"Brand":{"DisplayValue":"Converse","Label":"Brand","Locale":"es_ES"},"Manufacturer":{"DisplayValue":"Converse","Label":"Manufacturer","Locale":"es_ES"}},"Title":{"DisplayValue":"Converse - CTAS Lift HI 560846C - White, Tamaño:37.5 EU","Label":"Title","Locale":"es_ES"}},"Offers":{"Summaries":[{"Condition":{"Value":"New"},"LowestPrice":{"Amount":76.0,"Currency":"EUR","DisplayAmount":"76,00 €"}}]}},{"ASIN":"B083ZWQNPH","DetailPageURL":"https://www.amazon.es/dp/B083ZWQNPH?tag=topinalambricos-21&linkCode=osi&th=1&psc=1","Images":{"Primary":{"Small":{"Height":51,"URL":"https://m.media-amazon.com/images/I/313J1iJy12L._SL75_.jpg","Width":75}}},"ItemInfo":{"ByLineInfo":{"Brand":{"DisplayValue":"Converse","Label":"Brand","Locale":"es_ES"},"Contributors":[{"Locale":"es_ES","Name":"MainApps","Role":"Diseñador","RoleType":"designer"}],"Manufacturer":{"DisplayValue":"CONVERSE","Label":"Manufacturer","Locale":"es_ES"}},"Title":{"DisplayValue":"Converse - Lonas 669710C-001 SEÑORA Negro - 38","Label":"Title","Locale":"es_ES"}},"Offers":{"Summaries":[{"Condition":{"Value":"New"},"LowestPrice":{"Amount":55.0,"Currency":"EUR","DisplayAmount":"55,00 €"}}]}},{"ASIN":"B08CY778MY","DetailPageURL":"https://www.amazon.es/dp/B08CY778MY?tag=topinalambricos-21&linkCode=osi&th=1&psc=1","Images":{"Primary":{"Small":{"Height":60,"URL":"https://m.media-amazon.com/images/I/31J3kTAnSFL._SL75_.jpg","Width":75}}},"ItemInfo":{"ByLineInfo":{"Brand":{"DisplayValue":"Converse","Label":"Brand","Locale":"es_ES"},"Manufacturer":{"DisplayValue":"CONVERSE","Label":"Manufacturer","Locale":"es_ES"}},"Title":{"DisplayValue":"Converse - Deportivas 568498C-102 Moda Joven Blanco - 40","Label":"Title","Locale":"es_ES"}},"Offers":{"Summaries":[{"Condition":{"Value":"New"},"LowestPrice":{"Amount":75.95,"Currency":"EUR","DisplayAmount":"75,95 €"}}]}},{"ASIN":"B01LWZQ4R5","DetailPageURL":"https://www.amazon.es/dp/B01LWZQ4R5?tag=topinalambricos-21&linkCode=osi&th=1&psc=1","Images":{"Primary":{"Small":{"Height":75,"URL":"https://m.media-amazon.com/images/I/51MUkhLyM8L._SL75_.jpg","Width":75}}},"ItemInfo":{"ByLineInfo":{"Brand":{"DisplayValue":"Converse","Label":"Brand","Locale":"es_ES"},"Manufacturer":{"DisplayValue":"Converse","Label":"Manufacturer","Locale":"es_ES"}},"Title":{"DisplayValue":"Converse AS Hola Lea Clásico 132170C el Nuevo I-Robot 1S581 Cuero Negro, Schuhe Unisex Sizegroup 10:37.5","Label":"Title","Locale":"es_ES"}},"Offers":{"Summaries":[{"Condition":{"Value":"New"},"LowestPrice":{"Amount":77.0,"Currency":"EUR","DisplayAmount":"77,00 €"}}]}},{"ASIN":"B0B6JFH11D","DetailPageURL":"https://www.amazon.es/dp/B0B6JFH11D?tag=topinalambricos-21&linkCode=osi&th=1&psc=1","Images":{"Primary":{"Small":{"Height":75,"URL":"https://m.media-amazon.com/images/I/31SXenyLJjL._SL75_.jpg","Width":75}}},"ItemInfo":{"ByLineInfo":{"Brand":{"DisplayValue":"Converse","Label":"Brand","Locale":"es_ES"},"Manufacturer":{"DisplayValue":"Converse","Label":"Manufacturer","Locale":"es_ES"}},"Title":{"DisplayValue":"Converse Chuck Taylor All Star Move Platform, Zapatillas Deportivas, White Pixel Purple White, 38 EU","Label":"Title","Locale":"es_ES"}},"Offers":{"Summaries":[{"Condition":{"Value":"New"},"LowestPrice":{"Amount":65.0,"Currency":"EUR","DisplayAmount":"65,00 €"}}]}},{"ASIN":"B07BN1QW7F","DetailPageURL":"https://www.amazon.es/dp/B07BN1QW7F?tag=topinalambricos-21&linkCode=osi&th=1&psc=1","Images":{"Primary":{"Small":{"Height":75,"URL":"https://m.media-amazon.com/images/I/31ea72C9KHL._SL75_.jpg","Width":57}}},"ItemInfo":{"ByLineInfo":{"Brand":{"DisplayValue":"Vans","Label":"Brand","Locale":"es_ES"},"Manufacturer":{"DisplayValue":"Vans","Label":"Manufacturer","Locale":"es_ES"}},"Title":{"DisplayValue":"Vans Ward Platform, Zapatillas Mujer, Canvas Black White, 37 EU","Label":"Title","Locale":"es_ES"}},"Offers":{"Summaries":[{"Condition":{"Value":"New"},"LowestPrice":{"Amount":56.95,"Currency":"EUR","DisplayAmount":"56,95 €"}},{"Condition":{"Value":"Used"},"LowestPrice":{"Amount":51.1,"Currency":"EUR","DisplayAmount":"51,10 €"}}]}}],"SearchURL":"https://www.amazon.es/s?k=converse+cuero&rh=n%3A2008023031%2Cp_n_availability%3A-1&tag=topinalambricos-21&linkCode=osi","TotalResultCount":1000}},"227":{"SearchResult":{"Items":[{"ASIN":"B079GXQM85","DetailPageURL":"https://www.amazon.es/dp/B079GXQM85?tag=topinalambricos-21&linkCode=osi&th=1&psc=1","Images":{"Primary":{"Small":{"Height":60,"URL":"https://m.media-amazon.com/images/I/31-nO2wdS7L._SL75_.jpg","Width":75}}},"ItemInfo":{"ByLineInfo":{"Brand":{"DisplayValue":"Converse","Label":"Brand","Locale":"es_ES"},"Manufacturer":{"DisplayValue":"Converse","Label":"Manufacturer","Locale":"es_ES"}},"Title":{"DisplayValue":"Converse - CTAS Lift HI 560846C - White, Tamaño:37 EU","Label":"Title","Locale":"es_ES"}},"Offers":{"Summaries":[{"Condition":{"Value":"New"},"LowestPrice":{"Amount":76.95,"Currency":"EUR","DisplayAmount":"76,95 €"}}]}},{"ASIN":"B07C9R6LNW","DetailPageURL":"https://www.amazon.es/dp/B07C9R6LNW?tag=topinalambricos-21&linkCode=osi&th=1&psc=1","Images":{"Primary":{"Small":{"Height":75,"URL":"https://m.media-amazon.com/images/I/21OdJ99HTCL._SL75_.jpg","Width":42}}},"ItemInfo":{"ByLineInfo":{"Brand":{"DisplayValue":"Converse","Label":"Brand","Locale":"es_ES"},"Manufacturer":{"DisplayValue":"Converse","Label":"Manufacturer","Locale":"es_ES"}},"Title":{"DisplayValue":"Converse - CTAS Lift Clean OX 561680C - White Black, Tamaño:38 EU","Label":"Title","Locale":"es_ES"}},"Offers":{"Summaries":[{"Condition":{"Value":"New"},"LowestPrice":{"Amount":73.0,"Currency":"EUR","DisplayAmount":"73,00 €"}}]}},{"ASIN":"B078NKSSJS","DetailPageURL":"https://www.amazon.es/dp/B078NKSSJS?tag=topinalambricos-21&linkCode=osi&th=1&psc=1","Images":{"Primary":{"Small":{"Height":75,"URL":"https://m.media-amazon.com/images/I/31lWJQKZa8L._SL75_.jpg","Width":42}}},"ItemInfo":{"ByLineInfo":{"Brand":{"DisplayValue":"Converse","Label":"Brand","Locale":"es_ES"},"Manufacturer":{"DisplayValue":"Converse","Label":"Manufacturer","Locale":"es_ES"}},"Title":{"DisplayValue":"Converse - CTAS Lift Clean OX 561681C - Black, Tamaño:39 EU","Label":"Title","Locale":"es_ES"}},"Offers":{"Summaries":[{"Condition":{"Value":"New"},"LowestPrice":{"Amount":79.9,"Currency":"EUR","DisplayAmount":"79,90 €"}}]}},{"ASIN":"B088RG5FP5","DetailPageURL":"https://www.amazon.es/dp/B088RG5FP5?tag=topinalambricos-21&linkCode=osi&th=1&psc=1","Images":{"Primary":{"Small":{"Height":35,"URL":"https://m.media-amazon.com/images/I/31hLKGokckL._SL75_.jpg","Width":75}}},"ItemInfo":{"ByLineInfo":{"Brand":{"DisplayValue":"PUMA","Label":"Brand","Locale":"es_ES"},"Manufacturer":{"DisplayValue":"Puma","Label":"Manufacturer","Locale":"es_ES"}},"Title":{"DisplayValue":"PUMA Serve Pro Lite, Zapatillas deportivas, Unisex adulto, Blanco (Puma White/Puma White/Puma Silver/Gray Violet), 37 EU","Label":"Title","Locale":"es_ES"}},"Offers":{"Summaries":[{"Condition":{"Value":"New"},"LowestPrice":{"Amount":28.99,"Currency":"EUR","DisplayAmount":"28,99 €"}}]}},{"ASIN":"B079GXK2KS","DetailPageURL":"https://www.amazon.es/dp/B079GXK2KS?tag=topinalambricos-21&linkCode=osi&th=1&psc=1","Images":{"Primary":{"Small":{"Height":60,"URL":"https://m.media-amazon.com/images/I/31-nO2wdS7L._SL75_.jpg","Width":75}}},"ItemInfo":{"ByLineInfo":{"Brand":{"DisplayValue":"Converse","Label":"Brand","Locale":"es_ES"},"Manufacturer":{"DisplayValue":"Converse","Label":"Manufacturer","Locale":"es_ES"}},"Title":{"DisplayValue":"Converse - CTAS Lift HI 560846C - White, Tamaño:37.5 EU","Label":"Title","Locale":"es_ES"}},"Offers":{"Summaries":[{"Condition":{"Value":"New"},"LowestPrice":{"Amount":76.0,"Currency":"EUR","DisplayAmount":"76,00 €"}}]}},{"ASIN":"B083ZWQNPH","DetailPageURL":"https://www.amazon.es/dp/B083ZWQNPH?tag=topinalambricos-21&linkCode=osi&th=1&psc=1","Images":{"Primary":{"Small":{"Height":51,"URL":"https://m.media-amazon.com/images/I/313J1iJy12L._SL75_.jpg","Width":75}}},"ItemInfo":{"ByLineInfo":{"Brand":{"DisplayValue":"Converse","Label":"Brand","Locale":"es_ES"},"Contributors":[{"Locale":"es_ES","Name":"MainApps","Role":"Diseñador","RoleType":"designer"}],"Manufacturer":{"DisplayValue":"CONVERSE","Label":"Manufacturer","Locale":"es_ES"}},"Title":{"DisplayValue":"Converse - Lonas 669710C-001 SEÑORA Negro - 38","Label":"Title","Locale":"es_ES"}},"Offers":{"Summaries":[{"Condition":{"Value":"New"},"LowestPrice":{"Amount":55.0,"Currency":"EUR","DisplayAmount":"55,00 €"}}]}},{"ASIN":"B08CY778MY","DetailPageURL":"https://www.amazon.es/dp/B08CY778MY?tag=topinalambricos-21&linkCode=osi&th=1&psc=1","Images":{"Primary":{"Small":{"Height":60,"URL":"https://m.media-amazon.com/images/I/31J3kTAnSFL._SL75_.jpg","Width":75}}},"ItemInfo":{"ByLineInfo":{"Brand":{"DisplayValue":"Converse","Label":"Brand","Locale":"es_ES"},"Manufacturer":{"DisplayValue":"CONVERSE","Label":"Manufacturer","Locale":"es_ES"}},"Title":{"DisplayValue":"Converse - Deportivas 568498C-102 Moda Joven Blanco - 40","Label":"Title","Locale":"es_ES"}},"Offers":{"Summaries":[{"Condition":{"Value":"New"},"LowestPrice":{"Amount":75.95,"Currency":"EUR","DisplayAmount":"75,95 €"}}]}},{"ASIN":"B01LWZQ4R5","DetailPageURL":"https://www.amazon.es/dp/B01LWZQ4R5?tag=topinalambricos-21&linkCode=osi&th=1&psc=1","Images":{"Primary":{"Small":{"Height":75,"URL":"https://m.media-amazon.com/images/I/51MUkhLyM8L._SL75_.jpg","Width":75}}},"ItemInfo":{"ByLineInfo":{"Brand":{"DisplayValue":"Converse","Label":"Brand","Locale":"es_ES"},"Manufacturer":{"DisplayValue":"Converse","Label":"Manufacturer","Locale":"es_ES"}},"Title":{"DisplayValue":"Converse AS Hola Lea Clásico 132170C el Nuevo I-Robot 1S581 Cuero Negro, Schuhe Unisex Sizegroup 10:37.5","Label":"Title","Locale":"es_ES"}},"Offers":{"Summaries":[{"Condition":{"Value":"New"},"LowestPrice":{"Amount":77.0,"Currency":"EUR","DisplayAmount":"77,00 €"}}]}},{"ASIN":"B0B6JFH11D","DetailPageURL":"https://www.amazon.es/dp/B0B6JFH11D?tag=topinalambricos-21&linkCode=osi&th=1&psc=1","Images":{"Primary":{"Small":{"Height":75,"URL":"https://m.media-amazon.com/images/I/31SXenyLJjL._SL75_.jpg","Width":75}}},"ItemInfo":{"ByLineInfo":{"Brand":{"DisplayValue":"Converse","Label":"Brand","Locale":"es_ES"},"Manufacturer":{"DisplayValue":"Converse","Label":"Manufacturer","Locale":"es_ES"}},"Title":{"DisplayValue":"Converse Chuck Taylor All Star Move Platform, Zapatillas Deportivas, White Pixel Purple White, 38 EU","Label":"Title","Locale":"es_ES"}},"Offers":{"Summaries":[{"Condition":{"Value":"New"},"LowestPrice":{"Amount":65.0,"Currency":"EUR","DisplayAmount":"65,00 €"}}]}},{"ASIN":"B07BN1QW7F","DetailPageURL":"https://www.amazon.es/dp/B07BN1QW7F?tag=topinalambricos-21&linkCode=osi&th=1&psc=1","Images":{"Primary":{"Small":{"Height":75,"URL":"https://m.media-amazon.com/images/I/31ea72C9KHL._SL75_.jpg","Width":57}}},"ItemInfo":{"ByLineInfo":{"Brand":{"DisplayValue":"Vans","Label":"Brand","Locale":"es_ES"},"Manufacturer":{"DisplayValue":"Vans","Label":"Manufacturer","Locale":"es_ES"}},"Title":{"DisplayValue":"Vans Ward Platform, Zapatillas Mujer, Canvas Black White, 37 EU","Label":"Title","Locale":"es_ES"}},"Offers":{"Summaries":[{"Condition":{"Value":"New"},"LowestPrice":{"Amount":56.95,"Currency":"EUR","DisplayAmount":"56,95 €"}},{"Condition":{"Value":"Used"},"LowestPrice":{"Amount":51.1,"Currency":"EUR","DisplayAmount":"51,10 €"}}]}}],"SearchURL":"https://www.amazon.es/s?k=converse+cuero&rh=n%3A2008023031%2Cp_n_availability%3A-1&tag=topinalambricos-21&linkCode=osi","TotalResultCount":1000}},"228":{"SearchResult":{"Items":[{"ASIN":"B079GXQM85","DetailPageURL":"https://www.amazon.es/dp/B079GXQM85?tag=topinalambricos-21&linkCode=osi&th=1&psc=1","Images":{"Primary":{"Small":{"Height":60,"URL":"https://m.media-amazon.com/images/I/31-nO2wdS7L._SL75_.jpg","Width":75}}},"ItemInfo":{"ByLineInfo":{"Brand":{"DisplayValue":"Converse","Label":"Brand","Locale":"es_ES"},"Manufacturer":{"DisplayValue":"Converse","Label":"Manufacturer","Locale":"es_ES"}},"Title":{"DisplayValue":"Converse - CTAS Lift HI 560846C - White, Tamaño:37 EU","Label":"Title","Locale":"es_ES"}},"Offers":{"Summaries":[{"Condition":{"Value":"New"},"LowestPrice":{"Amount":76.95,"Currency":"EUR","DisplayAmount":"76,95 €"}}]}},{"ASIN":"B07C9R6LNW","DetailPageURL":"https://www.amazon.es/dp/B07C9R6LNW?tag=topinalambricos-21&linkCode=osi&th=1&psc=1","Images":{"Primary":{"Small":{"Height":75,"URL":"https://m.media-amazon.com/images/I/21OdJ99HTCL._SL75_.jpg","Width":42}}},"ItemInfo":{"ByLineInfo":{"Brand":{"DisplayValue":"Converse","Label":"Brand","Locale":"es_ES"},"Manufacturer":{"DisplayValue":"Converse","Label":"Manufacturer","Locale":"es_ES"}},"Title":{"DisplayValue":"Converse - CTAS Lift Clean OX 561680C - White Black, Tamaño:38 EU","Label":"Title","Locale":"es_ES"}},"Offers":{"Summaries":[{"Condition":{"Value":"New"},"LowestPrice":{"Amount":73.0,"Currency":"EUR","DisplayAmount":"73,00 €"}}]}},{"ASIN":"B078NKSSJS","DetailPageURL":"https://www.amazon.es/dp/B078NKSSJS?tag=topinalambricos-21&linkCode=osi&th=1&psc=1","Images":{"Primary":{"Small":{"Height":75,"URL":"https://m.media-amazon.com/images/I/31lWJQKZa8L._SL75_.jpg","Width":42}}},"ItemInfo":{"ByLineInfo":{"Brand":{"DisplayValue":"Converse","Label":"Brand","Locale":"es_ES"},"Manufacturer":{"DisplayValue":"Converse","Label":"Manufacturer","Locale":"es_ES"}},"Title":{"DisplayValue":"Converse - CTAS Lift Clean OX 561681C - Black, Tamaño:39 EU","Label":"Title","Locale":"es_ES"}},"Offers":{"Summaries":[{"Condition":{"Value":"New"},"LowestPrice":{"Amount":79.9,"Currency":"EUR","DisplayAmount":"79,90 €"}}]}},{"ASIN":"B088RG5FP5","DetailPageURL":"https://www.amazon.es/dp/B088RG5FP5?tag=topinalambricos-21&linkCode=osi&th=1&psc=1","Images":{"Primary":{"Small":{"Height":35,"URL":"https://m.media-amazon.com/images/I/31hLKGokckL._SL75_.jpg","Width":75}}},"ItemInfo":{"ByLineInfo":{"Brand":{"DisplayValue":"PUMA","Label":"Brand","Locale":"es_ES"},"Manufacturer":{"DisplayValue":"Puma","Label":"Manufacturer","Locale":"es_ES"}},"Title":{"DisplayValue":"PUMA Serve Pro Lite, Zapatillas deportivas, Unisex adulto, Blanco (Puma White/Puma White/Puma Silver/Gray Violet), 37 EU","Label":"Title","Locale":"es_ES"}},"Offers":{"Summaries":[{"Condition":{"Value":"New"},"LowestPrice":{"Amount":28.99,"Currency":"EUR","DisplayAmount":"28,99 €"}}]}},{"ASIN":"B079GXK2KS","DetailPageURL":"https://www.amazon.es/dp/B079GXK2KS?tag=topinalambricos-21&linkCode=osi&th=1&psc=1","Images":{"Primary":{"Small":{"Height":60,"URL":"https://m.media-amazon.com/images/I/31-nO2wdS7L._SL75_.jpg","Width":75}}},"ItemInfo":{"ByLineInfo":{"Brand":{"DisplayValue":"Converse","Label":"Brand","Locale":"es_ES"},"Manufacturer":{"DisplayValue":"Converse","Label":"Manufacturer","Locale":"es_ES"}},"Title":{"DisplayValue":"Converse - CTAS Lift HI 560846C - White, Tamaño:37.5 EU","Label":"Title","Locale":"es_ES"}},"Offers":{"Summaries":[{"Condition":{"Value":"New"},"LowestPrice":{"Amount":76.0,"Currency":"EUR","DisplayAmount":"76,00 €"}}]}},{"ASIN":"B083ZWQNPH","DetailPageURL":"https://www.amazon.es/dp/B083ZWQNPH?tag=topinalambricos-21&linkCode=osi&th=1&psc=1","Images":{"Primary":{"Small":{"Height":51,"URL":"https://m.media-amazon.com/images/I/313J1iJy12L._SL75_.jpg","Width":75}}},"ItemInfo":{"ByLineInfo":{"Brand":{"DisplayValue":"Converse","Label":"Brand","Locale":"es_ES"},"Contributors":[{"Locale":"es_ES","Name":"MainApps","Role":"Diseñador","RoleType":"designer"}],"Manufacturer":{"DisplayValue":"CONVERSE","Label":"Manufacturer","Locale":"es_ES"}},"Title":{"DisplayValue":"Converse - Lonas 669710C-001 SEÑORA Negro - 38","Label":"Title","Locale":"es_ES"}},"Offers":{"Summaries":[{"Condition":{"Value":"New"},"LowestPrice":{"Amount":55.0,"Currency":"EUR","DisplayAmount":"55,00 €"}}]}},{"ASIN":"B08CY778MY","DetailPageURL":"https://www.amazon.es/dp/B08CY778MY?tag=topinalambricos-21&linkCode=osi&th=1&psc=1","Images":{"Primary":{"Small":{"Height":60,"URL":"https://m.media-amazon.com/images/I/31J3kTAnSFL._SL75_.jpg","Width":75}}},"ItemInfo":{"ByLineInfo":{"Brand":{"DisplayValue":"Converse","Label":"Brand","Locale":"es_ES"},"Manufacturer":{"DisplayValue":"CONVERSE","Label":"Manufacturer","Locale":"es_ES"}},"Title":{"DisplayValue":"Converse - Deportivas 568498C-102 Moda Joven Blanco - 40","Label":"Title","Locale":"es_ES"}},"Offers":{"Summaries":[{"Condition":{"Value":"New"},"LowestPrice":{"Amount":75.95,"Currency":"EUR","DisplayAmount":"75,95 €"}}]}},{"ASIN":"B01LWZQ4R5","DetailPageURL":"https://www.amazon.es/dp/B01LWZQ4R5?tag=topinalambricos-21&linkCode=osi&th=1&psc=1","Images":{"Primary":{"Small":{"Height":75,"URL":"https://m.media-amazon.com/images/I/51MUkhLyM8L._SL75_.jpg","Width":75}}},"ItemInfo":{"ByLineInfo":{"Brand":{"DisplayValue":"Converse","Label":"Brand","Locale":"es_ES"},"Manufacturer":{"DisplayValue":"Converse","Label":"Manufacturer","Locale":"es_ES"}},"Title":{"DisplayValue":"Converse AS Hola Lea Clásico 132170C el Nuevo I-Robot 1S581 Cuero Negro, Schuhe Unisex Sizegroup 10:37.5","Label":"Title","Locale":"es_ES"}},"Offers":{"Summaries":[{"Condition":{"Value":"New"},"LowestPrice":{"Amount":77.0,"Currency":"EUR","DisplayAmount":"77,00 €"}}]}},{"ASIN":"B0B6JFH11D","DetailPageURL":"https://www.amazon.es/dp/B0B6JFH11D?tag=topinalambricos-21&linkCode=osi&th=1&psc=1","Images":{"Primary":{"Small":{"Height":75,"URL":"https://m.media-amazon.com/images/I/31SXenyLJjL._SL75_.jpg","Width":75}}},"ItemInfo":{"ByLineInfo":{"Brand":{"DisplayValue":"Converse","Label":"Brand","Locale":"es_ES"},"Manufacturer":{"DisplayValue":"Converse","Label":"Manufacturer","Locale":"es_ES"}},"Title":{"DisplayValue":"Converse Chuck Taylor All Star Move Platform, Zapatillas Deportivas, White Pixel Purple White, 38 EU","Label":"Title","Locale":"es_ES"}},"Offers":{"Summaries":[{"Condition":{"Value":"New"},"LowestPrice":{"Amount":65.0,"Currency":"EUR","DisplayAmount":"65,00 €"}}]}},{"ASIN":"B07BN1QW7F","DetailPageURL":"https://www.amazon.es/dp/B07BN1QW7F?tag=topinalambricos-21&linkCode=osi&th=1&psc=1","Images":{"Primary":{"Small":{"Height":75,"URL":"https://m.media-amazon.com/images/I/31ea72C9KHL._SL75_.jpg","Width":57}}},"ItemInfo":{"ByLineInfo":{"Brand":{"DisplayValue":"Vans","Label":"Brand","Locale":"es_ES"},"Manufacturer":{"DisplayValue":"Vans","Label":"Manufacturer","Locale":"es_ES"}},"Title":{"DisplayValue":"Vans Ward Platform, Zapatillas Mujer, Canvas Black White, 37 EU","Label":"Title","Locale":"es_ES"}},"Offers":{"Summaries":[{"Condition":{"Value":"Used"},"LowestPrice":{"Amount":51.1,"Currency":"EUR","DisplayAmount":"51,10 €"}},{"Condition":{"Value":"New"},"LowestPrice":{"Amount":56.95,"Currency":"EUR","DisplayAmount":"56,95 €"}}]}}],"SearchURL":"https://www.amazon.es/s?k=converse+cuero&rh=n%3A2008023031%2Cp_n_availability%3A-1&tag=topinalambricos-21&linkCode=osi","TotalResultCount":1000}},"229":{"SearchResult":{"Items":[{"ASIN":"B079GXQM85","DetailPageURL":"https://www.amazon.es/dp/B079GXQM85?tag=topinalambricos-21&linkCode=osi&th=1&psc=1","Images":{"Primary":{"Small":{"Height":60,"URL":"https://m.media-amazon.com/images/I/31-nO2wdS7L._SL75_.jpg","Width":75}}},"ItemInfo":{"ByLineInfo":{"Brand":{"DisplayValue":"Converse","Label":"Brand","Locale":"es_ES"},"Manufacturer":{"DisplayValue":"Converse","Label":"Manufacturer","Locale":"es_ES"}},"Title":{"DisplayValue":"Converse - CTAS Lift HI 560846C - White, Tamaño:37 EU","Label":"Title","Locale":"es_ES"}},"Offers":{"Summaries":[{"Condition":{"Value":"New"},"LowestPrice":{"Amount":76.95,"Currency":"EUR","DisplayAmount":"76,95 €"}}]}},{"ASIN":"B07C9R6LNW","DetailPageURL":"https://www.amazon.es/dp/B07C9R6LNW?tag=topinalambricos-21&linkCode=osi&th=1&psc=1","Images":{"Primary":{"Small":{"Height":75,"URL":"https://m.media-amazon.com/images/I/21OdJ99HTCL._SL75_.jpg","Width":42}}},"ItemInfo":{"ByLineInfo":{"Brand":{"DisplayValue":"Converse","Label":"Brand","Locale":"es_ES"},"Manufacturer":{"DisplayValue":"Converse","Label":"Manufacturer","Locale":"es_ES"}},"Title":{"DisplayValue":"Converse - CTAS Lift Clean OX 561680C - White Black, Tamaño:38 EU","Label":"Title","Locale":"es_ES"}},"Offers":{"Summaries":[{"Condition":{"Value":"New"},"LowestPrice":{"Amount":73.0,"Currency":"EUR","DisplayAmount":"73,00 €"}}]}},{"ASIN":"B078NKSSJS","DetailPageURL":"https://www.amazon.es/dp/B078NKSSJS?tag=topinalambricos-21&linkCode=osi&th=1&psc=1","Images":{"Primary":{"Small":{"Height":75,"URL":"https://m.media-amazon.com/images/I/31lWJQKZa8L._SL75_.jpg","Width":42}}},"ItemInfo":{"ByLineInfo":{"Brand":{"DisplayValue":"Converse","Label":"Brand","Locale":"es_ES"},"Manufacturer":{"DisplayValue":"Converse","Label":"Manufacturer","Locale":"es_ES"}},"Title":{"DisplayValue":"Converse - CTAS Lift Clean OX 561681C - Black, Tamaño:39 EU","Label":"Title","Locale":"es_ES"}},"Offers":{"Summaries":[{"Condition":{"Value":"New"},"LowestPrice":{"Amount":79.9,"Currency":"EUR","DisplayAmount":"79,90 €"}}]}},{"ASIN":"B088RG5FP5","DetailPageURL":"https://www.amazon.es/dp/B088RG5FP5?tag=topinalambricos-21&linkCode=osi&th=1&psc=1","Images":{"Primary":{"Small":{"Height":35,"URL":"https://m.media-amazon.com/images/I/31hLKGokckL._SL75_.jpg","Width":75}}},"ItemInfo":{"ByLineInfo":{"Brand":{"DisplayValue":"PUMA","Label":"Brand","Locale":"es_ES"},"Manufacturer":{"DisplayValue":"Puma","Label":"Manufacturer","Locale":"es_ES"}},"Title":{"DisplayValue":"PUMA Serve Pro Lite, Zapatillas deportivas, Unisex adulto, Blanco (Puma White/Puma White/Puma Silver/Gray Violet), 37 EU","Label":"Title","Locale":"es_ES"}},"Offers":{"Summaries":[{"Condition":{"Value":"New"},"LowestPrice":{"Amount":28.99,"Currency":"EUR","DisplayAmount":"28,99 €"}}]}},{"ASIN":"B079GXK2KS","DetailPageURL":"https://www.amazon.es/dp/B079GXK2KS?tag=topinalambricos-21&linkCode=osi&th=1&psc=1","Images":{"Primary":{"Small":{"Height":60,"URL":"https://m.media-amazon.com/images/I/31-nO2wdS7L._SL75_.jpg","Width":75}}},"ItemInfo":{"ByLineInfo":{"Brand":{"DisplayValue":"Converse","Label":"Brand","Locale":"es_ES"},"Manufacturer":{"DisplayValue":"Converse","Label":"Manufacturer","Locale":"es_ES"}},"Title":{"DisplayValue":"Converse - CTAS Lift HI 560846C - White, Tamaño:37.5 EU","Label":"Title","Locale":"es_ES"}},"Offers":{"Summaries":[{"Condition":{"Value":"New"},"LowestPrice":{"Amount":76.0,"Currency":"EUR","DisplayAmount":"76,00 €"}}]}},{"ASIN":"B083ZWQNPH","DetailPageURL":"https://www.amazon.es/dp/B083ZWQNPH?tag=topinalambricos-21&linkCode=osi&th=1&psc=1","Images":{"Primary":{"Small":{"Height":51,"URL":"https://m.media-amazon.com/images/I/313J1iJy12L._SL75_.jpg","Width":75}}},"ItemInfo":{"ByLineInfo":{"Brand":{"DisplayValue":"Converse","Label":"Brand","Locale":"es_ES"},"Contributors":[{"Locale":"es_ES","Name":"MainApps","Role":"Diseñador","RoleType":"designer"}],"Manufacturer":{"DisplayValue":"CONVERSE","Label":"Manufacturer","Locale":"es_ES"}},"Title":{"DisplayValue":"Converse - Lonas 669710C-001 SEÑORA Negro - 38","Label":"Title","Locale":"es_ES"}},"Offers":{"Summaries":[{"Condition":{"Value":"New"},"LowestPrice":{"Amount":55.0,"Currency":"EUR","DisplayAmount":"55,00 €"}}]}},{"ASIN":"B08CY778MY","DetailPageURL":"https://www.amazon.es/dp/B08CY778MY?tag=topinalambricos-21&linkCode=osi&th=1&psc=1","Images":{"Primary":{"Small":{"Height":60,"URL":"https://m.media-amazon.com/images/I/31J3kTAnSFL._SL75_.jpg","Width":75}}},"ItemInfo":{"ByLineInfo":{"Brand":{"DisplayValue":"Converse","Label":"Brand","Locale":"es_ES"},"Manufacturer":{"DisplayValue":"CONVERSE","Label":"Manufacturer","Locale":"es_ES"}},"Title":{"DisplayValue":"Converse - Deportivas 568498C-102 Moda Joven Blanco - 40","Label":"Title","Locale":"es_ES"}},"Offers":{"Summaries":[{"Condition":{"Value":"New"},"LowestPrice":{"Amount":75.95,"Currency":"EUR","DisplayAmount":"75,95 €"}}]}},{"ASIN":"B01LWZQ4R5","DetailPageURL":"https://www.amazon.es/dp/B01LWZQ4R5?tag=topinalambricos-21&linkCode=osi&th=1&psc=1","Images":{"Primary":{"Small":{"Height":75,"URL":"https://m.media-amazon.com/images/I/51MUkhLyM8L._SL75_.jpg","Width":75}}},"ItemInfo":{"ByLineInfo":{"Brand":{"DisplayValue":"Converse","Label":"Brand","Locale":"es_ES"},"Manufacturer":{"DisplayValue":"Converse","Label":"Manufacturer","Locale":"es_ES"}},"Title":{"DisplayValue":"Converse AS Hola Lea Clásico 132170C el Nuevo I-Robot 1S581 Cuero Negro, Schuhe Unisex Sizegroup 10:37.5","Label":"Title","Locale":"es_ES"}},"Offers":{"Summaries":[{"Condition":{"Value":"New"},"LowestPrice":{"Amount":77.0,"Currency":"EUR","DisplayAmount":"77,00 €"}}]}},{"ASIN":"B0B6JFH11D","DetailPageURL":"https://www.amazon.es/dp/B0B6JFH11D?tag=topinalambricos-21&linkCode=osi&th=1&psc=1","Images":{"Primary":{"Small":{"Height":75,"URL":"https://m.media-amazon.com/images/I/31SXenyLJjL._SL75_.jpg","Width":75}}},"ItemInfo":{"ByLineInfo":{"Brand":{"DisplayValue":"Converse","Label":"Brand","Locale":"es_ES"},"Manufacturer":{"DisplayValue":"Converse","Label":"Manufacturer","Locale":"es_ES"}},"Title":{"DisplayValue":"Converse Chuck Taylor All Star Move Platform, Zapatillas Deportivas, White Pixel Purple White, 38 EU","Label":"Title","Locale":"es_ES"}},"Offers":{"Summaries":[{"Condition":{"Value":"New"},"LowestPrice":{"Amount":65.0,"Currency":"EUR","DisplayAmount":"65,00 €"}}]}},{"ASIN":"B07BN1QW7F","DetailPageURL":"https://www.amazon.es/dp/B07BN1QW7F?tag=topinalambricos-21&linkCode=osi&th=1&psc=1","Images":{"Primary":{"Small":{"Height":75,"URL":"https://m.media-amazon.com/images/I/31ea72C9KHL._SL75_.jpg","Width":57}}},"ItemInfo":{"ByLineInfo":{"Brand":{"DisplayValue":"Vans","Label":"Brand","Locale":"es_ES"},"Manufacturer":{"DisplayValue":"Vans","Label":"Manufacturer","Locale":"es_ES"}},"Title":{"DisplayValue":"Vans Ward Platform, Zapatillas Mujer, Canvas Black White, 37 EU","Label":"Title","Locale":"es_ES"}},"Offers":{"Summaries":[{"Condition":{"Value":"New"},"LowestPrice":{"Amount":56.95,"Currency":"EUR","DisplayAmount":"56,95 €"}},{"Condition":{"Value":"Used"},"LowestPrice":{"Amount":51.1,"Currency":"EUR","DisplayAmount":"51,10 €"}}]}}],"SearchURL":"https://www.amazon.es/s?k=converse+cuero&rh=n%3A2008023031%2Cp_n_availability%3A-1&tag=topinalambricos-21&linkCode=osi","TotalResultCount":1000}},"230":{"SearchResult":{"Items":[{"ASIN":"B078NKHYP7","DetailPageURL":"https://www.amazon.es/dp/B078NKHYP7?tag=topinalambricos-21&linkCode=osi&th=1&psc=1","Images":{"Primary":{"Small":{"Height":75,"URL":"https://m.media-amazon.com/images/I/31lWJQKZa8L._SL75_.jpg","Width":42}}},"ItemInfo":{"ByLineInfo":{"Brand":{"DisplayValue":"Converse","Label":"Brand","Locale":"es_ES"},"Manufacturer":{"DisplayValue":"Converse","Label":"Manufacturer","Locale":"es_ES"}},"Title":{"DisplayValue":"Converse Chuck Taylor All Star Platform Clean Leather 561681C, Deportivas - 36 EU","Label":"Title","Locale":"es_ES"}},"Offers":{"Summaries":[{"Condition":{"Value":"New"},"LowestPrice":{"Amount":75.0,"Currency":"EUR","DisplayAmount":"75,00 €"}}]}},{"ASIN":"B0BS985LJ2","DetailPageURL":"https://www.amazon.es/dp/B0BS985LJ2?tag=topinalambricos-21&linkCode=osi&th=1&psc=1","Images":{"Primary":{"Small":{"Height":75,"URL":"https://m.media-amazon.com/images/I/31vJV1NjAuL._SL75_.jpg","Width":75}}},"ItemInfo":{"ByLineInfo":{"Brand":{"DisplayValue":"Converse","Label":"Brand","Locale":"es_ES"},"Manufacturer":{"DisplayValue":"Converse","Label":"Manufacturer","Locale":"es_ES"}},"Title":{"DisplayValue":"Converse - Deportivo de mujer cuero Converse chuck taylor all star lift - 81300 - 38","Label":"Title","Locale":"es_ES"}},"Offers":{"Summaries":[{"Condition":{"Value":"New"},"LowestPrice":{"Amount":80.71,"Currency":"EUR","DisplayAmount":"80,71 €"}}]}},{"ASIN":"B0B9WDFBGV","DetailPageURL":"https://www.amazon.es/dp/B0B9WDFBGV?tag=topinalambricos-21&linkCode=osi&th=1&psc=1","Images":{"Primary":{"Small":{"Height":75,"URL":"https://m.media-amazon.com/images/I/31od-l2NiyL._SL75_.jpg","Width":75}}},"ItemInfo":{"ByLineInfo":{"Brand":{"DisplayValue":"Converse","Label":"Brand","Locale":"es_ES"},"Contributors":[{"Locale":"es_ES","Name":"MainApps","Role":"Diseñador","RoleType":"designer"}],"Manufacturer":{"DisplayValue":"Converse","Label":"Manufacturer","Locale":"es_ES"}},"Title":{"DisplayValue":"Converse Chuck Taylor All Star Lugged 2.0 Cuero Fundación Cuero Entrenadores Mujeres Negro Hi Top Entrenadores Zapatos 36 EU","Label":"Title","Locale":"es_ES"}},"Offers":{"Summaries":[{"Condition":{"Value":"New"},"LowestPrice":{"Amount":71.9,"Currency":"EUR","DisplayAmount":"71,90 €"}}]}},{"ASIN":"B09NXJNM4Z","DetailPageURL":"https://www.amazon.es/dp/B09NXJNM4Z?tag=topinalambricos-21&linkCode=osi&th=1&psc=1","Images":{"Primary":{"Small":{"Height":75,"URL":"https://m.media-amazon.com/images/I/21tJvPZ0yIL._SL75_.jpg","Width":42}}},"ItemInfo":{"ByLineInfo":{"Brand":{"DisplayValue":"Converse","Label":"Brand","Locale":"es_ES"},"Manufacturer":{"DisplayValue":"Converse","Label":"Manufacturer","Locale":"es_ES"}},"Title":{"DisplayValue":"Converse Botas de Mujer Casual Beige Chuck Taylor All Star Lugged 2.0 Counter Climate Otoño Invierno 2022/26, Zapatillas Deportivas, Multicolor, 38 EU","Label":"Title","Locale":"es_ES"}},"Offers":{"Summaries":[{"Condition":{"Value":"New"},"LowestPrice":{"Amount":93.52,"Currency":"EUR","DisplayAmount":"93,52 €"}}]}},{"ASIN":"B0BCGRGHBX","DetailPageURL":"https://www.amazon.es/dp/B0BCGRGHBX?tag=topinalambricos-21&linkCode=osi&th=1&psc=1","Images":{"Primary":{"Small":{"Height":75,"URL":"https://m.media-amazon.com/images/I/317EcdY03VL._SL75_.jpg","Width":75}}},"ItemInfo":{"ByLineInfo":{"Brand":{"DisplayValue":"Converse","Label":"Brand","Locale":"es_ES"},"Manufacturer":{"DisplayValue":"Converse","Label":"Manufacturer","Locale":"es_ES"}},"Title":{"DisplayValue":"Converse Chuck Taylor All Star Lift Platform Black 31","Label":"Title","Locale":"es_ES"}},"Offers":{"Summaries":[{"Condition":{"Value":"New"},"LowestPrice":{"Amount":49.9,"Currency":"EUR","DisplayAmount":"49,90 €"}}]}},{"ASIN":"B0BMW2SQG2","DetailPageURL":"https://www.amazon.es/dp/B0BMW2SQG2?tag=topinalambricos-21&linkCode=osi&th=1&psc=1","Images":{"Primary":{"Small":{"Height":69,"URL":"https://m.media-amazon.com/images/I/31v9jh60EHL._SL75_.jpg","Width":75}}},"ItemInfo":{"ByLineInfo":{"Brand":{"DisplayValue":"Converse","Label":"Brand","Locale":"es_ES"}},"Title":{"DisplayValue":"Converse Chuck Taylor All Star Lift Platform Rainbow Fur, Black Fur Multicolor, 37 EU","Label":"Title","Locale":"es_ES"}},"Offers":{"Summaries":[{"Condition":{"Value":"New"},"LowestPrice":{"Amount":96.21,"Currency":"EUR","DisplayAmount":"96,21 €"}}]}},{"ASIN":"B007TMYPH6","DetailPageURL":"https://www.amazon.es/dp/B007TMYPH6?tag=topinalambricos-21&linkCode=osi&th=1&psc=1","Images":{"Primary":{"Small":{"Height":75,"URL":"https://m.media-amazon.com/images/I/319UMZlFxoL._SL75_.jpg","Width":75}}},"ItemInfo":{"ByLineInfo":{"Brand":{"DisplayValue":"Converse","Label":"Brand","Locale":"es_ES"},"Manufacturer":{"DisplayValue":"Converse","Label":"Manufacturer","Locale":"es_ES"}},"Title":{"DisplayValue":"Converse All Star Hi Leather Zapatillas Negras Monocromas-UK 9.5","Label":"Title","Locale":"es_ES"}},"Offers":{"Summaries":[{"Condition":{"Value":"New"},"LowestPrice":{"Amount":109.0,"Currency":"EUR","DisplayAmount":"109,00 €"}}]}},{"ASIN":"B007TMYNTG","DetailPageURL":"https://www.amazon.es/dp/B007TMYNTG?tag=topinalambricos-21&linkCode=osi&th=1&psc=1","Images":{"Primary":{"Small":{"Height":75,"URL":"https://m.media-amazon.com/images/I/319UMZlFxoL._SL75_.jpg","Width":75}}},"ItemInfo":{"ByLineInfo":{"Brand":{"DisplayValue":"Converse","Label":"Brand","Locale":"es_ES"},"Manufacturer":{"DisplayValue":"Converse","Label":"Manufacturer","Locale":"es_ES"}},"Title":{"DisplayValue":"Converse All Star Hi Leather Zapatillas Negras Monocromas-UK 7","Label":"Title","Locale":"es_ES"}},"Offers":{"Summaries":[{"Condition":{"Value":"New"},"LowestPrice":{"Amount":109.0,"Currency":"EUR","DisplayAmount":"109,00 €"}}]}},{"ASIN":"B0BMW6SGP9","DetailPageURL":"https://www.amazon.es/dp/B0BMW6SGP9?tag=topinalambricos-21&linkCode=osi&th=1&psc=1","Images":{"Primary":{"Small":{"Height":69,"URL":"https://m.media-amazon.com/images/I/41e9Yw4j8zL._SL75_.jpg","Width":75}}},"ItemInfo":{"ByLineInfo":{"Brand":{"DisplayValue":"Converse","Label":"Brand","Locale":"es_ES"}},"Title":{"DisplayValue":"Converse Chuck Taylor All Star Lift Platform Rainbow Fur, Piel blanca, 37.5 EU","Label":"Title","Locale":"es_ES"}},"Offers":{"Summaries":[{"Condition":{"Value":"New"},"LowestPrice":{"Amount":109.99,"Currency":"EUR","DisplayAmount":"109,99 €"}}]}},{"ASIN":"B079P8NBJ8","DetailPageURL":"https://www.amazon.es/dp/B079P8NBJ8?tag=topinalambricos-21&linkCode=osi&th=1&psc=1","Images":{"Primary":{"Small":{"Height":75,"URL":"https://m.media-amazon.com/images/I/217fBJy2jwL._SL75_.jpg","Width":42}}},"ItemInfo":{"ByLineInfo":{"Brand":{"DisplayValue":"Converse","Label":"Brand","Locale":"es_ES"},"Manufacturer":{"DisplayValue":"Converse","Label":"Manufacturer","Locale":"es_ES"}},"Title":{"DisplayValue":"Converse C T All Star Lift HI Negro Mujer 560845C 001","Label":"Title","Locale":"es_ES"}},"Offers":{"Summaries":[{"Condition":{"Value":"New"},"LowestPrice":{"Amount":69.95,"Currency":"EUR","DisplayAmount":"69,95 €"}}]}}],"SearchURL":"https://www.amazon.es/s?k=converse+cuero+all+star&rh=n%3A2008023031%2Cp_n_availability%3A-1&tag=topinalambricos-21&linkCode=osi","TotalResultCount":298}},"232":{"SearchResult":{"Items":[{"ASIN":"B0BV9ZPGX7","DetailPageURL":"https://www.amazon.es/dp/B0BV9ZPGX7?tag=topinalambricos-21&linkCode=osi&th=1&psc=1","Images":{"Primary":{"Small":{"Height":34,"URL":"https://m.media-amazon.com/images/I/41fF6zCb0OL._SL75_.jpg","Width":75}}},"ItemInfo":{"ByLineInfo":{"Brand":{"DisplayValue":"Fluchos","Label":"Brand","Locale":"es_ES"},"Manufacturer":{"DisplayValue":"Fluchos","Label":"Manufacturer","Locale":"es_ES"}},"Title":{"DisplayValue":"Fluchos F1744 Habana Cuero+COM.1 Tristan (44)","Label":"Title","Locale":"es_ES"}},"Offers":{"Summaries":[{"Condition":{"Value":"New"},"LowestPrice":{"Amount":102.95,"Currency":"EUR","DisplayAmount":"102,95 €"}}]}},{"ASIN":"B0858C2ZYK","DetailPageURL":"https://www.amazon.es/dp/B0858C2ZYK?tag=topinalambricos-21&linkCode=osi&th=1&psc=1","Images":{"Primary":{"Small":{"Height":75,"URL":"https://m.media-amazon.com/images/I/216jMOEvGTL._SL75_.jpg","Width":51}}},"ItemInfo":{"ByLineInfo":{"Brand":{"DisplayValue":"Fluchos","Label":"Brand","Locale":"es_ES"},"Manufacturer":{"DisplayValue":"Fluchos","Label":"Manufacturer","Locale":"es_ES"}},"Title":{"DisplayValue":"Fluchos - Zapato de Hombre - MAUI F0794 Tornado Cuero - Zapato de Piel - Cierre con Elásticos - Color Marrón - Talla 42","Label":"Title","Locale":"es_ES"}},"Offers":{"Summaries":[{"Condition":{"Value":"New"},"LowestPrice":{"Amount":87.9,"Currency":"EUR","DisplayAmount":"87,90 €"}}]}},{"ASIN":"B0797XZ47L","DetailPageURL":"https://www.amazon.es/dp/B0797XZ47L?tag=topinalambricos-21&linkCode=osi&th=1&psc=1","Images":{"Primary":{"Small":{"Height":36,"URL":"https://m.media-amazon.com/images/I/31CdMtNLvPL._SL75_.jpg","Width":75}}},"ItemInfo":{"ByLineInfo":{"Brand":{"DisplayValue":"BOSS","Label":"Brand","Locale":"es_ES"},"Manufacturer":{"DisplayValue":"BOSS","Label":"Manufacturer","Locale":"es_ES"}},"Title":{"DisplayValue":"BOSS Kensington_derb_bu Zapatos de cordones derby Hombre, Negro (Black 1), 43 EU (9 UK)","Label":"Title","Locale":"es_ES"}},"Offers":{"Summaries":[{"Condition":{"Value":"New"},"LowestPrice":{"Amount":214.95,"Currency":"EUR","DisplayAmount":"214,95 €"}}]}},{"ASIN":"B086398Q9S","DetailPageURL":"https://www.amazon.es/dp/B086398Q9S?tag=topinalambricos-21&linkCode=osi&th=1&psc=1","Images":{"Primary":{"Small":{"Height":75,"URL":"https://m.media-amazon.com/images/I/21VFZM8BGRL._SL75_.jpg","Width":51}}},"ItemInfo":{"ByLineInfo":{"Brand":{"DisplayValue":"Fluchos","Label":"Brand","Locale":"es_ES"},"Manufacturer":{"DisplayValue":"Fluchos","Label":"Manufacturer","Locale":"es_ES"}},"Title":{"DisplayValue":"Fluchos - Zapato de Hombre - MAUI F0795 Tornado Cuero - Zapato de Piel - Cierre con Cordones - Color Marrón - Talla 41","Label":"Title","Locale":"es_ES"}},"Offers":{"Summaries":[{"Condition":{"Value":"New"},"LowestPrice":{"Amount":102.0,"Currency":"EUR","DisplayAmount":"102,00 €"}}]}},{"ASIN":"B08WH514FX","DetailPageURL":"https://www.amazon.es/dp/B08WH514FX?tag=topinalambricos-21&linkCode=osi&th=1&psc=1","Images":{"Primary":{"Small":{"Height":75,"URL":"https://m.media-amazon.com/images/I/21U5gHOGuVS._SL75_.jpg","Width":51}}},"ItemInfo":{"ByLineInfo":{"Brand":{"DisplayValue":"Fluchos","Label":"Brand","Locale":"es_ES"},"Manufacturer":{"DisplayValue":"Fluchos","Label":"Manufacturer","Locale":"es_ES"}},"Title":{"DisplayValue":"Fluchos F1159 GANGE Cuero+COM.1 Jack (43)","Label":"Title","Locale":"es_ES"}},"Offers":{"Summaries":[{"Condition":{"Value":"New"},"LowestPrice":{"Amount":99.0,"Currency":"EUR","DisplayAmount":"99,00 €"}}]}},{"ASIN":"B09DL3CK75","DetailPageURL":"https://www.amazon.es/dp/B09DL3CK75?tag=topinalambricos-21&linkCode=osi&th=1&psc=1","Images":{"Primary":{"Small":{"Height":75,"URL":"https://m.media-amazon.com/images/I/21UUYaQRCIL._SL75_.jpg","Width":60}}},"ItemInfo":{"ByLineInfo":{"Brand":{"DisplayValue":"MARTINELLI","Label":"Brand","Locale":"es_ES"},"Manufacturer":{"DisplayValue":"MARTINELLI","Label":"Manufacturer","Locale":"es_ES"}},"Title":{"DisplayValue":"MARTINELLI Blucher de Piel Richmond 1577","Label":"Title","Locale":"es_ES"}},"Offers":{"Summaries":[{"Condition":{"Value":"New"},"LowestPrice":{"Amount":139.5,"Currency":"EUR","DisplayAmount":"139,50 €"}}]}},{"ASIN":"B07GK92PT2","DetailPageURL":"https://www.amazon.es/dp/B07GK92PT2?tag=topinalambricos-21&linkCode=osi&th=1&psc=1","Images":{"Primary":{"Small":{"Height":75,"URL":"https://m.media-amazon.com/images/I/31xXzvxTfvL._SL75_.jpg","Width":75}}},"ItemInfo":{"ByLineInfo":{"Brand":{"DisplayValue":"bugatti","Label":"Brand","Locale":"es_ES"},"Manufacturer":{"DisplayValue":"Bugatti","Label":"Manufacturer","Locale":"es_ES"}},"Title":{"DisplayValue":"bugatti 311196054100, Zapatos de Cordones Derby Hombre, Marrón (Cognac 6300), 42 EU","Label":"Title","Locale":"es_ES"}},"Offers":{"Summaries":[{"Condition":{"Value":"New"},"LowestPrice":{"Amount":64.95,"Currency":"EUR","DisplayAmount":"64,95 €"}}]}},{"ASIN":"B07DFR2JV4","DetailPageURL":"https://www.amazon.es/dp/B07DFR2JV4?tag=topinalambricos-21&linkCode=osi&th=1&psc=1","Images":{"Primary":{"Small":{"Height":42,"URL":"https://m.media-amazon.com/images/I/415PgEtnDAL._SL75_.jpg","Width":75}}},"ItemInfo":{"ByLineInfo":{"Brand":{"DisplayValue":"Fluchos","Label":"Brand","Locale":"es_ES"},"Manufacturer":{"DisplayValue":"Fluchos","Label":"Manufacturer","Locale":"es_ES"}},"Title":{"DisplayValue":"Fluchos 8412 Memory Cuero-Stk- HERACLES (39)","Label":"Title","Locale":"es_ES"}},"Offers":{"Summaries":[{"Condition":{"Value":"New"},"LowestPrice":{"Amount":102.5,"Currency":"EUR","DisplayAmount":"102,50 €"}}]}},{"ASIN":"B08XBKBC2W","DetailPageURL":"https://www.amazon.es/dp/B08XBKBC2W?tag=topinalambricos-21&linkCode=osi&th=1&psc=1","Images":{"Primary":{"Small":{"Height":69,"URL":"https://m.media-amazon.com/images/I/314-yAbMn1L._SL75_.jpg","Width":75}}},"ItemInfo":{"ByLineInfo":{"Brand":{"DisplayValue":"Fluchos","Label":"Brand","Locale":"es_ES"},"Manufacturer":{"DisplayValue":"Fluchos","Label":"Manufacturer","Locale":"es_ES"}},"Title":{"DisplayValue":"Fluchos F1158 DELBUCK Cuero + COM.2 Jack (43)","Label":"Title","Locale":"es_ES"}},"Offers":{"Summaries":[{"Condition":{"Value":"New"},"LowestPrice":{"Amount":114.95,"Currency":"EUR","DisplayAmount":"114,95 €"}}]}},{"ASIN":"B0BCPKXT3K","DetailPageURL":"https://www.amazon.es/dp/B0BCPKXT3K?tag=topinalambricos-21&linkCode=osi&th=1&psc=1","Images":{"Primary":{"Small":{"Height":75,"URL":"https://m.media-amazon.com/images/I/31jq4AiKHJL._SL75_.jpg","Width":75}}},"ItemInfo":{"ByLineInfo":{"Brand":{"DisplayValue":"Panama Jack","Label":"Brand","Locale":"es_ES"}},"Title":{"DisplayValue":"Panama Jack Zapatos de Hombre Panama 02 Light C3 Napa Cuero/Bark 41 EU","Label":"Title","Locale":"es_ES"}},"Offers":{"Summaries":[{"Condition":{"Value":"New"},"LowestPrice":{"Amount":159.0,"Currency":"EUR","DisplayAmount":"159,00 €"}}]}}],"SearchURL":"https://www.amazon.es/s?k=cuero&rh=n%3A2008199031%2Cp_n_availability%3A-1&tag=topinalambricos-21&linkCode=osi","TotalResultCount":590}},"233":{"SearchResult":{"Items":[{"ASIN":"B0BCPJ2JT7","DetailPageURL":"https://www.amazon.es/dp/B0BCPJ2JT7?tag=topinalambricos-21&linkCode=osi&th=1&psc=1","Images":{"Primary":{"Small":{"Height":75,"URL":"https://m.media-amazon.com/images/I/213MXW47aAL._SL75_.jpg","Width":64}}},"ItemInfo":{"ByLineInfo":{"Brand":{"DisplayValue":"BOSANOVA","Label":"Brand","Locale":"es_ES"},"Manufacturer":{"DisplayValue":"BOSANOVA","Label":"Manufacturer","Locale":"es_ES"}},"Title":{"DisplayValue":"BOSANOVA Mocasines con Total Look Negro de Estilo Oxford en Tendencia confecionados en Piel Vegana con Detalle de Cadena Negra y Suela Dentada. Sin Cierre. Calzado para Mujer Negro 36","Label":"Title","Locale":"es_ES"}},"Offers":{"Summaries":[{"Condition":{"Value":"New"},"LowestPrice":{"Amount":41.99,"Currency":"EUR","DisplayAmount":"41,99 €"}}]}},{"ASIN":"B08D9JMZW5","DetailPageURL":"https://www.amazon.es/dp/B08D9JMZW5?tag=topinalambricos-21&linkCode=osi&th=1&psc=1","Images":{"Primary":{"Small":{"Height":53,"URL":"https://m.media-amazon.com/images/I/31A0QduuJpL._SL75_.jpg","Width":75}}},"ItemInfo":{"ByLineInfo":{"Brand":{"DisplayValue":"SMajong","Label":"Brand","Locale":"es_ES"}},"Title":{"DisplayValue":"SMajong Mocasines para Mujer Loafers de Cuero Zapato Plano Casual Zapatos de Conducción Cómodos 35 EU (tamaño de Etiqueta 36)","Label":"Title","Locale":"es_ES"}},"Offers":{"Summaries":[{"Condition":{"Value":"New"},"LowestPrice":{"Amount":29.99,"Currency":"EUR","DisplayAmount":"29,99 €"}}]}},{"ASIN":"B09ZXFNPGK","DetailPageURL":"https://www.amazon.es/dp/B09ZXFNPGK?tag=topinalambricos-21&linkCode=osi&th=1&psc=1","Images":{"Primary":{"Small":{"Height":75,"URL":"https://m.media-amazon.com/images/I/317FG2WcC6L._SL75_.jpg","Width":75}}},"ItemInfo":{"ByLineInfo":{"Brand":{"DisplayValue":"DREAM PAIRS","Label":"Brand","Locale":"es_ES"}},"Title":{"DisplayValue":"DREAM PAIRS Mocasines para Mujer Loafers de Cuero Zapato Casual Zapatos de Conducción Cómodos Negro SDLS2205W-E Talla 38 (EUR)","Label":"Title","Locale":"es_ES"}},"Offers":{"Summaries":[{"Condition":{"Value":"New"},"LowestPrice":{"Amount":35.99,"Currency":"EUR","DisplayAmount":"35,99 €"}}]}},{"ASIN":"B08C5HB2Z6","DetailPageURL":"https://www.amazon.es/dp/B08C5HB2Z6?tag=topinalambricos-21&linkCode=osi&th=1&psc=1","Images":{"Primary":{"Small":{"Height":39,"URL":"https://m.media-amazon.com/images/I/31F5SOidDSL._SL75_.jpg","Width":75}}},"ItemInfo":{"ByLineInfo":{"Brand":{"DisplayValue":"Clarks","Label":"Brand","Locale":"es_ES"},"Manufacturer":{"DisplayValue":"Clarks","Label":"Manufacturer","Locale":"es_ES"}},"Title":{"DisplayValue":"Clarks Cora Dream, Mocasín Plano Mujer, Piel Marrón Claro Combinado, 38 EU","Label":"Title","Locale":"es_ES"}},"Offers":{"Summaries":[{"Condition":{"Value":"New"},"LowestPrice":{"Amount":41.99,"Currency":"EUR","DisplayAmount":"41,99 €"}}]}},{"ASIN":"B07NPFQ6MR","DetailPageURL":"https://www.amazon.es/dp/B07NPFQ6MR?tag=topinalambricos-21&linkCode=osi&th=1&psc=1","Images":{"Primary":{"Small":{"Height":75,"URL":"https://m.media-amazon.com/images/I/51cdwh2jJtL._SL75_.jpg","Width":75}}},"ItemInfo":{"ByLineInfo":{"Brand":{"DisplayValue":"Gaatpot","Label":"Brand","Locale":"es_ES"}},"Title":{"DisplayValue":"Mocasines de Cuero Mujer Casual Zapatos de Conducción Moda Loafers Verano Planos Zapatillas del Barco Zapatos Blanco EU37.5=CN38","Label":"Title","Locale":"es_ES"}},"Offers":{"Summaries":[{"Condition":{"Value":"New"},"LowestPrice":{"Amount":31.62,"Currency":"EUR","DisplayAmount":"31,62 €"}}]}},{"ASIN":"B01M5925FC","DetailPageURL":"https://www.amazon.es/dp/B01M5925FC?tag=topinalambricos-21&linkCode=osi&th=1&psc=1","Images":{"Primary":{"Small":{"Height":75,"URL":"https://m.media-amazon.com/images/I/41oar7fzMPL._SL75_.jpg","Width":75}}},"ItemInfo":{"ByLineInfo":{"Brand":{"DisplayValue":"Shenduo","Label":"Brand","Locale":"es_ES"}},"Title":{"DisplayValue":"Shenduo Mujer Zapatos de Cuero - Mocasines Casuales Moda Zapatos Planos Mocasín Slip-on para Mujer D7052 Blanco 40","Label":"Title","Locale":"es_ES"}},"Offers":{"Summaries":[{"Condition":{"Value":"New"},"LowestPrice":{"Amount":49.9,"Currency":"EUR","DisplayAmount":"49,90 €"}}]}},{"ASIN":"B0759W5RWF","DetailPageURL":"https://www.amazon.es/dp/B0759W5RWF?tag=topinalambricos-21&linkCode=osi&th=1&psc=1","Images":{"Primary":{"Small":{"Height":75,"URL":"https://m.media-amazon.com/images/I/41W5IjTa9KL._SL75_.jpg","Width":75}}},"ItemInfo":{"ByLineInfo":{"Brand":{"DisplayValue":"UIN","Label":"Brand","Locale":"es_ES"}},"Title":{"DisplayValue":"UIN Slip-On para Mujeres Mocasines de Cuero Zapatos Planos para Mujer Cómodo Mocasines Vintage Patrón Al Aire Libre Casual Zapatos para Caminar Monada 41","Label":"Title","Locale":"es_ES"}},"Offers":{"Summaries":[{"Condition":{"Value":"New"},"LowestPrice":{"Amount":100.0,"Currency":"EUR","DisplayAmount":"100,00 €"}}]}},{"ASIN":"B015EALC5C","DetailPageURL":"https://www.amazon.es/dp/B015EALC5C?tag=topinalambricos-21&linkCode=osi&th=1&psc=1","Images":{"Primary":{"Small":{"Height":49,"URL":"https://m.media-amazon.com/images/I/41ZC6fcFh2L._SL75_.jpg","Width":75}}},"ItemInfo":{"ByLineInfo":{"Brand":{"DisplayValue":"Clarks","Label":"Brand","Locale":"es_ES"},"Manufacturer":{"DisplayValue":"Clarks","Label":"Manufacturer","Locale":"es_ES"}},"Title":{"DisplayValue":"Clarks Griffin MIA, Mocasín Penny Mujer, Cuero Negro, 39 EU","Label":"Title","Locale":"es_ES"}},"Offers":{"Summaries":[{"Condition":{"Value":"New"},"LowestPrice":{"Amount":56.42,"Currency":"EUR","DisplayAmount":"56,42 €"}}]}},{"ASIN":"B0BTYK8HRR","DetailPageURL":"https://www.amazon.es/dp/B0BTYK8HRR?tag=topinalambricos-21&linkCode=osi&th=1&psc=1","Images":{"Primary":{"Small":{"Height":75,"URL":"https://m.media-amazon.com/images/I/313i6LdkoUL._SL75_.jpg","Width":75}}},"ItemInfo":{"ByLineInfo":{"Brand":{"DisplayValue":"miMaO","Label":"Brand","Locale":"es_ES"}},"Title":{"DisplayValue":"Style – Mocasines Planos con Adorno Metalizado, Beige, EU 39","Label":"Title","Locale":"es_ES"}},"Offers":{"Summaries":[{"Condition":{"Value":"New"},"LowestPrice":{"Amount":69.0,"Currency":"EUR","DisplayAmount":"69,00 €"}}]}},{"ASIN":"B0C3YBDYPV","DetailPageURL":"https://www.amazon.es/dp/B0C3YBDYPV?tag=topinalambricos-21&linkCode=osi&th=1&psc=1","Images":{"Primary":{"Small":{"Height":75,"URL":"https://m.media-amazon.com/images/I/31IT5Cv3LbL._SL75_.jpg","Width":75}}},"ItemInfo":{"ByLineInfo":{"Brand":{"DisplayValue":"Fluchos","Label":"Brand","Locale":"es_ES"},"Manufacturer":{"DisplayValue":"FLUCHOS, S.L.","Label":"Manufacturer","Locale":"es_ES"}},"Title":{"DisplayValue":"Fluchos - Zapato F0443 Floter Blanco Mujer Cuero Mujer Color: FLOTER Blanco Talla: 37","Label":"Title","Locale":"es_ES"}},"Offers":{"Summaries":[{"Condition":{"Value":"New"},"LowestPrice":{"Amount":84.89,"Currency":"EUR","DisplayAmount":"84,89 €"}}]}}],"SearchURL":"https://www.amazon.es/s?k=zapato+cuero&rh=n%3A2008262031%2Cp_n_availability%3A-1&tag=topinalambricos-21&linkCode=osi","TotalResultCount":400}},"235":{"SearchResult":{"Items":[{"ASIN":"B078WTN6CY","DetailPageURL":"https://www.amazon.es/dp/B078WTN6CY?tag=topinalambricos-21&linkCode=osi&th=1&psc=1","Images":{"Primary":{"Small":{"Height":29,"URL":"https://m.media-amazon.com/images/I/31MzhkejOuL._SL75_.jpg","Width":75}}},"ItemInfo":{"ByLineInfo":{"Brand":{"DisplayValue":"Quiksilver","Label":"Brand","Locale":"es_ES"},"Contributors":[{"Locale":"es_ES","Name":"Quiksilver","Role":"Diseñador","RoleType":"designer"}],"Manufacturer":{"DisplayValue":"Quiksilver","Label":"Manufacturer","Locale":"es_ES"}},"Title":{"DisplayValue":"Quiksilver Carver Nubuck-Sandals For Men, Zapatos de Playa y Piscina Hombre, Marrón (Demitasse-Solid Ctk0), 43 EU","Label":"Title","Locale":"es_ES"}},"Offers":{"Summaries":[{"Condition":{"Value":"New"},"LowestPrice":{"Amount":24.29,"Currency":"EUR","DisplayAmount":"24,29 €"}},{"Condition":{"Value":"Used"},"LowestPrice":{"Amount":17.38,"Currency":"EUR","DisplayAmount":"17,38 €"}}]}},{"ASIN":"B07CZ5N6LZ","DetailPageURL":"https://www.amazon.es/dp/B07CZ5N6LZ?tag=topinalambricos-21&linkCode=osi&th=1&psc=1","Images":{"Primary":{"Small":{"Height":25,"URL":"https://m.media-amazon.com/images/I/31k7KvAJEsL._SL75_.jpg","Width":75}}},"ItemInfo":{"ByLineInfo":{"Brand":{"DisplayValue":"Reef","Label":"Brand","Locale":"es_ES"},"Manufacturer":{"DisplayValue":"Reef","Label":"Manufacturer","Locale":"es_ES"}},"Title":{"DisplayValue":"Reef J-Bay III, Chanclas Hombre, Marron Oscuro/Marron Oscuro, 43 EU","Label":"Title","Locale":"es_ES"}},"Offers":{"Summaries":[{"Condition":{"Value":"New"},"LowestPrice":{"Amount":58.95,"Currency":"EUR","DisplayAmount":"58,95 €"}}]}},{"ASIN":"B07SY3QQVC","DetailPageURL":"https://www.amazon.es/dp/B07SY3QQVC?tag=topinalambricos-21&linkCode=osi&th=1&psc=1","Images":{"Primary":{"Small":{"Height":26,"URL":"https://m.media-amazon.com/images/I/31-Qgva7PmL._SL75_.jpg","Width":75}}},"ItemInfo":{"ByLineInfo":{"Brand":{"DisplayValue":"Quiksilver","Label":"Brand","Locale":"es_ES"},"Contributors":[{"Locale":"es_ES","Name":"Quiksilver","Role":"Diseñador","RoleType":"designer"}],"Manufacturer":{"DisplayValue":"Quiksilver","Label":"Manufacturer","Locale":"es_ES"}},"Title":{"DisplayValue":"Quiksilver Molokai Nubuck II, Zapatos de Playa y Piscina Hombre, Marrón (Tan/Solid Tkd0), 43 EU","Label":"Title","Locale":"es_ES"}},"Offers":{"Summaries":[{"Condition":{"Value":"New"},"LowestPrice":{"Amount":29.98,"Currency":"EUR","DisplayAmount":"29,98 €"}}]}},{"ASIN":"B09KGYMDZ7","DetailPageURL":"https://www.amazon.es/dp/B09KGYMDZ7?tag=topinalambricos-21&linkCode=osi&th=1&psc=1","Images":{"Primary":{"Small":{"Height":57,"URL":"https://m.media-amazon.com/images/I/41GoE+I6p1S._SL75_.jpg","Width":75}}},"ItemInfo":{"ByLineInfo":{"Brand":{"DisplayValue":"ARRIGO BELLO","Label":"Brand","Locale":"es_ES"}},"Title":{"DisplayValue":"ARRIGO BELLO Chanclas para Hombre Verano Suela de látex Sandalias Plantillas de Cuero piscina Playa Ducha Talla 41-46 (D Marrón, 43)","Label":"Title","Locale":"es_ES"}},"Offers":{"Summaries":[{"Condition":{"Value":"New"},"LowestPrice":{"Amount":22.99,"Currency":"EUR","DisplayAmount":"22,99 €"}}]}},{"ASIN":"B0999DTY6K","DetailPageURL":"https://www.amazon.es/dp/B0999DTY6K?tag=topinalambricos-21&linkCode=osi&th=1&psc=1","Images":{"Primary":{"Small":{"Height":75,"URL":"https://m.media-amazon.com/images/I/31pP+0ce2AL._SL75_.jpg","Width":75}}},"ItemInfo":{"ByLineInfo":{"Brand":{"DisplayValue":"GIOSEPPO","Label":"Brand","Locale":"es_ES"},"Manufacturer":{"DisplayValue":"Gioseppo SLU","Label":"Manufacturer","Locale":"es_ES"}},"Title":{"DisplayValue":"GIOSEPPO NOBRES, Chanclas Hombre, Cuero, 43 EU","Label":"Title","Locale":"es_ES"}},"Offers":{"Summaries":[{"Condition":{"Value":"New"},"LowestPrice":{"Amount":29.95,"Currency":"EUR","DisplayAmount":"29,95 €"}}]}},{"ASIN":"B0B5HQH3S7","DetailPageURL":"https://www.amazon.es/dp/B0B5HQH3S7?tag=topinalambricos-21&linkCode=osi&th=1&psc=1","Images":{"Primary":{"Small":{"Height":30,"URL":"https://m.media-amazon.com/images/I/31KT-Kn7-+L._SL75_.jpg","Width":75}}},"ItemInfo":{"ByLineInfo":{"Brand":{"DisplayValue":"Tommy Hilfiger","Label":"Brand","Locale":"es_ES"},"Manufacturer":{"DisplayValue":"Tommy Hilfiger","Label":"Manufacturer","Locale":"es_ES"}},"Title":{"DisplayValue":"Tommy Hilfiger Sandalia de Playa Deportiva Hilfiger, Chanclas Hombre, Desert Sky, 43 EU","Label":"Title","Locale":"es_ES"}},"Offers":{"Summaries":[{"Condition":{"Value":"New"},"LowestPrice":{"Amount":30.98,"Currency":"EUR","DisplayAmount":"30,98 €"}}]}},{"ASIN":"B08YK2GV5M","DetailPageURL":"https://www.amazon.es/dp/B08YK2GV5M?tag=topinalambricos-21&linkCode=osi&th=1&psc=1","Images":{"Primary":{"Small":{"Height":43,"URL":"https://m.media-amazon.com/images/I/41s4hdWPYYS._SL75_.jpg","Width":75}}},"ItemInfo":{"ByLineInfo":{"Brand":{"DisplayValue":"ESTRO","Label":"Brand","Locale":"es_ES"}},"Title":{"DisplayValue":"ESTRO Sandalias Hombre Verano Cuero - Chanclas Hombre Sandalias Hombre Cuero con Suela Goma Antideslizante s1 (46 EU, Grafito)","Label":"Title","Locale":"es_ES"}},"Offers":{"Summaries":[{"Condition":{"Value":"New"},"LowestPrice":{"Amount":32.96,"Currency":"EUR","DisplayAmount":"32,96 €"}}]}},{"ASIN":"B0BN6K87H9","DetailPageURL":"https://www.amazon.es/dp/B0BN6K87H9?tag=topinalambricos-21&linkCode=osi&th=1&psc=1","Images":{"Primary":{"Small":{"Height":56,"URL":"https://m.media-amazon.com/images/I/31BqEiMdEsL._SL75_.jpg","Width":75}}},"ItemInfo":{"ByLineInfo":{"Brand":{"DisplayValue":"Hurley","Label":"Brand","Locale":"es_ES"},"Manufacturer":{"DisplayValue":"Hurley","Label":"Manufacturer","Locale":"es_ES"}},"Title":{"DisplayValue":"Hurley Chanclas Cuero Hombre - One And Only","Label":"Title","Locale":"es_ES"}},"Offers":{"Summaries":[{"Condition":{"Value":"New"},"LowestPrice":{"Amount":46.5,"Currency":"EUR","DisplayAmount":"46,50 €"}}]}},{"ASIN":"B08CN264XC","DetailPageURL":"https://www.amazon.es/dp/B08CN264XC?tag=topinalambricos-21&linkCode=osi&th=1&psc=1","Images":{"Primary":{"Small":{"Height":75,"URL":"https://m.media-amazon.com/images/I/31054qzfGmL._SL75_.jpg","Width":59}}},"ItemInfo":{"ByLineInfo":{"Brand":{"DisplayValue":"Quiksilver","Label":"Brand","Locale":"es_ES"},"Contributors":[{"Locale":"es_ES","Name":"Quiksilver","Role":"Diseñador","RoleType":"designer"}],"Manufacturer":{"DisplayValue":"Kauai Textilvertriebs","Label":"Manufacturer","Locale":"es_ES"}},"Title":{"DisplayValue":"Quiksilver Costa Izquierda, Chanclas Hombre, Negro y marrón, 44 EU","Label":"Title","Locale":"es_ES"}},"Offers":{"Summaries":[{"Condition":{"Value":"New"},"LowestPrice":{"Amount":37.98,"Currency":"EUR","DisplayAmount":"37,98 €"}}]}},{"ASIN":"B098QTLQNR","DetailPageURL":"https://www.amazon.es/dp/B098QTLQNR?tag=topinalambricos-21&linkCode=osi&th=1&psc=1","Images":{"Primary":{"Small":{"Height":40,"URL":"https://m.media-amazon.com/images/I/31KEoKNIY5L._SL75_.jpg","Width":75}}},"ItemInfo":{"ByLineInfo":{"Brand":{"DisplayValue":"Clarks","Label":"Brand","Locale":"es_ES"},"Manufacturer":{"DisplayValue":"Clarks","Label":"Manufacturer","Locale":"es_ES"}},"Title":{"DisplayValue":"Clarks Crestview Easy, Sandalias Hombre, Dark Brown Lea, 44.5 EU","Label":"Title","Locale":"es_ES"}},"Offers":{"Summaries":[{"Condition":{"Value":"New"},"LowestPrice":{"Amount":53.86,"Currency":"EUR","DisplayAmount":"53,86 €"}}]}}],"SearchURL":"https://www.amazon.es/s?k=chanclas+cuero&rh=n%3A2008145031%2Cp_n_availability%3A-1&tag=topinalambricos-21&linkCode=osi","TotalResultCount":1000}},"236":{"SearchResult":{"Items":[{"ASIN":"B0BS71MWNY","DetailPageURL":"https://www.amazon.es/dp/B0BS71MWNY?tag=topinalambricos-21&linkCode=osi&th=1&psc=1","Images":{"Primary":{"Small":{"Height":75,"URL":"https://m.media-amazon.com/images/I/211n+T3L2bL._SL75_.jpg","Width":75}}},"ItemInfo":{"ByLineInfo":{"Brand":{"DisplayValue":"Tommy Hilfiger","Label":"Brand","Locale":"es_ES"},"Manufacturer":{"DisplayValue":"Tommy Hilfiger","Label":"Manufacturer","Locale":"es_ES"}},"Title":{"DisplayValue":"Tommy Hilfiger Tommy Jeans Flag Pool Slide ESS, Tobogán Mujer, Black, 39 EU","Label":"Title","Locale":"es_ES"}},"Offers":{"Summaries":[{"Condition":{"Value":"New"},"LowestPrice":{"Amount":33.99,"Currency":"EUR","DisplayAmount":"33,99 €"}}]}},{"ASIN":"B0BXY1CBB4","DetailPageURL":"https://www.amazon.es/dp/B0BXY1CBB4?tag=topinalambricos-21&linkCode=osi&th=1&psc=1","Images":{"Primary":{"Small":{"Height":75,"URL":"https://m.media-amazon.com/images/I/51m7WwkkUXL._SL75_.jpg","Width":75}}},"ItemInfo":{"ByLineInfo":{"Brand":{"DisplayValue":"Desconocido","Label":"Brand","Locale":"es_ES"},"Manufacturer":{"DisplayValue":"BAOZENGMUY","Label":"Manufacturer","Locale":"es_ES"}},"Title":{"DisplayValue":"Zapatillas De Playa Bohemias Zapatos De Moda para Mujer Casual De Cuero Doblado Bohe Chanclas Zapatillas Planas 44-45 Café","Label":"Title","Locale":"es_ES"}},"Offers":{"Summaries":[{"Condition":{"Value":"New"},"LowestPrice":{"Amount":18.99,"Currency":"EUR","DisplayAmount":"18,99 €"}}]}},{"ASIN":"B01N76JR2W","DetailPageURL":"https://www.amazon.es/dp/B01N76JR2W?tag=topinalambricos-21&linkCode=osi&th=1&psc=1","Images":{"Primary":{"Small":{"Height":31,"URL":"https://m.media-amazon.com/images/I/31iyRH0VChL._SL75_.jpg","Width":75}}},"ItemInfo":{"ByLineInfo":{"Brand":{"DisplayValue":"PUMA","Label":"Brand","Locale":"es_ES"},"Manufacturer":{"DisplayValue":"Puma","Label":"Manufacturer","Locale":"es_ES"}},"Title":{"DisplayValue":"PUMA Unisex Adulto Popcat Chanclas, Multicolor Puma White Puma Black, 42 EU","Label":"Title","Locale":"es_ES"}},"Offers":{"Summaries":[{"Condition":{"Value":"New"},"LowestPrice":{"Amount":23.8,"Currency":"EUR","DisplayAmount":"23,80 €"}}]}},{"ASIN":"B0B5HQ637W","DetailPageURL":"https://www.amazon.es/dp/B0B5HQ637W?tag=topinalambricos-21&linkCode=osi&th=1&psc=1","Images":{"Primary":{"Small":{"Height":31,"URL":"https://m.media-amazon.com/images/I/41E52CzJLtL._SL75_.jpg","Width":75}}},"ItemInfo":{"ByLineInfo":{"Brand":{"DisplayValue":"Tommy Hilfiger","Label":"Brand","Locale":"es_ES"},"Manufacturer":{"DisplayValue":"Tommy Hilfiger","Label":"Manufacturer","Locale":"es_ES"}},"Title":{"DisplayValue":"Tommy Hilfiger Tobogán de Piscina Tommy Essential, Sandalias deslizantes Mujer, Fireworks, 40 EU","Label":"Title","Locale":"es_ES"}},"Offers":{"Summaries":[{"Condition":{"Value":"New"},"LowestPrice":{"Amount":44.9,"Currency":"EUR","DisplayAmount":"44,90 €"}}]}},{"ASIN":"B0BZYVQXKZ","DetailPageURL":"https://www.amazon.es/dp/B0BZYVQXKZ?tag=topinalambricos-21&linkCode=osi&th=1&psc=1","Images":{"Primary":{"Small":{"Height":75,"URL":"https://m.media-amazon.com/images/I/41y2FQWUhfL._SL75_.jpg","Width":75}}},"ItemInfo":{"ByLineInfo":{"Brand":{"DisplayValue":"iik","Label":"Brand","Locale":"es_ES"},"Manufacturer":{"DisplayValue":"iik","Label":"Manufacturer","Locale":"es_ES"}},"Title":{"DisplayValue":"Sandalias Ortopédicas Cómodas para Mujer, Sandalias Ortopédicas para Mujer, Tacones Gruesos De Cuña Informales A La Moda, Sandalias con Punta Abierta, Zapatos (Brown,39)","Label":"Title","Locale":"es_ES"}},"Offers":{"Summaries":[{"Condition":{"Value":"New"},"LowestPrice":{"Amount":27.99,"Currency":"EUR","DisplayAmount":"27,99 €"}}]}},{"ASIN":"B07DYC7WXY","DetailPageURL":"https://www.amazon.es/dp/B07DYC7WXY?tag=topinalambricos-21&linkCode=osi&th=1&psc=1","Images":{"Primary":{"Small":{"Height":23,"URL":"https://m.media-amazon.com/images/I/31oTfAHvaWL._SL75_.jpg","Width":75}}},"ItemInfo":{"ByLineInfo":{"Brand":{"DisplayValue":"Roxy","Label":"Brand","Locale":"es_ES"},"Contributors":[{"Locale":"es_ES","Name":"Roxy","Role":"Diseñador","RoleType":"designer"}],"Manufacturer":{"DisplayValue":"Roxy","Label":"Manufacturer","Locale":"es_ES"}},"Title":{"DisplayValue":"Roxy Costas, Zapatos de Playa y Piscina Mujer, Negro (Black Blk), 41 EU","Label":"Title","Locale":"es_ES"}},"Offers":{"Summaries":[{"Condition":{"Value":"New"},"LowestPrice":{"Amount":19.99,"Currency":"EUR","DisplayAmount":"19,99 €"}}]}},{"ASIN":"B09T9C2RZ1","DetailPageURL":"https://www.amazon.es/dp/B09T9C2RZ1?tag=topinalambricos-21&linkCode=osi&th=1&psc=1","Images":{"Primary":{"Small":{"Height":57,"URL":"https://m.media-amazon.com/images/I/31GCpy0omIL._SL75_.jpg","Width":75}}},"ItemInfo":{"ByLineInfo":{"Brand":{"DisplayValue":"AX BOXING","Label":"Brand","Locale":"es_ES"}},"Title":{"DisplayValue":"AX BOXING Chanclas Mujer Flip Flop PU Cuero Simple Elegante Sommer Sandalias Verano Suave Ligeras Playa Vacaciones Antideslizantes Tamaño 36-41 (NegroP1807, numeric_40)","Label":"Title","Locale":"es_ES"}},"Offers":{"Summaries":[{"Condition":{"Value":"New"},"LowestPrice":{"Amount":21.99,"Currency":"EUR","DisplayAmount":"21,99 €"}}]}},{"ASIN":"B0B7M9DW9T","DetailPageURL":"https://www.amazon.es/dp/B0B7M9DW9T?tag=topinalambricos-21&linkCode=osi&th=1&psc=1","Images":{"Primary":{"Small":{"Height":32,"URL":"https://m.media-amazon.com/images/I/31FrBjK86eL._SL75_.jpg","Width":75}}},"ItemInfo":{"ByLineInfo":{"Brand":{"DisplayValue":"Tommy Hilfiger","Label":"Brand","Locale":"es_ES"},"Manufacturer":{"DisplayValue":"Tommy Hilfiger","Label":"Manufacturer","Locale":"es_ES"}},"Title":{"DisplayValue":"Tommy Hilfiger TH Glitter Pool Slide, Deslizar Mujer, Cielo del Desierto, 42.5 EU","Label":"Title","Locale":"es_ES"}},"Offers":{"Summaries":[{"Condition":{"Value":"New"},"LowestPrice":{"Amount":36.98,"Currency":"EUR","DisplayAmount":"36,98 €"}}]}},{"ASIN":"B078WTG2QP","DetailPageURL":"https://www.amazon.es/dp/B078WTG2QP?tag=topinalambricos-21&linkCode=osi&th=1&psc=1","Images":{"Primary":{"Small":{"Height":29,"URL":"https://m.media-amazon.com/images/I/41SSztxDNmL._SL75_.jpg","Width":75}}},"ItemInfo":{"ByLineInfo":{"Brand":{"DisplayValue":"Roxy","Label":"Brand","Locale":"es_ES"},"Contributors":[{"Locale":"es_ES","Name":"Roxy","Role":"Diseñador","RoleType":"designer"}],"Manufacturer":{"DisplayValue":"Roxy","Label":"Manufacturer","Locale":"es_ES"}},"Title":{"DisplayValue":"Roxy Napili II, Zapatos de Playa y Piscina Mujer, Beige (Beige/(Ta1 Tan 1) Ta1), 42 EU","Label":"Title","Locale":"es_ES"}},"Offers":{"Summaries":[{"Condition":{"Value":"New"},"LowestPrice":{"Amount":14.93,"Currency":"EUR","DisplayAmount":"14,93 €"}}]}},{"ASIN":"B09TGKPXRN","DetailPageURL":"https://www.amazon.es/dp/B09TGKPXRN?tag=topinalambricos-21&linkCode=osi&th=1&psc=1","Images":{"Primary":{"Small":{"Height":63,"URL":"https://m.media-amazon.com/images/I/41rH6LNLY3L._SL75_.jpg","Width":75}}},"ItemInfo":{"ByLineInfo":{"Brand":{"DisplayValue":"AX BOXING","Label":"Brand","Locale":"es_ES"}},"Title":{"DisplayValue":"AX BOXING Chanclas Mujer Flip Flop PU Cuero Simple Elegante Sommer Sandalias Verano Suave Ligeras Playa Vacaciones Antideslizantes Tamaño 36-41 (MARRÓNPX0808,)","Label":"Title","Locale":"es_ES"}},"Offers":{"Summaries":[{"Condition":{"Value":"New"},"LowestPrice":{"Amount":17.99,"Currency":"EUR","DisplayAmount":"17,99 €"}}]}}],"SearchURL":"https://www.amazon.es/s?k=chanclas+cuero&rh=n%3A2008213031%2Cp_n_availability%3A-1&tag=topinalambricos-21&linkCode=osi","TotalResultCount":967}},"238":{"SearchResult":{"Items":[{"ASIN":"B00TTKRLCW","DetailPageURL":"https://www.amazon.es/dp/B00TTKRLCW?tag=topinalambricos-21&linkCode=osi&th=1&psc=1","Images":{"Primary":{"Small":{"Height":75,"URL":"https://m.media-amazon.com/images/I/31cC4MDdBhL._SL75_.jpg","Width":57}}},"ItemInfo":{"ByLineInfo":{"Brand":{"DisplayValue":"Clarks","Label":"Brand","Locale":"es_ES"},"Manufacturer":{"DisplayValue":"Clarks","Label":"Manufacturer","Locale":"es_ES"}},"Title":{"DisplayValue":"Clarks Orinoco Spice, Botines Mujer, Black Leather, 41 EU","Label":"Title","Locale":"es_ES"}},"Offers":{"Summaries":[{"Condition":{"Value":"Used"},"LowestPrice":{"Amount":57.38,"Currency":"EUR","DisplayAmount":"57,38 €"}},{"Condition":{"Value":"New"},"LowestPrice":{"Amount":66.5,"Currency":"EUR","DisplayAmount":"66,50 €"}}]}},{"ASIN":"B09L4ZSR5X","DetailPageURL":"https://www.amazon.es/dp/B09L4ZSR5X?tag=topinalambricos-21&linkCode=osi&th=1&psc=1","Images":{"Primary":{"Small":{"Height":75,"URL":"https://m.media-amazon.com/images/I/418WQzlmImL._SL75_.jpg","Width":75}}},"ItemInfo":{"ByLineInfo":{"Brand":{"DisplayValue":"NUSGEAR","Label":"Brand","Locale":"es_ES"}},"Title":{"DisplayValue":"NUSGEAR 2021 Botas Botines de Cuero Mujer Otoño Invierno Vintage Botines Mujer con Cordones Zapatos de Mujer Botas Cómodas de tacón Plano Cremallera Bota Corta Casual Talla grande","Label":"Title","Locale":"es_ES"}},"Offers":{"Summaries":[{"Condition":{"Value":"New"},"LowestPrice":{"Amount":9.98,"Currency":"EUR","DisplayAmount":"9,98 €"}}]}},{"ASIN":"B0B8YSZGYP","DetailPageURL":"https://www.amazon.es/dp/B0B8YSZGYP?tag=topinalambricos-21&linkCode=osi&th=1&psc=1","Images":{"Primary":{"Small":{"Height":75,"URL":"https://m.media-amazon.com/images/I/41HxYSBxU7L._SL75_.jpg","Width":75}}},"ItemInfo":{"ByLineInfo":{"Brand":{"DisplayValue":"PITILLOS","Label":"Brand","Locale":"es_ES"},"Manufacturer":{"DisplayValue":"PITILLOS","Label":"Manufacturer","Locale":"es_ES"}},"Title":{"DisplayValue":"PITILLOS - 1692 Cuero - Botín de piel, con tacón medio, cremallera, suela de goma, para: Mujer color: CUERO talla:39","Label":"Title","Locale":"es_ES"}},"Offers":{"Summaries":[{"Condition":{"Value":"New"},"LowestPrice":{"Amount":67.95,"Currency":"EUR","DisplayAmount":"67,95 €"}}]}},{"ASIN":"B07B9372CW","DetailPageURL":"https://www.amazon.es/dp/B07B9372CW?tag=topinalambricos-21&linkCode=osi&th=1&psc=1","Images":{"Primary":{"Small":{"Height":53,"URL":"https://m.media-amazon.com/images/I/31TYyX-zRWL._SL75_.jpg","Width":75}}},"ItemInfo":{"ByLineInfo":{"Brand":{"DisplayValue":"Camper","Label":"Brand","Locale":"es_ES"},"Manufacturer":{"DisplayValue":"Camper","Label":"Manufacturer","Locale":"es_ES"}},"Title":{"DisplayValue":"Camper Damen Alright Pumps, Pink (Black 1), 41 EU","Label":"Title","Locale":"es_ES"}},"Offers":{"Summaries":[{"Condition":{"Value":"New"},"LowestPrice":{"Amount":125.0,"Currency":"EUR","DisplayAmount":"125,00 €"}}]}},{"ASIN":"B07KMJYWNY","DetailPageURL":"https://www.amazon.es/dp/B07KMJYWNY?tag=topinalambricos-21&linkCode=osi&th=1&psc=1","Images":{"Primary":{"Small":{"Height":62,"URL":"https://m.media-amazon.com/images/I/41L+dY32JSL._SL75_.jpg","Width":75}}},"ItemInfo":{"ByLineInfo":{"Brand":{"DisplayValue":"IGI&Co","Label":"Brand","Locale":"es_ES"}},"Title":{"DisplayValue":"IGI&Co GORE-TEX 21668 - botines de caño bajo de Cuero Mujer, color Gris, talla 40 EU","Label":"Title","Locale":"es_ES"}},"Offers":{"Summaries":[{"Condition":{"Value":"New"},"LowestPrice":{"Amount":107.91,"Currency":"EUR","DisplayAmount":"107,91 €"}}]}},{"ASIN":"B0C3956WLB","DetailPageURL":"https://www.amazon.es/dp/B0C3956WLB?tag=topinalambricos-21&linkCode=osi&th=1&psc=1","Images":{"Primary":{"Small":{"Height":75,"URL":"https://m.media-amazon.com/images/I/41NvPTLU20L._SL75_.jpg","Width":60}}},"ItemInfo":{"ByLineInfo":{"Brand":{"DisplayValue":"Chika 10","Label":"Brand","Locale":"es_ES"},"Manufacturer":{"DisplayValue":"CHIKA 10","Label":"Manufacturer","Locale":"es_ES"}},"Title":{"DisplayValue":"BOTÍN Mujer Chica 10 Modelo Tonia 13 para: Mujer Color: Cuero Talla: 39","Label":"Title","Locale":"es_ES"}},"Offers":{"Summaries":[{"Condition":{"Value":"New"},"LowestPrice":{"Amount":59.95,"Currency":"EUR","DisplayAmount":"59,95 €"}}]}},{"ASIN":"B09RGL62RT","DetailPageURL":"https://www.amazon.es/dp/B09RGL62RT?tag=topinalambricos-21&linkCode=osi&th=1&psc=1","Images":{"Primary":{"Small":{"Height":75,"URL":"https://m.media-amazon.com/images/I/314iFay0K4L._SL75_.jpg","Width":75}}},"ItemInfo":{"ByLineInfo":{"Brand":{"DisplayValue":"Tamaris","Label":"Brand","Locale":"es_ES"},"Manufacturer":{"DisplayValue":"Tamaris","Label":"Manufacturer","Locale":"es_ES"}},"Title":{"DisplayValue":"Tamaris Mujer Botines, señora Botines,Plantilla Desmontable,Comfort Lining,Media Bota,Zapato de transición,Zapato de Invierno,Black,39 EU","Label":"Title","Locale":"es_ES"}},"Offers":{"Summaries":[{"Condition":{"Value":"New"},"LowestPrice":{"Amount":70.25,"Currency":"EUR","DisplayAmount":"70,25 €"}}]}},{"ASIN":"B07XT4QDDD","DetailPageURL":"https://www.amazon.es/dp/B07XT4QDDD?tag=topinalambricos-21&linkCode=osi&th=1&psc=1","Images":{"Primary":{"Small":{"Height":75,"URL":"https://m.media-amazon.com/images/I/31g+uvTvKjL._SL75_.jpg","Width":64}}},"ItemInfo":{"ByLineInfo":{"Brand":{"DisplayValue":"BOSANOVA","Label":"Brand","Locale":"es_ES"},"Manufacturer":{"DisplayValue":"BOSANOVA","Label":"Manufacturer","Locale":"es_ES"}},"Title":{"DisplayValue":"BOSANOVA Bota cowboy con detalle de cosido decorativo en la caña, tacón de 5'5 cm y cierre con cremallera. Calzado para mujer CUERO 37","Label":"Title","Locale":"es_ES"}},"Offers":{"Summaries":[{"Condition":{"Value":"New"},"LowestPrice":{"Amount":69.99,"Currency":"EUR","DisplayAmount":"69,99 €"}}]}},{"ASIN":"B07LFTZTX2","DetailPageURL":"https://www.amazon.es/dp/B07LFTZTX2?tag=topinalambricos-21&linkCode=osi&th=1&psc=1","Images":{"Primary":{"Small":{"Height":75,"URL":"https://m.media-amazon.com/images/I/21mU59q5k+L._SL75_.jpg","Width":57}}},"ItemInfo":{"ByLineInfo":{"Brand":{"DisplayValue":"Geox","Label":"Brand","Locale":"es_ES"},"Contributors":[{"Locale":"es_ES","Name":"Geox","Role":"Diseñador","RoleType":"designer"}],"Manufacturer":{"DisplayValue":"Geox","Label":"Manufacturer","Locale":"es_ES"}},"Title":{"DisplayValue":"Geox D Felicity G, Botines para Mujer, Negro (Black), 38 EU","Label":"Title","Locale":"es_ES"}},"Offers":{"Summaries":[{"Condition":{"Value":"New"},"LowestPrice":{"Amount":68.82,"Currency":"EUR","DisplayAmount":"68,82 €"}}]}},{"ASIN":"B07M9853ZV","DetailPageURL":"https://www.amazon.es/dp/B07M9853ZV?tag=topinalambricos-21&linkCode=osi&th=1&psc=1","Images":{"Primary":{"Small":{"Height":75,"URL":"https://m.media-amazon.com/images/I/41S7SnzkzpL._SL75_.jpg","Width":74}}},"ItemInfo":{"ByLineInfo":{"Brand":{"DisplayValue":"Fly London","Label":"Brand","Locale":"es_ES"},"Manufacturer":{"DisplayValue":"Fly London","Label":"Manufacturer","Locale":"es_ES"}},"Title":{"DisplayValue":"Fly London RAGI539FLY, Botines Mujer, Negro (Black 003), 39 EU","Label":"Title","Locale":"es_ES"}},"Offers":{"Summaries":[{"Condition":{"Value":"New"},"LowestPrice":{"Amount":60.91,"Currency":"EUR","DisplayAmount":"60,91 €"}},{"Condition":{"Value":"Used"},"LowestPrice":{"Amount":38.26,"Currency":"EUR","DisplayAmount":"38,26 €"}}]}}],"SearchURL":"https://www.amazon.es/s?k=botines+cuero&rh=n%3A2008256031%2Cp_n_availability%3A-1&tag=topinalambricos-21&linkCode=osi","TotalResultCount":1000}},"239":{"SearchResult":{"Items":[{"ASIN":"B07R48P52L","DetailPageURL":"https://www.amazon.es/dp/B07R48P52L?tag=topinalambricos-21&linkCode=osi&th=1&psc=1","Images":{"Primary":{"Small":{"Height":75,"URL":"https://m.media-amazon.com/images/I/31pGBlFOmuL._SL75_.jpg","Width":56}}},"ItemInfo":{"ByLineInfo":{"Brand":{"DisplayValue":"Jack & Jones","Label":"Brand","Locale":"es_ES"},"Manufacturer":{"DisplayValue":"JACK & JONES","Label":"Manufacturer","Locale":"es_ES"}},"Title":{"DisplayValue":"Jack & Jones JFWORCA Leather 19 STS, Chukka Boots Hombre, Marrón(Cognac Cognac), 43 EU","Label":"Title","Locale":"es_ES"}},"Offers":{"Summaries":[{"Condition":{"Value":"New"},"LowestPrice":{"Amount":57.14,"Currency":"EUR","DisplayAmount":"57,14 €"}}]}},{"ASIN":"B07CTKRNZM","DetailPageURL":"https://www.amazon.es/dp/B07CTKRNZM?tag=topinalambricos-21&linkCode=osi&th=1&psc=1","Images":{"Primary":{"Small":{"Height":75,"URL":"https://m.media-amazon.com/images/I/31WCGZW-Y8L._SL75_.jpg","Width":56}}},"ItemInfo":{"ByLineInfo":{"Brand":{"DisplayValue":"JACK & JONES","Label":"Brand","Locale":"es_ES"},"Manufacturer":{"DisplayValue":"JACK & JONES","Label":"Manufacturer","Locale":"es_ES"}},"Title":{"DisplayValue":"JACK & JONES JFWALBANY Leather STS, Chukka Boots Hombre, Gris(Anthracite Anthracite), 41 EU","Label":"Title","Locale":"es_ES"}},"Offers":{"Summaries":[{"Condition":{"Value":"New"},"LowestPrice":{"Amount":64.51,"Currency":"EUR","DisplayAmount":"64,51 €"}}]}},{"ASIN":"B0B4YHKQP5","DetailPageURL":"https://www.amazon.es/dp/B0B4YHKQP5?tag=topinalambricos-21&linkCode=osi&th=1&psc=1","Images":{"Primary":{"Small":{"Height":75,"URL":"https://m.media-amazon.com/images/I/41rjHJ3LMXL._SL75_.jpg","Width":75}}},"ItemInfo":{"ByLineInfo":{"Brand":{"DisplayValue":"F Fityle","Label":"Brand","Locale":"es_ES"},"Manufacturer":{"DisplayValue":"F Fityle","Label":"Manufacturer","Locale":"es_ES"}},"Title":{"DisplayValue":"F Fityle para Botas de Piel sintética Steampunk Spats Greaves Legguards Boot Tops Caballero Accesorios , Negro","Label":"Title","Locale":"es_ES"}},"Offers":{"Summaries":[{"Condition":{"Value":"New"},"LowestPrice":{"Amount":21.99,"Currency":"EUR","DisplayAmount":"21,99 €"}}]}},{"ASIN":"B09GFTZ9FC","DetailPageURL":"https://www.amazon.es/dp/B09GFTZ9FC?tag=topinalambricos-21&linkCode=osi&th=1&psc=1","Images":{"Primary":{"Small":{"Height":75,"URL":"https://m.media-amazon.com/images/I/41Ee555V9rL._SL75_.jpg","Width":75}}},"ItemInfo":{"ByLineInfo":{"Brand":{"DisplayValue":"PAYMA","Label":"Brand","Locale":"es_ES"}},"Title":{"DisplayValue":"PAYMA - Botas Rústicas Hombre de Piel tipo Chukka. Zapato Botín Safari Pisamierdas de Cuero Casual Trabajo, Campo y Jardinería. Cierre Cordones. Suela de Goma. Color: Bota Cuero, Talla: EU 40","Label":"Title","Locale":"es_ES"}},"Offers":{"Summaries":[{"Condition":{"Value":"New"},"LowestPrice":{"Amount":34.99,"Currency":"EUR","DisplayAmount":"34,99 €"}}]}},{"ASIN":"B074N5QCR3","DetailPageURL":"https://www.amazon.es/dp/B074N5QCR3?tag=topinalambricos-21&linkCode=osi&th=1&psc=1","Images":{"Primary":{"Small":{"Height":75,"URL":"https://m.media-amazon.com/images/I/41iM66j2a+L._SL75_.jpg","Width":57}}},"ItemInfo":{"ByLineInfo":{"Brand":{"DisplayValue":"Clarks","Label":"Brand","Locale":"es_ES"},"Contributors":[{"Locale":"es_ES","Name":"Clarks","Role":"Diseñador","RoleType":"designer"}],"Manufacturer":{"DisplayValue":"Clarks","Label":"Manufacturer","Locale":"es_ES"}},"Title":{"DisplayValue":"Clarks Batcombe Lord, Botas Estilo Motero Hombre, Marrón (Dark Brown), 42 EU","Label":"Title","Locale":"es_ES"}},"Offers":{"Summaries":[{"Condition":{"Value":"New"},"LowestPrice":{"Amount":98.68,"Currency":"EUR","DisplayAmount":"98,68 €"}}]}},{"ASIN":"B0845G14PL","DetailPageURL":"https://www.amazon.es/dp/B0845G14PL?tag=topinalambricos-21&linkCode=osi&th=1&psc=1","Images":{"Primary":{"Small":{"Height":50,"URL":"https://m.media-amazon.com/images/I/31v8aF-0cZL._SL75_.jpg","Width":75}}},"ItemInfo":{"ByLineInfo":{"Brand":{"DisplayValue":"Skechers","Label":"Brand","Locale":"es_ES"},"Manufacturer":{"DisplayValue":"Skechers","Label":"Manufacturer","Locale":"es_ES"}},"Title":{"DisplayValue":"Skechers Evenston Renli, Botas Chukka Hombre, Black, 42 EU","Label":"Title","Locale":"es_ES"}},"Offers":{"Summaries":[{"Condition":{"Value":"New"},"LowestPrice":{"Amount":71.91,"Currency":"EUR","DisplayAmount":"71,91 €"}}]}},{"ASIN":"B002XQ3CKY","DetailPageURL":"https://www.amazon.es/dp/B002XQ3CKY?tag=topinalambricos-21&linkCode=osi&th=1&psc=1","Images":{"Primary":{"Small":{"Height":75,"URL":"https://m.media-amazon.com/images/I/41fGYhzyXZL._SL75_.jpg","Width":75}}},"ItemInfo":{"ByLineInfo":{"Brand":{"DisplayValue":"New Rock","Label":"Brand","Locale":"es_ES"},"Manufacturer":{"DisplayValue":"New Rock","Label":"Manufacturer","Locale":"es_ES"}},"Title":{"DisplayValue":"New Rock 7605-S1 - Botas de Cuero para Hombre, Color Negro, Talla 43","Label":"Title","Locale":"es_ES"}},"Offers":{"Summaries":[{"Condition":{"Value":"New"},"LowestPrice":{"Amount":199.95,"Currency":"EUR","DisplayAmount":"199,95 €"}}]}},{"ASIN":"B0BWS5LLR1","DetailPageURL":"https://www.amazon.es/dp/B0BWS5LLR1?tag=topinalambricos-21&linkCode=osi&th=1&psc=1","Images":{"Primary":{"Small":{"Height":75,"URL":"https://m.media-amazon.com/images/I/51nfQGiYa1L._SL75_.jpg","Width":75}}},"ItemInfo":{"ByLineInfo":{"Brand":{"DisplayValue":"NORDYO","Label":"Brand","Locale":"es_ES"},"Manufacturer":{"DisplayValue":"NORDYO SHOP","Label":"Manufacturer","Locale":"es_ES"}},"Title":{"DisplayValue":"NORDYO Botas Altas de Velcro de Ante Hechas a Mano Italianas, Zapatos Beck for Hombre, Zapatillas Informales de Cuero Impermeables, Chukka Transpirable Antideslizante (Color : A.Khaki-Low, Size : 40","Label":"Title","Locale":"es_ES"}},"Offers":{"Summaries":[{"Condition":{"Value":"New"},"LowestPrice":{"Amount":30.0,"Currency":"EUR","DisplayAmount":"30,00 €"}}]}},{"ASIN":"B0BRYH56KQ","DetailPageURL":"https://www.amazon.es/dp/B0BRYH56KQ?tag=topinalambricos-21&linkCode=osi&th=1&psc=1","Images":{"Primary":{"Small":{"Height":75,"URL":"https://m.media-amazon.com/images/I/31wy3Q-z1GL._SL75_.jpg","Width":62}}},"ItemInfo":{"ByLineInfo":{"Brand":{"DisplayValue":"Joe Browns","Label":"Brand","Locale":"es_ES"},"Manufacturer":{"DisplayValue":"Joe Browns","Label":"Manufacturer","Locale":"es_ES"}},"Title":{"DisplayValue":"Joe Browns Botas Altas Casuales de Cuero y Gamuza con Cordones, Zapatillas Hombre, White, 42 EU","Label":"Title","Locale":"es_ES"}},"Offers":{"Summaries":[{"Condition":{"Value":"New"},"LowestPrice":{"Amount":32.94,"Currency":"EUR","DisplayAmount":"32,94 €"}}]}},{"ASIN":"B0B4GG2XVG","DetailPageURL":"https://www.amazon.es/dp/B0B4GG2XVG?tag=topinalambricos-21&linkCode=osi&th=1&psc=1","Images":{"Primary":{"Small":{"Height":59,"URL":"https://m.media-amazon.com/images/I/41Qw54E6lbL._SL75_.jpg","Width":75}}},"ItemInfo":{"ByLineInfo":{"Brand":{"DisplayValue":"Artminzo","Label":"Brand","Locale":"es_ES"},"Manufacturer":{"DisplayValue":"Artminzo","Label":"Manufacturer","Locale":"es_ES"}},"Title":{"DisplayValue":"Artminzo Zapatillas de deporte de cuero con velcro de gamuza para hombre, antideslizantes, transpirables, altas botas Chukka, beige, 39 EU","Label":"Title","Locale":"es_ES"}},"Offers":{"Summaries":[{"Condition":{"Value":"New"},"LowestPrice":{"Amount":25.5,"Currency":"EUR","DisplayAmount":"25,50 €"}}]}}],"SearchURL":"https://www.amazon.es/s?k=cuero&rh=n%3A2008195031%2Cp_n_availability%3A-1&tag=topinalambricos-21&linkCode=osi","TotalResultCount":576}},"241":{"SearchResult":{"Items":[{"ASIN":"B0BZ23293Q","DetailPageURL":"https://www.amazon.es/dp/B0BZ23293Q?tag=topinalambricos-21&linkCode=osi&th=1&psc=1","Images":{"Primary":{"Small":{"Height":75,"URL":"https://m.media-amazon.com/images/I/41a7SIK44uL._SL75_.jpg","Width":75}}},"ItemInfo":{"ByLineInfo":{"Brand":{"DisplayValue":"Cetti","Label":"Brand","Locale":"es_ES"},"Manufacturer":{"DisplayValue":"CETTI LUXSPORTIVESHOES, S.L.","Label":"Manufacturer","Locale":"es_ES"}},"Title":{"DisplayValue":"Cetti C-848 Deportivo Casual Used Tin Cuero Piel Hombre Talla: 43","Label":"Title","Locale":"es_ES"}},"Offers":{"Summaries":[{"Condition":{"Value":"New"},"LowestPrice":{"Amount":100.44,"Currency":"EUR","DisplayAmount":"100,44 €"}}]}},{"ASIN":"B0BQHKZ3TL","DetailPageURL":"https://www.amazon.es/dp/B0BQHKZ3TL?tag=topinalambricos-21&linkCode=osi&th=1&psc=1","Images":{"Primary":{"Small":{"Height":75,"URL":"https://m.media-amazon.com/images/I/31VMzu50zEL._SL75_.jpg","Width":75}}},"ItemInfo":{"ByLineInfo":{"Brand":{"DisplayValue":"Lacoste","Label":"Brand","Locale":"es_ES"},"Manufacturer":{"DisplayValue":"LACOSTE","Label":"Manufacturer","Locale":"es_ES"}},"Title":{"DisplayValue":"Lacoste - Calzado De Hombre, 42.5 EU","Label":"Title","Locale":"es_ES"}},"Offers":{"Summaries":[{"Condition":{"Value":"New"},"LowestPrice":{"Amount":111.6,"Currency":"EUR","DisplayAmount":"111,60 €"}}]}},{"ASIN":"B0BTV21P4H","DetailPageURL":"https://www.amazon.es/dp/B0BTV21P4H?tag=topinalambricos-21&linkCode=osi&th=1&psc=1","Images":{"Primary":{"Small":{"Height":75,"URL":"https://m.media-amazon.com/images/I/31mzmHN3krL._SL75_.jpg","Width":75}}},"ItemInfo":{"ByLineInfo":{"Brand":{"DisplayValue":"Cetti","Label":"Brand","Locale":"es_ES"},"Manufacturer":{"DisplayValue":"CETTI LUXSPORTIVESHOES, S.L.","Label":"Manufacturer","Locale":"es_ES"}},"Title":{"DisplayValue":"Cetti - Zapatillas Piel Blancas - Cuero para: Hombre Color: Nature Blanco Talla: 42","Label":"Title","Locale":"es_ES"}},"Offers":{"Summaries":[{"Condition":{"Value":"New"},"LowestPrice":{"Amount":93.0,"Currency":"EUR","DisplayAmount":"93,00 €"}}]}},{"ASIN":"B0B4T4BGDV","DetailPageURL":"https://www.amazon.es/dp/B0B4T4BGDV?tag=topinalambricos-21&linkCode=osi&th=1&psc=1","Images":{"Primary":{"Small":{"Height":75,"URL":"https://m.media-amazon.com/images/I/31xApRfc5lL._SL75_.jpg","Width":71}}},"ItemInfo":{"ByLineInfo":{"Brand":{"DisplayValue":"DC Shoes","Label":"Brand","Locale":"es_ES"},"Manufacturer":{"DisplayValue":"DC Shoes","Label":"Manufacturer","Locale":"es_ES"}},"Title":{"DisplayValue":"DC Shoes Crisis 2, Zapatillas Hombre, Azul Marino, 44 EU","Label":"Title","Locale":"es_ES"}},"Offers":{"Summaries":[{"Condition":{"Value":"New"},"LowestPrice":{"Amount":54.98,"Currency":"EUR","DisplayAmount":"54,98 €"}}]}},{"ASIN":"B09QG816B3","DetailPageURL":"https://www.amazon.es/dp/B09QG816B3?tag=topinalambricos-21&linkCode=osi&th=1&psc=1","Images":{"Primary":{"Small":{"Height":75,"URL":"https://m.media-amazon.com/images/I/31bqbnHMn4L._SL75_.jpg","Width":71}}},"ItemInfo":{"ByLineInfo":{"Brand":{"DisplayValue":"DC Shoes","Label":"Brand","Locale":"es_ES"},"Manufacturer":{"DisplayValue":"DC Shoes","Label":"Manufacturer","Locale":"es_ES"}},"Title":{"DisplayValue":"DC Shoes Kalis Vulc Mid-Zapatillas de Piel para Hombre, Grey Gum, 40.5 EU","Label":"Title","Locale":"es_ES"}},"Offers":{"Summaries":[{"Condition":{"Value":"New"},"LowestPrice":{"Amount":58.18,"Currency":"EUR","DisplayAmount":"58,18 €"}}]}},{"ASIN":"B0BWH88XWF","DetailPageURL":"https://www.amazon.es/dp/B0BWH88XWF?tag=topinalambricos-21&linkCode=osi&th=1&psc=1","Images":{"Primary":{"Small":{"Height":75,"URL":"https://m.media-amazon.com/images/I/31MxjLevxGL._SL75_.jpg","Width":75}}},"ItemInfo":{"ByLineInfo":{"Brand":{"DisplayValue":"Cetti","Label":"Brand","Locale":"es_ES"},"Manufacturer":{"DisplayValue":"CETTI LUXSPORTIVESHOES, S.L.","Label":"Manufacturer","Locale":"es_ES"}},"Title":{"DisplayValue":"Cetti - Zapatillas Blancas Casual - Cuero para: Hombre Color: Degrade Blanco Talla: 44","Label":"Title","Locale":"es_ES"}},"Offers":{"Summaries":[{"Condition":{"Value":"New"},"LowestPrice":{"Amount":89.0,"Currency":"EUR","DisplayAmount":"89,00 €"}}]}},{"ASIN":"B09LHZ6BPX","DetailPageURL":"https://www.amazon.es/dp/B09LHZ6BPX?tag=topinalambricos-21&linkCode=osi&th=1&psc=1","Images":{"Primary":{"Small":{"Height":43,"URL":"https://m.media-amazon.com/images/I/31F-AHulW7L._SL75_.jpg","Width":75}}},"ItemInfo":{"ByLineInfo":{"Brand":{"DisplayValue":"Jack & Jones","Label":"Brand","Locale":"es_ES"},"Manufacturer":{"DisplayValue":"Bestseller A/S","Label":"Manufacturer","Locale":"es_ES"}},"Title":{"DisplayValue":"Jack & Jones Jfwgalaxy Leather, Zapatillas Hombre, Blanco Brillante, 40 EU","Label":"Title","Locale":"es_ES"}},"Offers":{"Summaries":[{"Condition":{"Value":"New"},"LowestPrice":{"Amount":39.9,"Currency":"EUR","DisplayAmount":"39,90 €"}}]}},{"ASIN":"B082YFBJZQ","DetailPageURL":"https://www.amazon.es/dp/B082YFBJZQ?tag=topinalambricos-21&linkCode=osi&th=1&psc=1","Images":{"Primary":{"Small":{"Height":39,"URL":"https://m.media-amazon.com/images/I/31bvPrC4xZL._SL75_.jpg","Width":75}}},"ItemInfo":{"ByLineInfo":{"Brand":{"DisplayValue":"Levi's","Label":"Brand","Locale":"es_ES"},"Manufacturer":{"DisplayValue":"Levi's","Label":"Manufacturer","Locale":"es_ES"}},"Title":{"DisplayValue":"Levi's 231571-794-51_43, Zapatillas Hombre, Blanco, EU","Label":"Title","Locale":"es_ES"}},"Offers":{"Summaries":[{"Condition":{"Value":"New"},"LowestPrice":{"Amount":35.0,"Currency":"EUR","DisplayAmount":"35,00 €"}}]}},{"ASIN":"B084JP72K1","DetailPageURL":"https://www.amazon.es/dp/B084JP72K1?tag=topinalambricos-21&linkCode=osi&th=1&psc=1","Images":{"Primary":{"Small":{"Height":75,"URL":"https://m.media-amazon.com/images/I/31D5ijXMrCL._SL75_.jpg","Width":56}}},"ItemInfo":{"ByLineInfo":{"Brand":{"DisplayValue":"Fluchos","Label":"Brand","Locale":"es_ES"},"Manufacturer":{"DisplayValue":"Fluchos","Label":"Manufacturer","Locale":"es_ES"}},"Title":{"DisplayValue":"Fluchos - Zapato de Hombre - MAUI F0794 Tornado Lago - Zapato de Piel - Cierre con Elásticos - Color Azul - Talla 42","Label":"Title","Locale":"es_ES"}},"Offers":{"Summaries":[{"Condition":{"Value":"New"},"LowestPrice":{"Amount":92.55,"Currency":"EUR","DisplayAmount":"92,55 €"}}]}},{"ASIN":"B07DJ77WPW","DetailPageURL":"https://www.amazon.es/dp/B07DJ77WPW?tag=topinalambricos-21&linkCode=osi&th=1&psc=1","Images":{"Primary":{"Small":{"Height":39,"URL":"https://m.media-amazon.com/images/I/312U5BrxaJL._SL75_.jpg","Width":75}}},"ItemInfo":{"ByLineInfo":{"Brand":{"DisplayValue":"Geox","Label":"Brand","Locale":"es_ES"},"Manufacturer":{"DisplayValue":"Geox","Label":"Manufacturer","Locale":"es_ES"}},"Title":{"DisplayValue":"Geox U Deiven B, Sneakers para Hombre, Blanco (White), 41 EU","Label":"Title","Locale":"es_ES"}},"Offers":{"Summaries":[{"Condition":{"Value":"New"},"LowestPrice":{"Amount":85.88,"Currency":"EUR","DisplayAmount":"85,88 €"}}]}}],"SearchURL":"https://www.amazon.es/s?k=cuero+piel&rh=n%3A2008204031%2Cp_n_availability%3A-1&tag=topinalambricos-21&linkCode=osi","TotalResultCount":585}},"242":{"SearchResult":{"Items":[{"ASIN":"B01M4GU8Z8","DetailPageURL":"https://www.amazon.es/dp/B01M4GU8Z8?tag=topinalambricos-21&linkCode=osi&th=1&psc=1","Images":{"Primary":{"Small":{"Height":75,"URL":"https://m.media-amazon.com/images/I/21SkxFDIjlL._SL75_.jpg","Width":57}}},"ItemInfo":{"ByLineInfo":{"Brand":{"DisplayValue":"Geox","Label":"Brand","Locale":"es_ES"},"Manufacturer":{"DisplayValue":"Geox","Label":"Manufacturer","Locale":"es_ES"}},"Title":{"DisplayValue":"Geox D Jaysen A, Sneakers para Mujer, Negro (Black), 38 EU","Label":"Title","Locale":"es_ES"}},"Offers":{"Summaries":[{"Condition":{"Value":"New"},"LowestPrice":{"Amount":80.5,"Currency":"EUR","DisplayAmount":"80,50 €"}}]}},{"ASIN":"B0BB1B2QHF","DetailPageURL":"https://www.amazon.es/dp/B0BB1B2QHF?tag=topinalambricos-21&linkCode=osi&th=1&psc=1","Images":{"Primary":{"Small":{"Height":75,"URL":"https://m.media-amazon.com/images/I/31od-l2NiyL._SL75_.jpg","Width":75}}},"ItemInfo":{"ByLineInfo":{"Brand":{"DisplayValue":"Converse","Label":"Brand","Locale":"es_ES"},"Manufacturer":{"DisplayValue":"Converse","Label":"Manufacturer","Locale":"es_ES"}},"Title":{"DisplayValue":"Converse Chuck Taylor All Star Lugged 2.0 Cuero Fundación Cuero Entrenadores Mujeres Negro Hi Top Entrenadores Zapatos 41 EU","Label":"Title","Locale":"es_ES"}},"Offers":{"Summaries":[{"Condition":{"Value":"New"},"LowestPrice":{"Amount":67.0,"Currency":"EUR","DisplayAmount":"67,00 €"}}]}},{"ASIN":"B07XJ7C3G4","DetailPageURL":"https://www.amazon.es/dp/B07XJ7C3G4?tag=topinalambricos-21&linkCode=osi&th=1&psc=1","Images":{"Primary":{"Small":{"Height":56,"URL":"https://m.media-amazon.com/images/I/41nsBj-ZT2S._SL75_.jpg","Width":75}}},"ItemInfo":{"ByLineInfo":{"Brand":{"DisplayValue":"victoria","Label":"Brand","Locale":"es_ES"},"Manufacturer":{"DisplayValue":"Victoria","Label":"Manufacturer","Locale":"es_ES"}},"Title":{"DisplayValue":"victoria Plataforma Botin Tribu Doble Efecto Piel 1061107-WOMEN para Mujer Negro 37","Label":"Title","Locale":"es_ES"}},"Offers":{"Summaries":[{"Condition":{"Value":"New"},"LowestPrice":{"Amount":39.0,"Currency":"EUR","DisplayAmount":"39,00 €"}}]}},{"ASIN":"B0BMW6SGP9","DetailPageURL":"https://www.amazon.es/dp/B0BMW6SGP9?tag=topinalambricos-21&linkCode=osi&th=1&psc=1","Images":{"Primary":{"Small":{"Height":69,"URL":"https://m.media-amazon.com/images/I/41e9Yw4j8zL._SL75_.jpg","Width":75}}},"ItemInfo":{"ByLineInfo":{"Brand":{"DisplayValue":"Converse","Label":"Brand","Locale":"es_ES"}},"Title":{"DisplayValue":"Converse Chuck Taylor All Star Lift Platform Rainbow Fur, Piel blanca, 37.5 EU","Label":"Title","Locale":"es_ES"}},"Offers":{"Summaries":[{"Condition":{"Value":"New"},"LowestPrice":{"Amount":109.99,"Currency":"EUR","DisplayAmount":"109,99 €"}}]}},{"ASIN":"B0BY3HZZDB","DetailPageURL":"https://www.amazon.es/dp/B0BY3HZZDB?tag=topinalambricos-21&linkCode=osi&th=1&psc=1","Images":{"Primary":{"Small":{"Height":75,"URL":"https://m.media-amazon.com/images/I/41El-K92ioL._SL75_.jpg","Width":75}}},"ItemInfo":{"ByLineInfo":{"Brand":{"DisplayValue":"PITILLOS","Label":"Brand","Locale":"es_ES"}},"Title":{"DisplayValue":"PITILLOS 5132 Deportivo DE Piel Combinado Mujer BEIG 38","Label":"Title","Locale":"es_ES"}},"Offers":{"Summaries":[{"Condition":{"Value":"New"},"LowestPrice":{"Amount":89.9,"Currency":"EUR","DisplayAmount":"89,90 €"}}]}},{"ASIN":"B07XPF9H9C","DetailPageURL":"https://www.amazon.es/dp/B07XPF9H9C?tag=topinalambricos-21&linkCode=osi&th=1&psc=1","Images":{"Primary":{"Small":{"Height":42,"URL":"https://m.media-amazon.com/images/I/31khq18qDFL._SL75_.jpg","Width":75}}},"ItemInfo":{"ByLineInfo":{"Brand":{"DisplayValue":"ONLY","Label":"Brand","Locale":"es_ES"},"Manufacturer":{"DisplayValue":"Bestseller A/S","Label":"Manufacturer","Locale":"es_ES"}},"Title":{"DisplayValue":"ONLY ONLSHILO PU Sneaker Noos, Zapatillas Mujer, Blanco, 37 EU","Label":"Title","Locale":"es_ES"}},"Offers":{"Summaries":[{"Condition":{"Value":"New"},"LowestPrice":{"Amount":28.29,"Currency":"EUR","DisplayAmount":"28,29 €"}}]}},{"ASIN":"B01MTM38U5","DetailPageURL":"https://www.amazon.es/dp/B01MTM38U5?tag=topinalambricos-21&linkCode=osi&th=1&psc=1","Images":{"Primary":{"Small":{"Height":49,"URL":"https://m.media-amazon.com/images/I/41ixi+69TZL._SL75_.jpg","Width":75}}},"ItemInfo":{"ByLineInfo":{"Brand":{"DisplayValue":"Skechers","Label":"Brand","Locale":"es_ES"},"Manufacturer":{"DisplayValue":"Skechers","Label":"Manufacturer","Locale":"es_ES"}},"Title":{"DisplayValue":"Skechers Synergy 2, Zapatillas Mujer, Blanco White Leather Silver Trim L, 40 EU","Label":"Title","Locale":"es_ES"}},"Offers":{"Summaries":[{"Condition":{"Value":"New"},"LowestPrice":{"Amount":55.0,"Currency":"EUR","DisplayAmount":"55,00 €"}}]}},{"ASIN":"B0978NW6G2","DetailPageURL":"https://www.amazon.es/dp/B0978NW6G2?tag=topinalambricos-21&linkCode=osi&th=1&psc=1","Images":{"Primary":{"Small":{"Height":56,"URL":"https://m.media-amazon.com/images/I/31XmrN1x-NL._SL75_.jpg","Width":75}}},"ItemInfo":{"ByLineInfo":{"Brand":{"DisplayValue":"victoria","Label":"Brand","Locale":"es_ES"},"Manufacturer":{"DisplayValue":"Victoria","Label":"Manufacturer","Locale":"es_ES"}},"Title":{"DisplayValue":"victoria Plano Basket Madrid Piel Monocromo 1258200-WOMEN para Mujer Blanco 40","Label":"Title","Locale":"es_ES"}},"Offers":{"Summaries":[{"Condition":{"Value":"New"},"LowestPrice":{"Amount":57.0,"Currency":"EUR","DisplayAmount":"57,00 €"}}]}},{"ASIN":"B07N4JM6XX","DetailPageURL":"https://www.amazon.es/dp/B07N4JM6XX?tag=topinalambricos-21&linkCode=osi&th=1&psc=1","Images":{"Primary":{"Small":{"Height":43,"URL":"https://m.media-amazon.com/images/I/31MMNpNrz1L._SL75_.jpg","Width":75}}},"ItemInfo":{"ByLineInfo":{"Brand":{"DisplayValue":"Levi's","Label":"Brand","Locale":"es_ES"},"Manufacturer":{"DisplayValue":"Levi's","Label":"Manufacturer","Locale":"es_ES"}},"Title":{"DisplayValue":"Levi's Woods W, Zapatillas de Deporte Mujer, Blanco White 50, 39 EU","Label":"Title","Locale":"es_ES"}},"Offers":{"Summaries":[{"Condition":{"Value":"New"},"LowestPrice":{"Amount":41.95,"Currency":"EUR","DisplayAmount":"41,95 €"}}]}},{"ASIN":"B0965RB8ZD","DetailPageURL":"https://www.amazon.es/dp/B0965RB8ZD?tag=topinalambricos-21&linkCode=osi&th=1&psc=1","Images":{"Primary":{"Small":{"Height":75,"URL":"https://m.media-amazon.com/images/I/21DMAkS-yBS._SL75_.jpg","Width":75}}},"ItemInfo":{"ByLineInfo":{"Brand":{"DisplayValue":"MODELISA","Label":"Brand","Locale":"es_ES"}},"Title":{"DisplayValue":"MODELISA - Zapatilla De Polipiel con Cordón Casual para Mujer (Blanco/Negro, Numeric_36)","Label":"Title","Locale":"es_ES"}},"Offers":{"Summaries":[{"Condition":{"Value":"New"},"LowestPrice":{"Amount":17.99,"Currency":"EUR","DisplayAmount":"17,99 €"}}]}}],"SearchURL":"https://www.amazon.es/s?k=cuero+piel&rh=n%3A2008267031%2Cp_n_availability%3A-1&tag=topinalambricos-21&linkCode=osi","TotalResultCount":548}},"243":{"SearchResult":{"Items":[{"ASIN":"B0BZYB828B","DetailPageURL":"https://www.amazon.es/dp/B0BZYB828B?tag=topinalambricos-21&linkCode=osi&th=1&psc=1","Images":{"Primary":{"Small":{"Height":75,"URL":"https://m.media-amazon.com/images/I/31bdbJQb6dL._SL75_.jpg","Width":64}}},"ItemInfo":{"ByLineInfo":{"Brand":{"DisplayValue":"BOSANOVA","Label":"Brand","Locale":"es_ES"},"Manufacturer":{"DisplayValue":"BOSANOVA","Label":"Manufacturer","Locale":"es_ES"}},"Title":{"DisplayValue":"BOSANOVA Alpargatas confeccionadas en Piel Vegana con Detalle de Escote corazón, Puntera en Rafia y cuña de Rafia de 9 cm. Cierre con Cordones Lace- up. Calzado para Mujer Blanco 36","Label":"Title","Locale":"es_ES"}},"Offers":{"Summaries":[{"Condition":{"Value":"New"},"LowestPrice":{"Amount":45.99,"Currency":"EUR","DisplayAmount":"45,99 €"}}]}},{"ASIN":"B0B5VWGN3P","DetailPageURL":"https://www.amazon.es/dp/B0B5VWGN3P?tag=topinalambricos-21&linkCode=osi&th=1&psc=1","Images":{"Primary":{"Small":{"Height":75,"URL":"https://m.media-amazon.com/images/I/41zkhcknkwL._SL75_.jpg","Width":75}}},"ItemInfo":{"ByLineInfo":{"Brand":{"DisplayValue":"UGG","Label":"Brand","Locale":"es_ES"},"Manufacturer":{"DisplayValue":"UGG","Label":"Manufacturer","Locale":"es_ES"}},"Title":{"DisplayValue":"Ugg","Label":"Title","Locale":"es_ES"}},"Offers":{"Summaries":[{"Condition":{"Value":"New"},"LowestPrice":{"Amount":116.0,"Currency":"EUR","DisplayAmount":"116,00 €"}}]}},{"ASIN":"B09WTGKB8G","DetailPageURL":"https://www.amazon.es/dp/B09WTGKB8G?tag=topinalambricos-21&linkCode=osi&th=1&psc=1","Images":{"Primary":{"Small":{"Height":75,"URL":"https://m.media-amazon.com/images/I/31PsGiWRGcL._SL75_.jpg","Width":63}}},"ItemInfo":{"ByLineInfo":{"Brand":{"DisplayValue":"TONI PONS","Label":"Brand","Locale":"es_ES"}},"Title":{"DisplayValue":"TONI PONS 122847 NEGRE 39","Label":"Title","Locale":"es_ES"}},"Offers":{"Summaries":[{"Condition":{"Value":"New"},"LowestPrice":{"Amount":57.0,"Currency":"EUR","DisplayAmount":"57,00 €"}}]}},{"ASIN":"B0BXDHNW25","DetailPageURL":"https://www.amazon.es/dp/B0BXDHNW25?tag=topinalambricos-21&linkCode=osi&th=1&psc=1","Images":{"Primary":{"Small":{"Height":75,"URL":"https://m.media-amazon.com/images/I/41C87xUKXmL._SL75_.jpg","Width":75}}},"ItemInfo":{"ByLineInfo":{"Brand":{"DisplayValue":"miMaO","Label":"Brand","Locale":"es_ES"},"Manufacturer":{"DisplayValue":"miMaO","Label":"Manufacturer","Locale":"es_ES"}},"Title":{"DisplayValue":"miMaO NERJA – Cuñas altas de esparto MARINO, EU 38","Label":"Title","Locale":"es_ES"}},"Offers":{"Summaries":[{"Condition":{"Value":"New"},"LowestPrice":{"Amount":65.0,"Currency":"EUR","DisplayAmount":"65,00 €"}}]}},{"ASIN":"B09H5XV33L","DetailPageURL":"https://www.amazon.es/dp/B09H5XV33L?tag=topinalambricos-21&linkCode=osi&th=1&psc=1","Images":{"Primary":{"Small":{"Height":49,"URL":"https://m.media-amazon.com/images/I/41v+ycZP4eS._SL75_.jpg","Width":75}}},"ItemInfo":{"ByLineInfo":{"Brand":{"DisplayValue":"Calzados Romero","Label":"Brand","Locale":"es_ES"},"Manufacturer":{"DisplayValue":"CALZADOS ROMERO","Label":"Manufacturer","Locale":"es_ES"}},"Title":{"DisplayValue":"Alpargatas Valencianas para Mujer - Cuña de Esparto Cáñamo y Yute. Ajuste con Hebilla al Tobillo. Fabricadas en España. Marca Sevillas Plata Talla 39","Label":"Title","Locale":"es_ES"}},"Offers":{"Summaries":[{"Condition":{"Value":"New"},"LowestPrice":{"Amount":43.0,"Currency":"EUR","DisplayAmount":"43,00 €"}}]}},{"ASIN":"B0BY8XHJ1P","DetailPageURL":"https://www.amazon.es/dp/B0BY8XHJ1P?tag=topinalambricos-21&linkCode=osi&th=1&psc=1","Images":{"Primary":{"Small":{"Height":75,"URL":"https://m.media-amazon.com/images/I/314sd8YtvKL._SL75_.jpg","Width":75}}},"ItemInfo":{"ByLineInfo":{"Brand":{"DisplayValue":"miMaO","Label":"Brand","Locale":"es_ES"},"Manufacturer":{"DisplayValue":"miMaO","Label":"Manufacturer","Locale":"es_ES"}},"Title":{"DisplayValue":"miMaO SITGES – Cuñas de Esparto con Pala Doble Beige, EU 42","Label":"Title","Locale":"es_ES"}},"Offers":{"Summaries":[{"Condition":{"Value":"New"},"LowestPrice":{"Amount":65.0,"Currency":"EUR","DisplayAmount":"65,00 €"}}]}},{"ASIN":"B0BY99DZT8","DetailPageURL":"https://www.amazon.es/dp/B0BY99DZT8?tag=topinalambricos-21&linkCode=osi&th=1&psc=1","Images":{"Primary":{"Small":{"Height":75,"URL":"https://m.media-amazon.com/images/I/41pHQJvZxwL._SL75_.jpg","Width":75}}},"ItemInfo":{"ByLineInfo":{"Brand":{"DisplayValue":"miMaO","Label":"Brand","Locale":"es_ES"},"Manufacturer":{"DisplayValue":"miMaO","Label":"Manufacturer","Locale":"es_ES"}},"Title":{"DisplayValue":"Valenciana – Cuñas de Esparto de napa Maquillaje, EU 37","Label":"Title","Locale":"es_ES"}},"Offers":{"Summaries":[{"Condition":{"Value":"New"},"LowestPrice":{"Amount":65.0,"Currency":"EUR","DisplayAmount":"65,00 €"}}]}},{"ASIN":"B0C3942SQ5","DetailPageURL":"https://www.amazon.es/dp/B0C3942SQ5?tag=topinalambricos-21&linkCode=osi&th=1&psc=1","Images":{"Primary":{"Small":{"Height":75,"URL":"https://m.media-amazon.com/images/I/31RFIgxvlEL._SL75_.jpg","Width":75}}},"ItemInfo":{"ByLineInfo":{"Brand":{"DisplayValue":"Vidorreta","Label":"Brand","Locale":"es_ES"},"Manufacturer":{"DisplayValue":"VIDORRETA, S.L.U.","Label":"Manufacturer","Locale":"es_ES"}},"Title":{"DisplayValue":"Vidorreta - Alpargatas Piel Planas Metalizadas - Cuero para: Mujer Color: Cuerda 81 NAPA Metal Cuerda Dali Natural Talla: 36","Label":"Title","Locale":"es_ES"}},"Offers":{"Summaries":[{"Condition":{"Value":"New"},"LowestPrice":{"Amount":59.95,"Currency":"EUR","DisplayAmount":"59,95 €"}}]}},{"ASIN":"B0BXT4TNZ9","DetailPageURL":"https://www.amazon.es/dp/B0BXT4TNZ9?tag=topinalambricos-21&linkCode=osi&th=1&psc=1","Images":{"Primary":{"Small":{"Height":49,"URL":"https://m.media-amazon.com/images/I/41PKqkcwmbL._SL75_.jpg","Width":75}}},"ItemInfo":{"ByLineInfo":{"Brand":{"DisplayValue":"Gaimo","Label":"Brand","Locale":"es_ES"}},"Title":{"DisplayValue":"Gaimo - Yoise Odín Carrara - Sandalia de piel, con cuña tipo esparto, hebilla, suela de goma, para: Mujer color: ODIN CARRARA talla:39","Label":"Title","Locale":"es_ES"}},"Offers":{"Summaries":[{"Condition":{"Value":"New"},"LowestPrice":{"Amount":65.0,"Currency":"EUR","DisplayAmount":"65,00 €"}}]}},{"ASIN":"B09TVLYV54","DetailPageURL":"https://www.amazon.es/dp/B09TVLYV54?tag=topinalambricos-21&linkCode=osi&th=1&psc=1","Images":{"Primary":{"Small":{"Height":75,"URL":"https://m.media-amazon.com/images/I/315MOl+g5LL._SL75_.jpg","Width":64}}},"ItemInfo":{"ByLineInfo":{"Brand":{"DisplayValue":"BOSANOVA","Label":"Brand","Locale":"es_ES"},"Manufacturer":{"DisplayValue":"BOSANOVA","Label":"Manufacturer","Locale":"es_ES"}},"Title":{"DisplayValue":"BOSANOVA Alpargatas con cuña de Esparto y Detalle de Puntera en Canvas. Cierre de Pulsera al Tobillo con Hebilla. Calzado para Mujer Negro 37","Label":"Title","Locale":"es_ES"}},"Offers":{"Summaries":[{"Condition":{"Value":"New"},"LowestPrice":{"Amount":45.99,"Currency":"EUR","DisplayAmount":"45,99 €"}}]}}],"SearchURL":"https://www.amazon.es/s?k=piel&rh=n%3A2008259031%2Cp_n_availability%3A-1&tag=topinalambricos-21&linkCode=osi","TotalResultCount":1000}},"246":{"SearchResult":{"Items":[{"ASIN":"B0B6PTGJMG","DetailPageURL":"https://www.amazon.es/dp/B0B6PTGJMG?tag=topinalambricos-21&linkCode=osi&th=1&psc=1","Images":{"Primary":{"Small":{"Height":64,"URL":"https://m.media-amazon.com/images/I/41h1Ryk5enL._SL75_.jpg","Width":75}}},"ItemInfo":{"ByLineInfo":{"Brand":{"DisplayValue":"IPEA","Label":"Brand","Locale":"es_ES"},"Manufacturer":{"DisplayValue":"IPEA","Label":"Manufacturer","Locale":"es_ES"}},"Title":{"DisplayValue":"IPEA Cordón de Cuero Genuino Cuadrado para Accesorios, Zapatos, Moda - Cuero Premium Made in Italy - 3 Metros de Longitud - Cordónes de Piel Recortado de 3 mm para Creaciones - Color Marrón Oscuro","Label":"Title","Locale":"es_ES"}},"Offers":{"Summaries":[{"Condition":{"Value":"New"},"LowestPrice":{"Amount":8.99,"Currency":"EUR","DisplayAmount":"8,99 € (3,00 € / metro)","PricePerUnit":3.0}}]}},{"ASIN":"B086WVLV4R","DetailPageURL":"https://www.amazon.es/dp/B086WVLV4R?tag=topinalambricos-21&linkCode=osi&th=1&psc=1","Images":{"Primary":{"Small":{"Height":75,"URL":"https://m.media-amazon.com/images/I/41mW7KypWtL._SL75_.jpg","Width":56}}},"ItemInfo":{"ByLineInfo":{"Brand":{"DisplayValue":"POFET","Label":"Brand","Locale":"es_ES"},"Manufacturer":{"DisplayValue":"POFET","Label":"Manufacturer","Locale":"es_ES"}},"Title":{"DisplayValue":"POFET Tiras de correas de cuero de bricolaje de 5 metros para manualidades de cuero de 2 cm de ancho de cordón de cuero plano y cordones - negro","Label":"Title","Locale":"es_ES"}},"Offers":{"Summaries":[{"Condition":{"Value":"New"},"LowestPrice":{"Amount":20.99,"Currency":"EUR","DisplayAmount":"20,99 €"}}]}},{"ASIN":"B078R5V6CC","DetailPageURL":"https://www.amazon.es/dp/B078R5V6CC?tag=topinalambricos-21&linkCode=osi&th=1&psc=1","Images":{"Primary":{"Small":{"Height":75,"URL":"https://m.media-amazon.com/images/I/51LbbkgGVvL._SL75_.jpg","Width":75}}},"ItemInfo":{"ByLineInfo":{"Brand":{"DisplayValue":"perfk","Label":"Brand","Locale":"es_ES"},"Manufacturer":{"DisplayValue":"perfk","Label":"Manufacturer","Locale":"es_ES"}},"Title":{"DisplayValue":"perfk 10 Metros Tiras de Correa de Cuero de Artesanía de Bricolaje para Accesorios de Fabricación de Bolsa - Marrón Claro","Label":"Title","Locale":"es_ES"}},"Offers":{"Summaries":[{"Condition":{"Value":"New"},"LowestPrice":{"Amount":9.69,"Currency":"EUR","DisplayAmount":"9,69 €"}}]}},{"ASIN":"B084VR7C8R","DetailPageURL":"https://www.amazon.es/dp/B084VR7C8R?tag=topinalambricos-21&linkCode=osi&th=1&psc=1","Images":{"Primary":{"Small":{"Height":49,"URL":"https://m.media-amazon.com/images/I/31PGwFtDcQL._SL75_.jpg","Width":75}}},"ItemInfo":{"ByLineInfo":{"Brand":{"DisplayValue":"esnado","Label":"Brand","Locale":"es_ES"},"Manufacturer":{"DisplayValue":"esnado","Label":"Manufacturer","Locale":"es_ES"}},"Title":{"DisplayValue":"esnado Correa de piel plana de 1 metro de ancho/color: a elegir (ancho: 20 mm, marrón natural), piel auténtica, curtida vegetal, joyería, pulseras, manualidades, decoración, bricolaje, edad medieval","Label":"Title","Locale":"es_ES"}},"Offers":{"Summaries":[{"Condition":{"Value":"New"},"LowestPrice":{"Amount":8.95,"Currency":"EUR","DisplayAmount":"8,95 €"}}]}},{"ASIN":"B07WD8ZF18","DetailPageURL":"https://www.amazon.es/dp/B07WD8ZF18?tag=topinalambricos-21&linkCode=osi&th=1&psc=1","Images":{"Primary":{"Small":{"Height":75,"URL":"https://m.media-amazon.com/images/I/41Gg5tbkCkL._SL75_.jpg","Width":75}}},"ItemInfo":{"ByLineInfo":{"Brand":{"DisplayValue":"DonDon","Label":"Brand","Locale":"es_ES"},"Manufacturer":{"DisplayValue":"Tradict GmbH","Label":"Manufacturer","Locale":"es_ES"}},"Title":{"DisplayValue":"DonDon Cinta de cuero marrón - DIY Rollo de 25 metro 3 mm de ancho","Label":"Title","Locale":"es_ES"}},"Offers":{"Summaries":[{"Condition":{"Value":"New"},"LowestPrice":{"Amount":15.09,"Currency":"EUR","DisplayAmount":"15,09 €"}}]}},{"ASIN":"B07PV4SRLG","DetailPageURL":"https://www.amazon.es/dp/B07PV4SRLG?tag=topinalambricos-21&linkCode=osi&th=1&psc=1","Images":{"Primary":{"Small":{"Height":56,"URL":"https://m.media-amazon.com/images/I/413AJw+-TyL._SL75_.jpg","Width":75}}},"ItemInfo":{"ByLineInfo":{"Brand":{"DisplayValue":"esnado","Label":"Brand","Locale":"es_ES"},"Manufacturer":{"DisplayValue":"esnado","Label":"Manufacturer","Locale":"es_ES"}},"Title":{"DisplayValue":"esnado Correa de piel plana 10 mm x 2 mm, color naranja - 5 metros","Label":"Title","Locale":"es_ES"}},"Offers":{"Summaries":[{"Condition":{"Value":"New"},"LowestPrice":{"Amount":11.95,"Currency":"EUR","DisplayAmount":"11,95 € (2,39 € / metro)","PricePerUnit":2.39}}]}},{"ASIN":"B06XSXXQX8","DetailPageURL":"https://www.amazon.es/dp/B06XSXXQX8?tag=topinalambricos-21&linkCode=osi&th=1&psc=1","Images":{"Primary":{"Small":{"Height":75,"URL":"https://m.media-amazon.com/images/I/51Ppy+cj+0L._SL75_.jpg","Width":75}}},"ItemInfo":{"ByLineInfo":{"Brand":{"DisplayValue":"MagiDeal","Label":"Brand","Locale":"es_ES"},"Manufacturer":{"DisplayValue":"MagiDeal","Label":"Manufacturer","Locale":"es_ES"}},"Title":{"DisplayValue":"MagiDeal 10 Metros de Correa de Cuero Poliuretano Accesorios Artesanía Manualidad Hogar Costura Decoración Bricolaje Arte Resistente Duradero Robusto - Marrón Oscuro","Label":"Title","Locale":"es_ES"}},"Offers":{"Summaries":[{"Condition":{"Value":"New"},"LowestPrice":{"Amount":13.99,"Currency":"EUR","DisplayAmount":"13,99 €"}}]}},{"ASIN":"B07JYCWZ94","DetailPageURL":"https://www.amazon.es/dp/B07JYCWZ94?tag=topinalambricos-21&linkCode=osi&th=1&psc=1","Images":{"Primary":{"Small":{"Height":55,"URL":"https://m.media-amazon.com/images/I/416M13KubAL._SL75_.jpg","Width":75}}},"ItemInfo":{"ByLineInfo":{"Brand":{"DisplayValue":"Schnoschi","Label":"Brand","Locale":"es_ES"},"Manufacturer":{"DisplayValue":"Schnoschi","Label":"Manufacturer","Locale":"es_ES"}},"Title":{"DisplayValue":"Schnoschi - Correa de polipropileno, 50 metros de largo, varias anchuras y colores, 10 mm, 15 mm, 20 mm, 25 mm, 30 mm, 40 mm, 50 mm (negro, 20 mm)","Label":"Title","Locale":"es_ES"}},"Offers":{"Summaries":[{"Condition":{"Value":"New"},"LowestPrice":{"Amount":27.49,"Currency":"EUR","DisplayAmount":"27,49 €"}}]}},{"ASIN":"B016A2QYB0","DetailPageURL":"https://www.amazon.es/dp/B016A2QYB0?tag=topinalambricos-21&linkCode=osi&th=1&psc=1","Images":{"Primary":{"Small":{"Height":56,"URL":"https://m.media-amazon.com/images/I/5123FHf32dL._SL75_.jpg","Width":75}}},"ItemInfo":{"ByLineInfo":{"Brand":{"DisplayValue":"esnado","Label":"Brand","Locale":"es_ES"},"Manufacturer":{"DisplayValue":"esnado","Label":"Manufacturer","Locale":"es_ES"}},"Title":{"DisplayValue":"Cuerda de piel redonda 3 mm. Marrón antiguo. Longitud seleccionable. 30 metros Marrón envejecido","Label":"Title","Locale":"es_ES"}},"Offers":{"Summaries":[{"Condition":{"Value":"New"},"LowestPrice":{"Amount":21.95,"Currency":"EUR","DisplayAmount":"21,95 €"}}]}},{"ASIN":"B086DF4SYQ","DetailPageURL":"https://www.amazon.es/dp/B086DF4SYQ?tag=topinalambricos-21&linkCode=osi&th=1&psc=1","Images":{"Primary":{"Small":{"Height":56,"URL":"https://m.media-amazon.com/images/I/51DreRzZEIL._SL75_.jpg","Width":75}}},"ItemInfo":{"ByLineInfo":{"Brand":{"DisplayValue":"esnado","Label":"Brand","Locale":"es_ES"},"Manufacturer":{"DisplayValue":"esnado","Label":"Manufacturer","Locale":"es_ES"}},"Title":{"DisplayValue":"esnado Cuerda de piel redonda de 2 mm, oro – 50 metros en rollo","Label":"Title","Locale":"es_ES"}},"Offers":{"Summaries":[{"Condition":{"Value":"New"},"LowestPrice":{"Amount":21.95,"Currency":"EUR","DisplayAmount":"21,95 €"}}]}}],"SearchURL":"https://www.amazon.es/s?k=metros&rh=n%3A4358251031%2Cp_n_availability%3A-1&tag=topinalambricos-21&linkCode=osi","TotalResultCount":1000}},"247":{"SearchResult":{"Items":[{"ASIN":"B07NZW6N8W","DetailPageURL":"https://www.amazon.es/dp/B07NZW6N8W?tag=topinalambricos-21&linkCode=osi&th=1&psc=1","Images":{"Primary":{"Small":{"Height":49,"URL":"https://m.media-amazon.com/images/I/31Wgf1OLLzL._SL75_.jpg","Width":75}}},"ItemInfo":{"ByLineInfo":{"Brand":{"DisplayValue":"CLUB4BRANDS","Label":"Brand","Locale":"es_ES"},"Manufacturer":{"DisplayValue":"CLUB4BRANDS","Label":"Manufacturer","Locale":"es_ES"}},"Title":{"DisplayValue":"Recortes de cuero - restos de cuero de colores, restos de cuero, tamaños grandes, ideal para bolsos, zapatos, reparaciones, decoraciones, manualidades, 1 kg, tamaño A5","Label":"Title","Locale":"es_ES"}},"Offers":{"Summaries":[{"Condition":{"Value":"New"},"LowestPrice":{"Amount":22.99,"Currency":"EUR","DisplayAmount":"22,99 €"}}]}},{"ASIN":"B07X3K8ZPX","DetailPageURL":"https://www.amazon.es/dp/B07X3K8ZPX?tag=topinalambricos-21&linkCode=osi&th=1&psc=1","Images":{"Primary":{"Small":{"Height":63,"URL":"https://m.media-amazon.com/images/I/21VBzv9tyZL._SL75_.jpg","Width":75}}},"ItemInfo":{"ByLineInfo":{"Brand":{"DisplayValue":"Zerimar","Label":"Brand","Locale":"es_ES"},"Manufacturer":{"DisplayValue":"Zerimar","Label":"Manufacturer","Locale":"es_ES"}},"Title":{"DisplayValue":"Zerimar Piel Cuero | Pieles Cuero Natural | Retales de Piel para Manualidades | Piel para Artesanos | Retal Cuero | Retales de Cuero | Color: camel | Medidas: 105x70 cm.9.1 Pies","Label":"Title","Locale":"es_ES"}},"Offers":{"Summaries":[{"Condition":{"Value":"New"},"LowestPrice":{"Amount":24.99,"Currency":"EUR","DisplayAmount":"24,99 €"}}]}},{"ASIN":"B0B524LGT9","DetailPageURL":"https://www.amazon.es/dp/B0B524LGT9?tag=topinalambricos-21&linkCode=osi&th=1&psc=1","Images":{"Primary":{"Small":{"Height":75,"URL":"https://m.media-amazon.com/images/I/415QZiUBTGL._SL75_.jpg","Width":49}}},"ItemInfo":{"ByLineInfo":{"Brand":{"DisplayValue":"LA GARZARARA","Label":"Brand","Locale":"es_ES"},"Manufacturer":{"DisplayValue":"LA GARZARARA SRL","Label":"Manufacturer","Locale":"es_ES"}},"Title":{"DisplayValue":"LA GARZARARA Lote de 2 kg de Recortes de Piel auténtica en tamaños aleatorios Mixtos, retales Varias Formas, Medida mínima del Corte es de 25 x 20 cm, Grosor 0,5/1,1 mm, Ante, Color Liso","Label":"Title","Locale":"es_ES"}},"Offers":{"Summaries":[{"Condition":{"Value":"New"},"LowestPrice":{"Amount":33.69,"Currency":"EUR","DisplayAmount":"33,69 €"}}]}},{"ASIN":"B07WPVHQWQ","DetailPageURL":"https://www.amazon.es/dp/B07WPVHQWQ?tag=topinalambricos-21&linkCode=osi&th=1&psc=1","Images":{"Primary":{"Small":{"Height":75,"URL":"https://m.media-amazon.com/images/I/21Z5iTLS6qL._SL75_.jpg","Width":56}}},"ItemInfo":{"ByLineInfo":{"Brand":{"DisplayValue":"Zerimar","Label":"Brand","Locale":"es_ES"},"Manufacturer":{"DisplayValue":"Zerimar","Label":"Manufacturer","Locale":"es_ES"}},"Title":{"DisplayValue":"Zerimar Piel Cuero | Pieles Cuero Natural | Retales de Piel para Manualidades | Piel para Artesanos | Retal Cuero | Retales de Cuero | Color: Marron | Medidas: 80x75 cm (Cuero-1)","Label":"Title","Locale":"es_ES"}},"Offers":{"Summaries":[{"Condition":{"Value":"New"},"LowestPrice":{"Amount":24.99,"Currency":"EUR","DisplayAmount":"24,99 €"}}]}},{"ASIN":"B07SBD5C3S","DetailPageURL":"https://www.amazon.es/dp/B07SBD5C3S?tag=topinalambricos-21&linkCode=osi&th=1&psc=1","Images":{"Primary":{"Small":{"Height":63,"URL":"https://m.media-amazon.com/images/I/31YL4N+bgeL._SL75_.jpg","Width":75}}},"ItemInfo":{"ByLineInfo":{"Brand":{"DisplayValue":"Zerimar","Label":"Brand","Locale":"es_ES"},"Manufacturer":{"DisplayValue":"Zerimar","Label":"Manufacturer","Locale":"es_ES"}},"Title":{"DisplayValue":"Zerimar Piel Cuero | Pieles de Cuero Natural | Retales de Piel para Manualidades | Medidas:105x65cm","Label":"Title","Locale":"es_ES"}},"Offers":{"Summaries":[{"Condition":{"Value":"New"},"LowestPrice":{"Amount":24.99,"Currency":"EUR","DisplayAmount":"24,99 €"}}]}},{"ASIN":"B0B29GCNJS","DetailPageURL":"https://www.amazon.es/dp/B0B29GCNJS?tag=topinalambricos-21&linkCode=osi&th=1&psc=1","Images":{"Primary":{"Small":{"Height":75,"URL":"https://m.media-amazon.com/images/I/41YmjA0iDqL._SL75_.jpg","Width":49}}},"ItemInfo":{"ByLineInfo":{"Brand":{"DisplayValue":"LA GARZARARA","Label":"Brand","Locale":"es_ES"},"Manufacturer":{"DisplayValue":"LA GARZARARA","Label":"Manufacturer","Locale":"es_ES"}},"Title":{"DisplayValue":"LA GARZARARA Lote de 1 kg y 2 kg de Recortes de Piel auténtica aleatorios y Colores Mixtos, retales laminados Lisos, tamaño mínimo del Corte es de 25 x 20 cm, Grosor 0,5/1,5 mm, Multicolor","Label":"Title","Locale":"es_ES"}},"Offers":{"Summaries":[{"Condition":{"Value":"New"},"LowestPrice":{"Amount":21.34,"Currency":"EUR","DisplayAmount":"21,34 €"}}]}},{"ASIN":"B084NXP7QW","DetailPageURL":"https://www.amazon.es/dp/B084NXP7QW?tag=topinalambricos-21&linkCode=osi&th=1&psc=1","Images":{"Primary":{"Small":{"Height":63,"URL":"https://m.media-amazon.com/images/I/31YL4N+bgeL._SL75_.jpg","Width":75}}},"ItemInfo":{"ByLineInfo":{"Brand":{"DisplayValue":"Zerimar","Label":"Brand","Locale":"es_ES"},"Manufacturer":{"DisplayValue":"Zerimar","Label":"Manufacturer","Locale":"es_ES"}},"Title":{"DisplayValue":"Zerimar Piel Cuero Pack de 2 y 3 pieles | Retales de Piel para Manualidades | Piel Cuero NaturaL (Cuero-1)","Label":"Title","Locale":"es_ES"}},"Offers":{"Summaries":[{"Condition":{"Value":"New"},"LowestPrice":{"Amount":24.99,"Currency":"EUR","DisplayAmount":"24,99 €"}}]}},{"ASIN":"B0B5277B3L","DetailPageURL":"https://www.amazon.es/dp/B0B5277B3L?tag=topinalambricos-21&linkCode=osi&th=1&psc=1","Images":{"Primary":{"Small":{"Height":75,"URL":"https://m.media-amazon.com/images/I/51pAi8o1mRL._SL75_.jpg","Width":49}}},"ItemInfo":{"ByLineInfo":{"Brand":{"DisplayValue":"LA GARZARARA","Label":"Brand","Locale":"es_ES"},"Manufacturer":{"DisplayValue":"LA GARZARARA SRL","Label":"Manufacturer","Locale":"es_ES"}},"Title":{"DisplayValue":"LA GARZARARA Lote de 2 kg de Recortes de Piel auténtica en tamaños aleatorios y Colores Mixtos, retales laminados e Impresos, Medida mínima del Corte es de 25 x 20 cm, Grosor 0,5/1,2 mm","Label":"Title","Locale":"es_ES"}},"Offers":{"Summaries":[{"Condition":{"Value":"New"},"LowestPrice":{"Amount":32.81,"Currency":"EUR","DisplayAmount":"32,81 €"}}]}},{"ASIN":"B084TLVXT1","DetailPageURL":"https://www.amazon.es/dp/B084TLVXT1?tag=topinalambricos-21&linkCode=osi&th=1&psc=1","Images":{"Primary":{"Small":{"Height":49,"URL":"https://m.media-amazon.com/images/I/31bwRdCdA7L._SL75_.jpg","Width":75}}},"ItemInfo":{"ByLineInfo":{"Brand":{"DisplayValue":"CLUB4BRANDS","Label":"Brand","Locale":"es_ES"},"Manufacturer":{"DisplayValue":"CLUB4BRANDS","Label":"Manufacturer","Locale":"es_ES"}},"Title":{"DisplayValue":"Recortes de cuero - restos de cuero marrón, restos de cuero, tamaños grandes, ideal para bolsos, zapatos, reparaciones, decoraciones, manualidades, 0,5 kg, tamaño A2","Label":"Title","Locale":"es_ES"}},"Offers":{"Summaries":[{"Condition":{"Value":"New"},"LowestPrice":{"Amount":36.99,"Currency":"EUR","DisplayAmount":"36,99 €"}}]}},{"ASIN":"B0BCQMTV98","DetailPageURL":"https://www.amazon.es/dp/B0BCQMTV98?tag=topinalambricos-21&linkCode=osi&th=1&psc=1","Images":{"Primary":{"Small":{"Height":75,"URL":"https://m.media-amazon.com/images/I/41vZDpTRDeL._SL75_.jpg","Width":75}}},"ItemInfo":{"ByLineInfo":{"Brand":{"DisplayValue":"JPstraps","Label":"Brand","Locale":"es_ES"},"Manufacturer":{"DisplayValue":"JPstraps","Label":"Manufacturer","Locale":"es_ES"}},"Title":{"DisplayValue":"JPstraps - Cuero Natural 100% Auténtico Producción Regular para Marroquinería y Confección Ideal para Artesanos, Diseñadores, Manualidades, Bricolaje o Proyectos en Piel (Negro, 60 cm x 50 cm)","Label":"Title","Locale":"es_ES"}},"Offers":{"Summaries":[{"Condition":{"Value":"New"},"LowestPrice":{"Amount":29.99,"Currency":"EUR","DisplayAmount":"29,99 €"}}]}}],"SearchURL":"https://www.amazon.es/s?k=retales&rh=n%3A4358256031%2Cp_n_availability%3A-1&tag=topinalambricos-21&linkCode=osi","TotalResultCount":316}},"248":{"SearchResult":{"Items":[{"ASIN":"B09YGT5MX7","DetailPageURL":"https://www.amazon.es/dp/B09YGT5MX7?tag=topinalambricos-21&linkCode=osi&th=1&psc=1","Images":{"Primary":{"Small":{"Height":75,"URL":"https://m.media-amazon.com/images/I/515CA2CdzvL._SL75_.jpg","Width":75}}},"ItemInfo":{"ByLineInfo":{"Brand":{"DisplayValue":"Coolty","Label":"Brand","Locale":"es_ES"},"Manufacturer":{"DisplayValue":"Coolty","Label":"Manufacturer","Locale":"es_ES"}},"Title":{"DisplayValue":"Coolty Clavos de metal con punta de cono punk, remache para manualidades, ropa, bolsos, cinturón, pulsera, accesorios de decoración de disfraces, 10 x 29 mm, 50 juegos","Label":"Title","Locale":"es_ES"}},"Offers":{"Summaries":[{"Condition":{"Value":"New"},"LowestPrice":{"Amount":13.99,"Currency":"EUR","DisplayAmount":"13,99 €"}}]}},{"ASIN":"B08XJW7ZDR","DetailPageURL":"https://www.amazon.es/dp/B08XJW7ZDR?tag=topinalambricos-21&linkCode=osi&th=1&psc=1","Images":{"Primary":{"Small":{"Height":75,"URL":"https://m.media-amazon.com/images/I/315F6D7GdVS._SL75_.jpg","Width":75}}},"ItemInfo":{"ByLineInfo":{"Brand":{"DisplayValue":"moonster","Label":"Brand","Locale":"es_ES"},"Manufacturer":{"DisplayValue":"Moonster Products Ltd","Label":"Manufacturer","Locale":"es_ES"}},"Title":{"DisplayValue":"Moonster Piezas Cuero Genuino – Cuero para Manualidades, Pendientes, Carteras – Piezas de Piel de Búfalo Plena Flor Auténtico – Marrón Oscuro y Rojizo (1 Pieza de Cuero + Cuerda para Pulsera)","Label":"Title","Locale":"es_ES"}},"Offers":{"Summaries":[{"Condition":{"Value":"New"},"LowestPrice":{"Amount":25.95,"Currency":"EUR","DisplayAmount":"25,95 €"}}]}},{"ASIN":"B0827TZ8W3","DetailPageURL":"https://www.amazon.es/dp/B0827TZ8W3?tag=topinalambricos-21&linkCode=osi&th=1&psc=1","Images":{"Primary":{"Small":{"Height":75,"URL":"https://m.media-amazon.com/images/I/5186dFodbdS._SL75_.jpg","Width":72}}},"ItemInfo":{"ByLineInfo":{"Brand":{"DisplayValue":"AIEX","Label":"Brand","Locale":"es_ES"}},"Title":{"DisplayValue":"AIEX 18 Piezas Cuero Artesanía de Cuero Kit de Costura Manual de Bricolaje con Agujas, Hilo, Brocas para Coser Lienzo de Cuero","Label":"Title","Locale":"es_ES"}},"Offers":{"Summaries":[{"Condition":{"Value":"New"},"LowestPrice":{"Amount":9.99,"Currency":"EUR","DisplayAmount":"9,99 €"}}]}},{"ASIN":"B07F9V5DTM","DetailPageURL":"https://www.amazon.es/dp/B07F9V5DTM?tag=topinalambricos-21&linkCode=osi&th=1&psc=1","Images":{"Primary":{"Small":{"Height":75,"URL":"https://m.media-amazon.com/images/I/41Nehpq2ijL._SL75_.jpg","Width":75}}},"ItemInfo":{"ByLineInfo":{"Brand":{"DisplayValue":"Haofy","Label":"Brand","Locale":"es_ES"},"Manufacturer":{"DisplayValue":"Haofy","Label":"Manufacturer","Locale":"es_ES"}},"Title":{"DisplayValue":"Cuchillo de Adelgazamiento de Corte de Artesanía de Cuero Bricolaje con Cuchillas Craft Tool (Negro)","Label":"Title","Locale":"es_ES"}},"Offers":{"Summaries":[{"Condition":{"Value":"New"},"LowestPrice":{"Amount":8.47,"Currency":"EUR","DisplayAmount":"8,47 €"}}]}},{"ASIN":"B07169D8H4","DetailPageURL":"https://www.amazon.es/dp/B07169D8H4?tag=topinalambricos-21&linkCode=osi&th=1&psc=1","Images":{"Primary":{"Small":{"Height":62,"URL":"https://m.media-amazon.com/images/I/516wgH4a6DL._SL75_.jpg","Width":75}}},"ItemInfo":{"ByLineInfo":{"Brand":{"DisplayValue":"Yulakes","Label":"Brand","Locale":"es_ES"},"Manufacturer":{"DisplayValue":"Yulakes","Label":"Manufacturer","Locale":"es_ES"}},"Title":{"DisplayValue":"Yulakes - Juego de 20 punzones de cuero para manualidades","Label":"Title","Locale":"es_ES"}},"Offers":{"Summaries":[{"Condition":{"Value":"New"},"LowestPrice":{"Amount":15.99,"Currency":"EUR","DisplayAmount":"15,99 €"}}]}},{"ASIN":"B0B1CVV4ZP","DetailPageURL":"https://www.amazon.es/dp/B0B1CVV4ZP?tag=topinalambricos-21&linkCode=osi&th=1&psc=1","Images":{"Primary":{"Small":{"Height":75,"URL":"https://m.media-amazon.com/images/I/51Biv-Lgi6L._SL75_.jpg","Width":75}}},"ItemInfo":{"ByLineInfo":{"Brand":{"DisplayValue":"GORGECRAFT","Label":"Brand","Locale":"es_ES"},"Manufacturer":{"DisplayValue":"GORGECRAFT","Label":"Manufacturer","Locale":"es_ES"}},"Title":{"DisplayValue":"GORGECRAFT Correa de Cuero Negro de 0.5 Pulgada de Ancho Y 79 Pulgadas de Largo Patrón de Lichi Tiras de Cinturón de Cuero Envoltura Cordón Plano de Un Solo Lado para Proyectos de Manualidades","Label":"Title","Locale":"es_ES"}},"Offers":{"Summaries":[{"Condition":{"Value":"New"},"LowestPrice":{"Amount":9.89,"Currency":"EUR","DisplayAmount":"9,89 €"}}]}},{"ASIN":"B09DXXGSGB","DetailPageURL":"https://www.amazon.es/dp/B09DXXGSGB?tag=topinalambricos-21&linkCode=osi&th=1&psc=1","Images":{"Primary":{"Small":{"Height":75,"URL":"https://m.media-amazon.com/images/I/51vkKztf2GL._SL75_.jpg","Width":75}}},"ItemInfo":{"ByLineInfo":{"Brand":{"DisplayValue":"GORGECRAFT","Label":"Brand","Locale":"es_ES"},"Manufacturer":{"DisplayValue":"GORGECRAFT","Label":"Manufacturer","Locale":"es_ES"}},"Title":{"DisplayValue":"GORGECRAFT Tiras de Correas de Cuero de Cordón Plano 1.18\" Correa de Cuero Ancha para Bricolaje 118\" largas para Ropa, Envoltura de Joyas, Proyectos de Manualidades (Café)","Label":"Title","Locale":"es_ES"}},"Offers":{"Summaries":[{"Condition":{"Value":"New"},"LowestPrice":{"Amount":12.99,"Currency":"EUR","DisplayAmount":"12,99 €"}}]}},{"ASIN":"B0B8YG6MZW","DetailPageURL":"https://www.amazon.es/dp/B0B8YG6MZW?tag=topinalambricos-21&linkCode=osi&th=1&psc=1","Images":{"Primary":{"Small":{"Height":75,"URL":"https://m.media-amazon.com/images/I/51wslds0PXL._SL75_.jpg","Width":75}}},"ItemInfo":{"ByLineInfo":{"Brand":{"DisplayValue":"Prasacco","Label":"Brand","Locale":"es_ES"},"Manufacturer":{"DisplayValue":"Prasacco","Label":"Manufacturer","Locale":"es_ES"}},"Title":{"DisplayValue":"Prasacco 200 remaches de cuero de 8 mm, remaches tubulares de metal para bolsos, bolsos, bolsos, zapatos, cinturones, reparación de manualidades de cuero (dorado, plateado)","Label":"Title","Locale":"es_ES"}},"Offers":{"Summaries":[{"Condition":{"Value":"New"},"LowestPrice":{"Amount":5.93,"Currency":"EUR","DisplayAmount":"5,93 €"}}]}},{"ASIN":"B07DGCZXF4","DetailPageURL":"https://www.amazon.es/dp/B07DGCZXF4?tag=topinalambricos-21&linkCode=osi&th=1&psc=1","Images":{"Primary":{"Small":{"Height":75,"URL":"https://m.media-amazon.com/images/I/41bLGBN9gVL._SL75_.jpg","Width":75}}},"ItemInfo":{"ByLineInfo":{"Brand":{"DisplayValue":"Hilitand","Label":"Brand","Locale":"es_ES"},"Manufacturer":{"DisplayValue":"Hilitand","Label":"Manufacturer","Locale":"es_ES"}},"Title":{"DisplayValue":"500 piezas de colores mezclados de 3 mm con forma redonda de metal ojales para hacer tarjetas de scrapbooking de cuero para hacer agujeros","Label":"Title","Locale":"es_ES"}},"Offers":{"Summaries":[{"Condition":{"Value":"New"},"LowestPrice":{"Amount":13.11,"Currency":"EUR","DisplayAmount":"13,11 €"}}]}},{"ASIN":"B08GF861FR","DetailPageURL":"https://www.amazon.es/dp/B08GF861FR?tag=topinalambricos-21&linkCode=osi&th=1&psc=1","Images":{"Primary":{"Small":{"Height":75,"URL":"https://m.media-amazon.com/images/I/51rwaLL7goL._SL75_.jpg","Width":75}}},"ItemInfo":{"ByLineInfo":{"Brand":{"DisplayValue":"GORGECRAFT","Label":"Brand","Locale":"es_ES"},"Manufacturer":{"DisplayValue":"GORGECRAFT","Label":"Manufacturer","Locale":"es_ES"}},"Title":{"DisplayValue":"GORGECRAFT Correa de cuero de 3/5 pulgadas de ancho y 78 pulgadas de largo de microfibra trenzada plana para manualidades, herramientas, taller, hecho a mano, café","Label":"Title","Locale":"es_ES"}},"Offers":{"Summaries":[{"Condition":{"Value":"New"},"LowestPrice":{"Amount":10.69,"Currency":"EUR","DisplayAmount":"10,69 €"}}]}}],"SearchURL":"https://www.amazon.es/s?k=manualidades&rh=n%3A4358254031%2Cp_n_availability%3A-1&tag=topinalambricos-21&linkCode=osi","TotalResultCount":1000}},"249":{"SearchResult":{"Items":[{"ASIN":"B0BNL3ZXBG","DetailPageURL":"https://www.amazon.es/dp/B0BNL3ZXBG?tag=topinalambricos-21&linkCode=osi&th=1&psc=1","Images":{"Primary":{"Small":{"Height":75,"URL":"https://m.media-amazon.com/images/I/414H7BQ0yDL._SL75_.jpg","Width":75}}},"ItemInfo":{"ByLineInfo":{"Brand":{"DisplayValue":"JPstraps","Label":"Brand","Locale":"es_ES"},"Manufacturer":{"DisplayValue":"JPstraps","Label":"Manufacturer","Locale":"es_ES"}},"Title":{"DisplayValue":"JPstraps - Cuero Natural 100% Auténtico Producción Regular para Marroquinería y Confección Ideal para Artesanos, Diseñadores, Manualidades, Bricolaje o Proyectos en Piel (Marron, 25 cm x 20 cm)","Label":"Title","Locale":"es_ES"}},"Offers":{"Summaries":[{"Condition":{"Value":"New"},"LowestPrice":{"Amount":7.99,"Currency":"EUR","DisplayAmount":"7,99 €"}}]}},{"ASIN":"B095LYTSHW","DetailPageURL":"https://www.amazon.es/dp/B095LYTSHW?tag=topinalambricos-21&linkCode=osi&th=1&psc=1","Images":{"Primary":{"Small":{"Height":75,"URL":"https://m.media-amazon.com/images/I/41o8eh5LuwS._SL75_.jpg","Width":75}}},"ItemInfo":{"ByLineInfo":{"Brand":{"DisplayValue":"Nothers","Label":"Brand","Locale":"es_ES"}},"Title":{"DisplayValue":"Ncheli 2 Herramientas De ArtesaníA De Cuero Cuchillo De Corte Para ArtesaníA En Cuero, Que Contiene 2 TamañOs De Herramientas Artesanales De Cuero, Utilizadas Para Herramientas De ArtesaníA De Cuero","Label":"Title","Locale":"es_ES"}},"Offers":{"Summaries":[{"Condition":{"Value":"New"},"LowestPrice":{"Amount":20.49,"Currency":"EUR","DisplayAmount":"20,49 €"}}]}},{"ASIN":"B08XJW7ZDR","DetailPageURL":"https://www.amazon.es/dp/B08XJW7ZDR?tag=topinalambricos-21&linkCode=osi&th=1&psc=1","Images":{"Primary":{"Small":{"Height":75,"URL":"https://m.media-amazon.com/images/I/315F6D7GdVS._SL75_.jpg","Width":75}}},"ItemInfo":{"ByLineInfo":{"Brand":{"DisplayValue":"moonster","Label":"Brand","Locale":"es_ES"},"Manufacturer":{"DisplayValue":"Moonster Products Ltd","Label":"Manufacturer","Locale":"es_ES"}},"Title":{"DisplayValue":"Moonster Piezas Cuero Genuino – Cuero para Manualidades, Pendientes, Carteras – Piezas de Piel de Búfalo Plena Flor Auténtico – Marrón Oscuro y Rojizo (1 Pieza de Cuero + Cuerda para Pulsera)","Label":"Title","Locale":"es_ES"}},"Offers":{"Summaries":[{"Condition":{"Value":"New"},"LowestPrice":{"Amount":25.95,"Currency":"EUR","DisplayAmount":"25,95 €"}}]}},{"ASIN":"B09PZ9JQMY","DetailPageURL":"https://www.amazon.es/dp/B09PZ9JQMY?tag=topinalambricos-21&linkCode=osi&th=1&psc=1","Images":{"Primary":{"Small":{"Height":75,"URL":"https://m.media-amazon.com/images/I/41odp8ZnAXL._SL75_.jpg","Width":56}}},"ItemInfo":{"ByLineInfo":{"Brand":{"DisplayValue":"IPEA","Label":"Brand","Locale":"es_ES"},"Manufacturer":{"DisplayValue":"IPEA","Label":"Manufacturer","Locale":"es_ES"}},"Title":{"DisplayValue":"IPEA 1 Kg de Recortes de Cuero, Piel Auténtica en Tamaños Aleatorios y Colores Mixtos Clásicos, Fabricado en Italia, Retales Cortes con Formas Variadas, Restos de Producción Artesanal","Label":"Title","Locale":"es_ES"}},"Offers":{"Summaries":[{"Condition":{"Value":"Used"},"LowestPrice":{"Amount":15.5,"Currency":"EUR","DisplayAmount":"15,50 €"}},{"Condition":{"Value":"New"},"LowestPrice":{"Amount":16.99,"Currency":"EUR","DisplayAmount":"16,99 €"}}]}},{"ASIN":"B09YRMCS4H","DetailPageURL":"https://www.amazon.es/dp/B09YRMCS4H?tag=topinalambricos-21&linkCode=osi&th=1&psc=1","Images":{"Primary":{"Small":{"Height":75,"URL":"https://m.media-amazon.com/images/I/31AfJUOBVbL._SL75_.jpg","Width":75}}},"ItemInfo":{"ByLineInfo":{"Brand":{"DisplayValue":"Time Resistance","Label":"Brand","Locale":"es_ES"},"Manufacturer":{"DisplayValue":"Time Resistance","Label":"Manufacturer","Locale":"es_ES"}},"Title":{"DisplayValue":"Piel de vaca de grano completo, Piel de Vaca Curtido con Vegetales, Piezas de cuero 1.2-1.6mm (3-4oz) tick, Para Artesanía en Cuero, Herramienta de Costura Artesanal, Coñac","Label":"Title","Locale":"es_ES"}},"Offers":{"Summaries":[{"Condition":{"Value":"New"},"LowestPrice":{"Amount":39.0,"Currency":"EUR","DisplayAmount":"39,00 €"}}]}},{"ASIN":"B08W8NZW5C","DetailPageURL":"https://www.amazon.es/dp/B08W8NZW5C?tag=topinalambricos-21&linkCode=osi&th=1&psc=1","Images":{"Primary":{"Small":{"Height":75,"URL":"https://m.media-amazon.com/images/I/31TwTtSgspL._SL75_.jpg","Width":61}}},"ItemInfo":{"ByLineInfo":{"Brand":{"DisplayValue":"Zerimar","Label":"Brand","Locale":"es_ES"},"Manufacturer":{"DisplayValue":"Zerimar","Label":"Manufacturer","Locale":"es_ES"}},"Title":{"DisplayValue":"Zerimar Piel Cuero | Pieles Cuero Natural | Retales de Piel para Manualidades | Piel para Artesanos | Retal Cuero | Retales de Cuero | Color: Marron | Medidas: 80x75 cm (-Marron-)","Label":"Title","Locale":"es_ES"}},"Offers":{"Summaries":[{"Condition":{"Value":"New"},"LowestPrice":{"Amount":29.99,"Currency":"EUR","DisplayAmount":"29,99 €"}}]}},{"ASIN":"B09HJK2VMB","DetailPageURL":"https://www.amazon.es/dp/B09HJK2VMB?tag=topinalambricos-21&linkCode=osi&th=1&psc=1","Images":{"Primary":{"Small":{"Height":49,"URL":"https://m.media-amazon.com/images/I/21aHfr1mS1L._SL75_.jpg","Width":75}}},"ItemInfo":{"ByLineInfo":{"Brand":{"DisplayValue":"CLUB4BRANDS","Label":"Brand","Locale":"es_ES"},"Manufacturer":{"DisplayValue":"CLUB4BRANDS","Label":"Manufacturer","Locale":"es_ES"}},"Title":{"DisplayValue":"Cuero de Vaca, Piel Elegante, Grueso, Tallado, Piel de Vaca Curtido con Vegetales, Artesanía en Cuero, Artes y Manualidades, Decoración, Grosor del Cuero de 2,0-2,5 mm, Tamaño Mínimo A5, 1x piezas","Label":"Title","Locale":"es_ES"}},"Offers":{"Summaries":[{"Condition":{"Value":"New"},"LowestPrice":{"Amount":15.99,"Currency":"EUR","DisplayAmount":"15,99 €"}}]}},{"ASIN":"B07PGJGZZY","DetailPageURL":"https://www.amazon.es/dp/B07PGJGZZY?tag=topinalambricos-21&linkCode=osi&th=1&psc=1","Images":{"Primary":{"Small":{"Height":56,"URL":"https://m.media-amazon.com/images/I/41v30lBJa+L._SL75_.jpg","Width":75}}},"ItemInfo":{"ByLineInfo":{"Brand":{"DisplayValue":"CAPRILO","Label":"Brand","Locale":"es_ES"},"Manufacturer":{"DisplayValue":"CC","Label":"Manufacturer","Locale":"es_ES"}},"Title":{"DisplayValue":"Lote de 20 Elegantes Espejos Dobles de Piel Mujeres. Belleza. Recuerdos y Complementos. Regalos Originales. Detalles de Bodas, Comuniones, Bautizos, Cumpleaños. DC","Label":"Title","Locale":"es_ES"}},"Offers":{"Summaries":[{"Condition":{"Value":"New"},"LowestPrice":{"Amount":47.95,"Currency":"EUR","DisplayAmount":"47,95 €"}}]}},{"ASIN":"B0B3D6NW6C","DetailPageURL":"https://www.amazon.es/dp/B0B3D6NW6C?tag=topinalambricos-21&linkCode=osi&th=1&psc=1","Images":{"Primary":{"Small":{"Height":75,"URL":"https://m.media-amazon.com/images/I/51xMGSBcp7L._SL75_.jpg","Width":75}}},"ItemInfo":{"ByLineInfo":{"Brand":{"DisplayValue":"GORGECRAFT","Label":"Brand","Locale":"es_ES"},"Manufacturer":{"DisplayValue":"GORGECRAFT","Label":"Manufacturer","Locale":"es_ES"}},"Title":{"DisplayValue":"GORGECRAFT Correa de Tira de Piel de Doble Cara Negra de 118 Pulgada, 1.18 Pulgadas de Ancho, Correa de Piel Lisa, Cordón Plano para Proyectos de Manualidades, Fabricación de Ropa, Cinturones","Label":"Title","Locale":"es_ES"}},"Offers":{"Summaries":[{"Condition":{"Value":"New"},"LowestPrice":{"Amount":12.19,"Currency":"EUR","DisplayAmount":"12,19 €"}}]}},{"ASIN":"B086BSSP57","DetailPageURL":"https://www.amazon.es/dp/B086BSSP57?tag=topinalambricos-21&linkCode=osi&th=1&psc=1","Images":{"Primary":{"Small":{"Height":75,"URL":"https://m.media-amazon.com/images/I/41AyGoSgBhL._SL75_.jpg","Width":75}}},"ItemInfo":{"ByLineInfo":{"Brand":{"DisplayValue":"AMIGOB","Label":"Brand","Locale":"es_ES"},"Manufacturer":{"DisplayValue":"AMIGOB","Label":"Manufacturer","Locale":"es_ES"}},"Title":{"DisplayValue":"AMIGOB Perforadoras Herramientas Artesanales Costura 13-in-1 Kit de Herramientas de Mano de Cuero Craft de Piel para Tallar,Costura, Herramientas de Bricolaje","Label":"Title","Locale":"es_ES"}},"Offers":{"Summaries":[{"Condition":{"Value":"New"},"LowestPrice":{"Amount":18.99,"Currency":"EUR","DisplayAmount":"18,99 €"}},{"Condition":{"Value":"Used"},"LowestPrice":{"Amount":17.84,"Currency":"EUR","DisplayAmount":"17,84 €"}}]}}],"SearchURL":"https://www.amazon.es/s?k=piel+artesanos&rh=n%3A4358251031%2Cp_n_availability%3A-1&tag=topinalambricos-21&linkCode=osi","TotalResultCount":1000}},"250":{"SearchResult":{"Items":[{"ASIN":"B0B31PQVG5","DetailPageURL":"https://www.amazon.es/dp/B0B31PQVG5?tag=topinalambricos-21&linkCode=osi&th=1&psc=1","Images":{"Primary":{"Small":{"Height":75,"URL":"https://m.media-amazon.com/images/I/41vZDpTRDeL._SL75_.jpg","Width":75}}},"ItemInfo":{"ByLineInfo":{"Brand":{"DisplayValue":"JPstraps","Label":"Brand","Locale":"es_ES"},"Manufacturer":{"DisplayValue":"JPstraps","Label":"Manufacturer","Locale":"es_ES"}},"Title":{"DisplayValue":"JPstraps - Cuero Natural 100% Auténtico Producción Regular para Marroquinería y Confección Ideal para Artesanos, Diseñadores, Manualidades, Bricolaje o Proyectos en Piel (Negro, 25 cm x 20 cm)","Label":"Title","Locale":"es_ES"}},"Offers":{"Summaries":[{"Condition":{"Value":"New"},"LowestPrice":{"Amount":7.99,"Currency":"EUR","DisplayAmount":"7,99 €"}}]}},{"ASIN":"B09PZ9JQMY","DetailPageURL":"https://www.amazon.es/dp/B09PZ9JQMY?tag=topinalambricos-21&linkCode=osi&th=1&psc=1","Images":{"Primary":{"Small":{"Height":75,"URL":"https://m.media-amazon.com/images/I/41odp8ZnAXL._SL75_.jpg","Width":56}}},"ItemInfo":{"ByLineInfo":{"Brand":{"DisplayValue":"IPEA","Label":"Brand","Locale":"es_ES"},"Manufacturer":{"DisplayValue":"IPEA","Label":"Manufacturer","Locale":"es_ES"}},"Title":{"DisplayValue":"IPEA 1 Kg de Recortes de Cuero, Piel Auténtica en Tamaños Aleatorios y Colores Mixtos Clásicos, Fabricado en Italia, Retales Cortes con Formas Variadas, Restos de Producción Artesanal","Label":"Title","Locale":"es_ES"}},"Offers":{"Summaries":[{"Condition":{"Value":"New"},"LowestPrice":{"Amount":16.99,"Currency":"EUR","DisplayAmount":"16,99 €"}},{"Condition":{"Value":"Used"},"LowestPrice":{"Amount":15.5,"Currency":"EUR","DisplayAmount":"15,50 €"}}]}},{"ASIN":"B09FYCL3XH","DetailPageURL":"https://www.amazon.es/dp/B09FYCL3XH?tag=topinalambricos-21&linkCode=osi&th=1&psc=1","Images":{"Primary":{"Small":{"Height":75,"URL":"https://m.media-amazon.com/images/I/516HFyVyerL._SL75_.jpg","Width":59}}},"ItemInfo":{"ByLineInfo":{"Brand":{"DisplayValue":"IPEA","Label":"Brand","Locale":"es_ES"},"Manufacturer":{"DisplayValue":"IPEA","Label":"Manufacturer","Locale":"es_ES"}},"Title":{"DisplayValue":"IPEA 1 Kg de Recortes de Cuero – Piel Auténtica con Estampados Mixtos y Detalles en Tamaño Aleatorio – Fabricado en Italia – Retales Cortes de Formas Diferentes con Estampados Decorativos","Label":"Title","Locale":"es_ES"}},"Offers":{"Summaries":[{"Condition":{"Value":"New"},"LowestPrice":{"Amount":21.0,"Currency":"EUR","DisplayAmount":"21,00 €"}}]}},{"ASIN":"B08454XNSC","DetailPageURL":"https://www.amazon.es/dp/B08454XNSC?tag=topinalambricos-21&linkCode=osi&th=1&psc=1","Images":{"Primary":{"Small":{"Height":75,"URL":"https://m.media-amazon.com/images/I/51RxC4LFiKL._SL75_.jpg","Width":75}}},"ItemInfo":{"ByLineInfo":{"Brand":{"DisplayValue":"moonster","Label":"Brand","Locale":"es_ES"},"Manufacturer":{"DisplayValue":"Moonster Products Ltd","Label":"Manufacturer","Locale":"es_ES"}},"Title":{"DisplayValue":"Tela de Cuero Genuino – Moonster Cuero para Pendientes y Otras Manualidades – Cuero de Búfalo de Plena Flor Genuino, No Sintético – Marrón Oscuro Rojizo (2 Trozos de Cuero + Cuerda de Cuero)","Label":"Title","Locale":"es_ES"}},"Offers":{"Summaries":[{"Condition":{"Value":"New"},"LowestPrice":{"Amount":24.95,"Currency":"EUR","DisplayAmount":"24,95 €"}}]}},{"ASIN":"B07LB7Q33X","DetailPageURL":"https://www.amazon.es/dp/B07LB7Q33X?tag=topinalambricos-21&linkCode=osi&th=1&psc=1","Images":{"Primary":{"Small":{"Height":49,"URL":"https://m.media-amazon.com/images/I/31bwRdCdA7L._SL75_.jpg","Width":75}}},"ItemInfo":{"ByLineInfo":{"Brand":{"DisplayValue":"CLUB4BRANDS","Label":"Brand","Locale":"es_ES"},"Manufacturer":{"DisplayValue":"CLUB4BRANDS","Label":"Manufacturer","Locale":"es_ES"}},"Title":{"DisplayValue":"Recortes de cuero - restos de cuero marrón, restos de cuero, tamaños grandes, ideal para bolsos, zapatos, reparaciones, decoraciones, manualidades, 1 kg, tamaño A5","Label":"Title","Locale":"es_ES"}},"Offers":{"Summaries":[{"Condition":{"Value":"New"},"LowestPrice":{"Amount":24.99,"Currency":"EUR","DisplayAmount":"24,99 €"}}]}},{"ASIN":"B09FT78ZZD","DetailPageURL":"https://www.amazon.es/dp/B09FT78ZZD?tag=topinalambricos-21&linkCode=osi&th=1&psc=1","Images":{"Primary":{"Small":{"Height":75,"URL":"https://m.media-amazon.com/images/I/414wgiL8KUL._SL75_.jpg","Width":58}}},"ItemInfo":{"ByLineInfo":{"Brand":{"DisplayValue":"IPEA","Label":"Brand","Locale":"es_ES"},"Manufacturer":{"DisplayValue":"IPEA","Label":"Manufacturer","Locale":"es_ES"}},"Title":{"DisplayValue":"IPEA 1 Kg de Cortes de Cuero Genuino Colorido Piel Auténtica en Dimensiones Casuales y Colores Mixtos – Fabricado en Italia – Recortes con Formas Variadas – Restos de Producción Artesanal","Label":"Title","Locale":"es_ES"}},"Offers":{"Summaries":[{"Condition":{"Value":"New"},"LowestPrice":{"Amount":19.99,"Currency":"EUR","DisplayAmount":"19,99 €"}},{"Condition":{"Value":"Used"},"LowestPrice":{"Amount":14.63,"Currency":"EUR","DisplayAmount":"14,63 €"}}]}},{"ASIN":"B08FF1P3CH","DetailPageURL":"https://www.amazon.es/dp/B08FF1P3CH?tag=topinalambricos-21&linkCode=osi&th=1&psc=1","Images":{"Primary":{"Small":{"Height":49,"URL":"https://m.media-amazon.com/images/I/31Wgf1OLLzL._SL75_.jpg","Width":75}}},"ItemInfo":{"ByLineInfo":{"Brand":{"DisplayValue":"CLUB4BRANDS","Label":"Brand","Locale":"es_ES"},"Manufacturer":{"DisplayValue":"CLUB4BRANDS","Label":"Manufacturer","Locale":"es_ES"}},"Title":{"DisplayValue":"Recortes de cuero - restos de cuero de colores, restos de cuero, tamaños grandes, ideal para bolsos, zapatos, reparaciones, decoraciones, manualidades, 1 kg, tamaño A6","Label":"Title","Locale":"es_ES"}},"Offers":{"Summaries":[{"Condition":{"Value":"New"},"LowestPrice":{"Amount":15.99,"Currency":"EUR","DisplayAmount":"15,99 €"}}]}},{"ASIN":"B0916FGHGL","DetailPageURL":"https://www.amazon.es/dp/B0916FGHGL?tag=topinalambricos-21&linkCode=osi&th=1&psc=1","Images":{"Primary":{"Small":{"Height":75,"URL":"https://m.media-amazon.com/images/I/41yRbRhENQL._SL75_.jpg","Width":60}}},"ItemInfo":{"ByLineInfo":{"Brand":{"DisplayValue":"IPEA","Label":"Brand","Locale":"es_ES"},"Manufacturer":{"DisplayValue":"IPEA","Label":"Manufacturer","Locale":"es_ES"}},"Title":{"DisplayValue":"IPEA 1 Kg de Cortes de Cuero – Piel Auténtica en Tamaños Aleatorios Colore Negro – Fabricado en Italia – Recortes con Formas Variadas – Restos de Producción Artesanal – Para Manualidades","Label":"Title","Locale":"es_ES"}},"Offers":{"Summaries":[{"Condition":{"Value":"Used"},"LowestPrice":{"Amount":17.2,"Currency":"EUR","DisplayAmount":"17,20 €"}},{"Condition":{"Value":"New"},"LowestPrice":{"Amount":18.99,"Currency":"EUR","DisplayAmount":"18,99 €"}}]}},{"ASIN":"B08255BP2J","DetailPageURL":"https://www.amazon.es/dp/B08255BP2J?tag=topinalambricos-21&linkCode=osi&th=1&psc=1","Images":{"Primary":{"Small":{"Height":75,"URL":"https://m.media-amazon.com/images/I/41HewA1x4vL._SL75_.jpg","Width":75}}},"ItemInfo":{"ByLineInfo":{"Brand":{"DisplayValue":"MUCHENG","Label":"Brand","Locale":"es_ES"},"Manufacturer":{"DisplayValue":"MUCHENG","Label":"Manufacturer","Locale":"es_ES"}},"Title":{"DisplayValue":"1 kg de restos de cuero de varios tonos marrones, varios tamaños y piezas de manualidades ideales para cualquier trabajo de manualidades","Label":"Title","Locale":"es_ES"}},"Offers":{"Summaries":[{"Condition":{"Value":"New"},"LowestPrice":{"Amount":19.99,"Currency":"EUR","DisplayAmount":"19,99 €"}}]}},{"ASIN":"B08NFFDYKL","DetailPageURL":"https://www.amazon.es/dp/B08NFFDYKL?tag=topinalambricos-21&linkCode=osi&th=1&psc=1","Images":{"Primary":{"Small":{"Height":74,"URL":"https://m.media-amazon.com/images/I/41gWPcC91NL._SL75_.jpg","Width":75}}},"ItemInfo":{"ByLineInfo":{"Brand":{"DisplayValue":"CLUB4BRANDS","Label":"Brand","Locale":"es_ES"},"Manufacturer":{"DisplayValue":"CLUB4BRANDS","Label":"Manufacturer","Locale":"es_ES"}},"Title":{"DisplayValue":"Cuero retro vintage | Marrón Oscura | Efecto pull-up, cuero engrasado, cuero grueso, cuero con aspecto antiguo | Marroquinería, para artesanía, tapicería, decoración | piezas de cuero | Formato A5","Label":"Title","Locale":"es_ES"}},"Offers":{"Summaries":[{"Condition":{"Value":"New"},"LowestPrice":{"Amount":13.99,"Currency":"EUR","DisplayAmount":"13,99 €"}}]}}],"SearchURL":"https://www.amazon.es/s?k=cuero&rh=n%3A4358256031%2Cp_n_availability%3A-1&tag=topinalambricos-21&linkCode=osi","TotalResultCount":1000}},"251":{"SearchResult":{"Items":[{"ASIN":"B07HB1RZBX","DetailPageURL":"https://www.amazon.es/dp/B07HB1RZBX?tag=topinalambricos-21&linkCode=osi&th=1&psc=1","Images":{"Primary":{"Small":{"Height":75,"URL":"https://m.media-amazon.com/images/I/31fkQVHYnBL._SL75_.jpg","Width":75}}},"ItemInfo":{"ByLineInfo":{"Brand":{"DisplayValue":"SOFOLK DEPUIS 1989","Label":"Brand","Locale":"es_ES"},"Manufacturer":{"DisplayValue":"SOFOLK","Label":"Manufacturer","Locale":"es_ES"}},"Title":{"DisplayValue":"Sofolk - Kit de retoque Pintura Cuero/Cuero de imitación - Tinte para Volante de Coche, Asiento de Coche, sofás, Zapatos, Chaquetas y Ropa - Cuero dañado, Rayado, arañado, Descolorido (01-Negro)","Label":"Title","Locale":"es_ES"}},"Offers":{"Summaries":[{"Condition":{"Value":"New"},"LowestPrice":{"Amount":17.99,"Currency":"EUR","DisplayAmount":"17,99 €"}}]}},{"ASIN":"B07V2NHD8Q","DetailPageURL":"https://www.amazon.es/dp/B07V2NHD8Q?tag=topinalambricos-21&linkCode=osi&th=1&psc=1","Images":{"Primary":{"Small":{"Height":75,"URL":"https://m.media-amazon.com/images/I/31E28bIB+nL._SL75_.jpg","Width":75}}},"ItemInfo":{"ByLineInfo":{"Brand":{"DisplayValue":"Furniture Clinic","Label":"Brand","Locale":"es_ES"},"Manufacturer":{"DisplayValue":"Furniture Clinic","Label":"Manufacturer","Locale":"es_ES"}},"Title":{"DisplayValue":"Furniture Clinic Pintura y Tinte para Reparación de Cuero | Colorante Autosellante para una Reparación Rápida y Fácil del Cuero | Sofás, Asientos de Coche, Zapatos, Bolsos - Marrón Oscuro (BR07) 250ml","Label":"Title","Locale":"es_ES"}},"Offers":{"Summaries":[{"Condition":{"Value":"New"},"LowestPrice":{"Amount":22.5,"Currency":"EUR","DisplayAmount":"22,50 € (22.500,00 € / l)","PricePerUnit":22500.0}}]}},{"ASIN":"B01ID1UHIW","DetailPageURL":"https://www.amazon.es/dp/B01ID1UHIW?tag=topinalambricos-21&linkCode=osi&th=1&psc=1","Images":{"Primary":{"Small":{"Height":75,"URL":"https://m.media-amazon.com/images/I/41ny1g6A-5L._SL75_.jpg","Width":75}}},"ItemInfo":{"ByLineInfo":{"Brand":{"DisplayValue":"1-2-3 REPAIR","Label":"Brand","Locale":"es_ES"},"Manufacturer":{"DisplayValue":"1-2-3 REPAIR","Label":"Manufacturer","Locale":"es_ES"}},"Title":{"DisplayValue":"1-2-3 REPAIR Color de cuero, sofá de cuero como nuevo, tinte de cuero, cuidado del cuero del coche, Beige, 57ml","Label":"Title","Locale":"es_ES"}},"Offers":{"Summaries":[{"Condition":{"Value":"New"},"LowestPrice":{"Amount":14.99,"Currency":"EUR","DisplayAmount":"14,99 €"}}]}},{"ASIN":"B00FOKONJ0","DetailPageURL":"https://www.amazon.es/dp/B00FOKONJ0?tag=topinalambricos-21&linkCode=osi&th=1&psc=1","Images":{"Primary":{"Small":{"Height":75,"URL":"https://m.media-amazon.com/images/I/4150lXp41oL._SL75_.jpg","Width":75}}},"ItemInfo":{"ByLineInfo":{"Brand":{"DisplayValue":"Furniture Clinic","Label":"Brand","Locale":"es_ES"},"Manufacturer":{"DisplayValue":"Furniture Clinic","Label":"Manufacturer","Locale":"es_ES"}},"Title":{"DisplayValue":"Furniture Clinic. Bálsamo recolorante para Cuero - Restaurador del Color del Cuero para Muebles, para Cuero de sofá Desgastado y Rayado, automóviles (marrón Oscuro)","Label":"Title","Locale":"es_ES"}},"Offers":{"Summaries":[{"Condition":{"Value":"New"},"LowestPrice":{"Amount":26.95,"Currency":"EUR","DisplayAmount":"26,95 €"}}]}},{"ASIN":"B0872YPWL3","DetailPageURL":"https://www.amazon.es/dp/B0872YPWL3?tag=topinalambricos-21&linkCode=osi&th=1&psc=1","Images":{"Primary":{"Small":{"Height":75,"URL":"https://m.media-amazon.com/images/I/41RU0ozUMaL._SL75_.jpg","Width":75}}},"ItemInfo":{"ByLineInfo":{"Brand":{"DisplayValue":"FairOnly","Label":"Brand","Locale":"es_ES"},"Manufacturer":{"DisplayValue":"FairOnly","Label":"Manufacturer","Locale":"es_ES"}},"Title":{"DisplayValue":"FairOnly Restaurador de tinte de color crema para reparación de gastado, restaurador de colorantes, suministros para asiento de coche, sofá, piel, color beige","Label":"Title","Locale":"es_ES"}},"Offers":{"Summaries":[{"Condition":{"Value":"New"},"LowestPrice":{"Amount":7.36,"Currency":"EUR","DisplayAmount":"7,36 €"}}]}},{"ASIN":"B00YAXS0SW","DetailPageURL":"https://www.amazon.es/dp/B00YAXS0SW?tag=topinalambricos-21&linkCode=osi&th=1&psc=1","Images":{"Primary":{"Small":{"Height":68,"URL":"https://m.media-amazon.com/images/I/41PoZgvARzL._SL75_.jpg","Width":75}}},"ItemInfo":{"ByLineInfo":{"Brand":{"DisplayValue":"KITAUTOS","Label":"Brand","Locale":"es_ES"},"Manufacturer":{"DisplayValue":"KITAUTOS","Label":"Manufacturer","Locale":"es_ES"}},"Title":{"DisplayValue":"KITAUTOS KRTP1 Kit restauracion tapicerias de Piel,Color Negro, 15","Label":"Title","Locale":"es_ES"}},"Offers":{"Summaries":[{"Condition":{"Value":"New"},"LowestPrice":{"Amount":15.0,"Currency":"EUR","DisplayAmount":"15,00 €"}}]}},{"ASIN":"B01EYT8R66","DetailPageURL":"https://www.amazon.es/dp/B01EYT8R66?tag=topinalambricos-21&linkCode=osi&th=1&psc=1","Images":{"Primary":{"Small":{"Height":75,"URL":"https://m.media-amazon.com/images/I/51ns0b6BWmL._SL75_.jpg","Width":75}}},"ItemInfo":{"ByLineInfo":{"Brand":{"DisplayValue":"COLOURLOCK","Label":"Brand","Locale":"es_ES"}},"Title":{"DisplayValue":"COLOURLOCK Tinte reparador Cuero/Piel F002 (Blanco Roto ESTÁNDAR), 30 ml restaura el Color del Cuero en Coches, sofás, Ropa, Bolsos","Label":"Title","Locale":"es_ES"}},"Offers":{"Summaries":[{"Condition":{"Value":"New"},"LowestPrice":{"Amount":13.25,"Currency":"EUR","DisplayAmount":"13,25 €"}}]}},{"ASIN":"B0C18JG4T7","DetailPageURL":"https://www.amazon.es/dp/B0C18JG4T7?tag=topinalambricos-21&linkCode=osi&th=1&psc=1","Images":{"Primary":{"Small":{"Height":75,"URL":"https://m.media-amazon.com/images/I/31S+awdTWYL._SL75_.jpg","Width":75}}},"ItemInfo":{"ByLineInfo":{"Brand":{"DisplayValue":"TISHITA","Label":"Brand","Locale":"es_ES"},"Manufacturer":{"DisplayValue":"TISHITA","Label":"Manufacturer","Locale":"es_ES"}},"Title":{"DisplayValue":"TISHITA Restaurador de color de cuero Reparación de cuero Tinte de renovación multipropósito Crema de coloración de cuero para ropa Restauración, negro","Label":"Title","Locale":"es_ES"}},"Offers":{"Summaries":[{"Condition":{"Value":"New"},"LowestPrice":{"Amount":11.99,"Currency":"EUR","DisplayAmount":"11,99 €"}}]}},{"ASIN":"B019QMITSM","DetailPageURL":"https://www.amazon.es/dp/B019QMITSM?tag=topinalambricos-21&linkCode=osi&th=1&psc=1","Images":{"Primary":{"Small":{"Height":75,"URL":"https://m.media-amazon.com/images/I/51ns0b6BWmL._SL75_.jpg","Width":75}}},"ItemInfo":{"ByLineInfo":{"Brand":{"DisplayValue":"COLOURLOCK","Label":"Brand","Locale":"es_ES"}},"Title":{"DisplayValue":"COLOURLOCK Tinte reparador Cuero/Piel F034 (Negro), 30 ml restaura el Color del Cuero en Coches, sofás, Ropa, Bolsos","Label":"Title","Locale":"es_ES"}},"Offers":{"Summaries":[{"Condition":{"Value":"New"},"LowestPrice":{"Amount":13.25,"Currency":"EUR","DisplayAmount":"13,25 € (441,67 € / l)","PricePerUnit":441.67}}]}},{"ASIN":"B07W825NVD","DetailPageURL":"https://www.amazon.es/dp/B07W825NVD?tag=topinalambricos-21&linkCode=osi&th=1&psc=1","Images":{"Primary":{"Small":{"Height":75,"URL":"https://m.media-amazon.com/images/I/31g-n4IKOLS._SL75_.jpg","Width":75}}},"ItemInfo":{"ByLineInfo":{"Brand":{"DisplayValue":"Leather Assist","Label":"Brand","Locale":"es_ES"},"Manufacturer":{"DisplayValue":"Leather Assist","Label":"Manufacturer","Locale":"es_ES"}},"Title":{"DisplayValue":"Restaurador de tinte de cuero negro para ASTON MARTIN DB9 Vantage y DB9 Volante Cars desgastado descolorido interior reparación","Label":"Title","Locale":"es_ES"}},"Offers":{"Summaries":[{"Condition":{"Value":"New"},"LowestPrice":{"Amount":9.0,"Currency":"EUR","DisplayAmount":"9,00 €"}}]}}],"SearchURL":"https://www.amazon.es/s?k=tintes+cuero&rh=n%3A2424866031%2Cp_n_availability%3A-1&tag=topinalambricos-21&linkCode=osi","TotalResultCount":565}},"252":{"SearchResult":{"Items":[{"ASIN":"B07HB1RZBX","DetailPageURL":"https://www.amazon.es/dp/B07HB1RZBX?tag=topinalambricos-21&linkCode=osi&th=1&psc=1","Images":{"Primary":{"Small":{"Height":75,"URL":"https://m.media-amazon.com/images/I/31fkQVHYnBL._SL75_.jpg","Width":75}}},"ItemInfo":{"ByLineInfo":{"Brand":{"DisplayValue":"SOFOLK DEPUIS 1989","Label":"Brand","Locale":"es_ES"},"Manufacturer":{"DisplayValue":"SOFOLK","Label":"Manufacturer","Locale":"es_ES"}},"Title":{"DisplayValue":"Sofolk - Kit de retoque Pintura Cuero/Cuero de imitación - Tinte para Volante de Coche, Asiento de Coche, sofás, Zapatos, Chaquetas y Ropa - Cuero dañado, Rayado, arañado, Descolorido (01-Negro)","Label":"Title","Locale":"es_ES"}},"Offers":{"Summaries":[{"Condition":{"Value":"New"},"LowestPrice":{"Amount":17.99,"Currency":"EUR","DisplayAmount":"17,99 €"}}]}},{"ASIN":"B07BG3XZ3X","DetailPageURL":"https://www.amazon.es/dp/B07BG3XZ3X?tag=topinalambricos-21&linkCode=osi&th=1&psc=1","Images":{"Primary":{"Small":{"Height":60,"URL":"https://m.media-amazon.com/images/I/417wXj8-xAL._SL75_.jpg","Width":75}}},"ItemInfo":{"ByLineInfo":{"Brand":{"DisplayValue":"Foliatec","Label":"Brand","Locale":"es_ES"},"Manufacturer":{"DisplayValue":"Foliatec","Label":"Manufacturer","Locale":"es_ES"}},"Title":{"DisplayValue":"Foliatec 2402 Spray Color para Asiento y Cuero, negro","Label":"Title","Locale":"es_ES"}},"Offers":{"Summaries":[{"Condition":{"Value":"New"},"LowestPrice":{"Amount":18.95,"Currency":"EUR","DisplayAmount":"18,95 € (47,38 € / l)","PricePerUnit":47.38}}]}},{"ASIN":"B079P65B76","DetailPageURL":"https://www.amazon.es/dp/B079P65B76?tag=topinalambricos-21&linkCode=osi&th=1&psc=1","Images":{"Primary":{"Small":{"Height":75,"URL":"https://m.media-amazon.com/images/I/31t981pQmdL._SL75_.jpg","Width":75}}},"ItemInfo":{"ByLineInfo":{"Brand":{"DisplayValue":"SOFOLK DEPUIS 1989","Label":"Brand","Locale":"es_ES"},"Manufacturer":{"DisplayValue":"SOFOLK","Label":"Manufacturer","Locale":"es_ES"}},"Title":{"DisplayValue":"Sofolk - Pintura Cuero/Cuero de imitación - Recoloración para Cuero dañado, Rayado, arañado, Descolorido - Volante de Coche, Asiento de Coche, sofá, Zapatos, Chaquetas y Ropa - 125 ml - 01-Black","Label":"Title","Locale":"es_ES"}},"Offers":{"Summaries":[{"Condition":{"Value":"New"},"LowestPrice":{"Amount":24.99,"Currency":"EUR","DisplayAmount":"24,99 € (199,92 € / l)","PricePerUnit":199.92}}]}},{"ASIN":"B082Q1J1YL","DetailPageURL":"https://www.amazon.es/dp/B082Q1J1YL?tag=topinalambricos-21&linkCode=osi&th=1&psc=1","Images":{"Primary":{"Small":{"Height":75,"URL":"https://m.media-amazon.com/images/I/41BYkCXTyFL._SL75_.jpg","Width":75}}},"ItemInfo":{"ByLineInfo":{"Brand":{"DisplayValue":"SOFOLK DEPUIS 1989","Label":"Brand","Locale":"es_ES"},"Manufacturer":{"DisplayValue":"SOFOLK","Label":"Manufacturer","Locale":"es_ES"}},"Title":{"DisplayValue":"Sofolk - Pintura para cuero con barniz integrado - Recoloración de cuero dañado, rayado y descolorido: volante, asiento de coche, sofá, zapatos, chaqueta y ropa - Aerosol 400ml - 01-Black","Label":"Title","Locale":"es_ES"}},"Offers":{"Summaries":[{"Condition":{"Value":"New"},"LowestPrice":{"Amount":34.99,"Currency":"EUR","DisplayAmount":"34,99 €"}}]}},{"ASIN":"B07V2NHD8Q","DetailPageURL":"https://www.amazon.es/dp/B07V2NHD8Q?tag=topinalambricos-21&linkCode=osi&th=1&psc=1","Images":{"Primary":{"Small":{"Height":75,"URL":"https://m.media-amazon.com/images/I/31E28bIB+nL._SL75_.jpg","Width":75}}},"ItemInfo":{"ByLineInfo":{"Brand":{"DisplayValue":"Furniture Clinic","Label":"Brand","Locale":"es_ES"},"Manufacturer":{"DisplayValue":"Furniture Clinic","Label":"Manufacturer","Locale":"es_ES"}},"Title":{"DisplayValue":"Furniture Clinic Pintura y Tinte para Reparación de Cuero | Colorante Autosellante para una Reparación Rápida y Fácil del Cuero | Sofás, Asientos de Coche, Zapatos, Bolsos - Marrón Oscuro (BR07) 250ml","Label":"Title","Locale":"es_ES"}},"Offers":{"Summaries":[{"Condition":{"Value":"New"},"LowestPrice":{"Amount":22.5,"Currency":"EUR","DisplayAmount":"22,50 € (22.500,00 € / l)","PricePerUnit":22500.0}}]}},{"ASIN":"B0949LLPZK","DetailPageURL":"https://www.amazon.es/dp/B0949LLPZK?tag=topinalambricos-21&linkCode=osi&th=1&psc=1","Images":{"Primary":{"Small":{"Height":75,"URL":"https://m.media-amazon.com/images/I/31+uzqRyXML._SL75_.jpg","Width":75}}},"ItemInfo":{"ByLineInfo":{"Brand":{"DisplayValue":"SOFOLK DEPUIS 1989","Label":"Brand","Locale":"es_ES"},"Manufacturer":{"DisplayValue":"SOFOLK","Label":"Manufacturer","Locale":"es_ES"}},"Title":{"DisplayValue":"Sofolk - Pintura Cuero/Cuero de imitación - Recoloración para Cuero dañado, Rayado, arañado, Descolorido - Volante de Coche, Asiento de Coche, sofá, Zapatos, Chaquetas y Ropa - 125 ml - 02-Graphite","Label":"Title","Locale":"es_ES"}},"Offers":{"Summaries":[{"Condition":{"Value":"New"},"LowestPrice":{"Amount":24.99,"Currency":"EUR","DisplayAmount":"24,99 €"}}]}},{"ASIN":"B0773S77XH","DetailPageURL":"https://www.amazon.es/dp/B0773S77XH?tag=topinalambricos-21&linkCode=osi&th=1&psc=1","Images":{"Primary":{"Small":{"Height":75,"URL":"https://m.media-amazon.com/images/I/41Shq-IgkDL._SL75_.jpg","Width":75}}},"ItemInfo":{"ByLineInfo":{"Brand":{"DisplayValue":"SOFOLK DEPUIS 1989","Label":"Brand","Locale":"es_ES"},"Manufacturer":{"DisplayValue":"SOFOLK","Label":"Manufacturer","Locale":"es_ES"}},"Title":{"DisplayValue":"SOFOLK Kit de renovación de Cuero y Polipiel: reparación + Pintura + Barniz - Volante, Asiento de Coche, sillón, Zapatos (Negro 9005)","Label":"Title","Locale":"es_ES"}},"Offers":{"Summaries":[{"Condition":{"Value":"New"},"LowestPrice":{"Amount":37.99,"Currency":"EUR","DisplayAmount":"37,99 €"}}]}},{"ASIN":"B01ID1UHIW","DetailPageURL":"https://www.amazon.es/dp/B01ID1UHIW?tag=topinalambricos-21&linkCode=osi&th=1&psc=1","Images":{"Primary":{"Small":{"Height":75,"URL":"https://m.media-amazon.com/images/I/41ny1g6A-5L._SL75_.jpg","Width":75}}},"ItemInfo":{"ByLineInfo":{"Brand":{"DisplayValue":"1-2-3 REPAIR","Label":"Brand","Locale":"es_ES"},"Manufacturer":{"DisplayValue":"1-2-3 REPAIR","Label":"Manufacturer","Locale":"es_ES"}},"Title":{"DisplayValue":"1-2-3 REPAIR Color de cuero, sofá de cuero como nuevo, tinte de cuero, cuidado del cuero del coche, Beige, 57ml","Label":"Title","Locale":"es_ES"}},"Offers":{"Summaries":[{"Condition":{"Value":"New"},"LowestPrice":{"Amount":14.99,"Currency":"EUR","DisplayAmount":"14,99 €"}}]}},{"ASIN":"B08PTCTJRB","DetailPageURL":"https://www.amazon.es/dp/B08PTCTJRB?tag=topinalambricos-21&linkCode=osi&th=1&psc=1","Images":{"Primary":{"Small":{"Height":75,"URL":"https://m.media-amazon.com/images/I/419Z8ufgIKL._SL75_.jpg","Width":75}}},"ItemInfo":{"ByLineInfo":{"Brand":{"DisplayValue":"SRS TECHNOLOGY","Label":"Brand","Locale":"es_ES"},"Manufacturer":{"DisplayValue":"SRS technology","Label":"Manufacturer","Locale":"es_ES"}},"Title":{"DisplayValue":"SRS TECHNOLOGY Pintura de Cuero para BMW Dakota (100ml) Tinte Específicas para Pintar Superficies de Cuero Piel Polipiel Super Elástico (Dakota Beige)","Label":"Title","Locale":"es_ES"}},"Offers":{"Summaries":[{"Condition":{"Value":"New"},"LowestPrice":{"Amount":25.97,"Currency":"EUR","DisplayAmount":"25,97 €"}}]}},{"ASIN":"B08CSZKR57","DetailPageURL":"https://www.amazon.es/dp/B08CSZKR57?tag=topinalambricos-21&linkCode=osi&th=1&psc=1","Images":{"Primary":{"Small":{"Height":75,"URL":"https://m.media-amazon.com/images/I/41m9feq5dcL._SL75_.jpg","Width":75}}},"ItemInfo":{"ByLineInfo":{"Brand":{"DisplayValue":"Coconix","Label":"Brand","Locale":"es_ES"},"Manufacturer":{"DisplayValue":"Coconix","Label":"Manufacturer","Locale":"es_ES"}},"Title":{"DisplayValue":"Coconix Bálsamo para colorear de piel marrón oscuro – Recolor, Renovación, Reparación y Restauración Envejecido, Descolorido, agrietado, asientos de barco o coche, muebles 8 onzas","Label":"Title","Locale":"es_ES"}},"Offers":{"Summaries":[{"Condition":{"Value":"New"},"LowestPrice":{"Amount":24.14,"Currency":"EUR","DisplayAmount":"24,14 €"}}]}}],"SearchURL":"https://www.amazon.es/s?k=pinturas+cuero&rh=n%3A2424866031%2Cp_n_availability%3A-1&tag=topinalambricos-21&linkCode=osi","TotalResultCount":553}},"253":{"SearchResult":{"Items":[{"ASIN":"B07H3XJ5LW","DetailPageURL":"https://www.amazon.es/dp/B07H3XJ5LW?tag=topinalambricos-21&linkCode=osi&th=1&psc=1","Images":{"Primary":{"Small":{"Height":75,"URL":"https://m.media-amazon.com/images/I/31H2JubWkSS._SL75_.jpg","Width":75}}},"ItemInfo":{"ByLineInfo":{"Brand":{"DisplayValue":"Leather Assist","Label":"Brand","Locale":"es_ES"},"Manufacturer":{"DisplayValue":"Leather Assist","Label":"Manufacturer","Locale":"es_ES"}},"Title":{"DisplayValue":"Leather Assist Reparación de pegamento de cuero adhesivo extra fuerte profesional rasga cortes de cuero","Label":"Title","Locale":"es_ES"}},"Offers":{"Summaries":[{"Condition":{"Value":"New"},"LowestPrice":{"Amount":5.75,"Currency":"EUR","DisplayAmount":"5,75 €"}}]}},{"ASIN":"B08LYVD9GB","DetailPageURL":"https://www.amazon.es/dp/B08LYVD9GB?tag=topinalambricos-21&linkCode=osi&th=1&psc=1","Images":{"Primary":{"Small":{"Height":75,"URL":"https://m.media-amazon.com/images/I/41PkDnvE0tL._SL75_.jpg","Width":75}}},"ItemInfo":{"ByLineInfo":{"Brand":{"DisplayValue":"Furniture Clinic","Label":"Brand","Locale":"es_ES"},"Manufacturer":{"DisplayValue":"Furniture Clinic","Label":"Manufacturer","Locale":"es_ES"}},"Title":{"DisplayValue":"Furniture Clinic Leather Flexifil - Relleno extremadamente flexible utilizado para reparar arañazos, agujeros y grietas pesadas en sofás de cuero, asientos de coche (50 ml)","Label":"Title","Locale":"es_ES"}},"Offers":{"Summaries":[{"Condition":{"Value":"New"},"LowestPrice":{"Amount":15.95,"Currency":"EUR","DisplayAmount":"15,95 € (319,00 € / l)","PricePerUnit":319.0}}]}},{"ASIN":"B0C2CQ13Q3","DetailPageURL":"https://www.amazon.es/dp/B0C2CQ13Q3?tag=topinalambricos-21&linkCode=osi&th=1&psc=1","Images":{"Primary":{"Small":{"Height":75,"URL":"https://m.media-amazon.com/images/I/31hHwTbMZQL._SL75_.jpg","Width":75}}},"ItemInfo":{"ByLineInfo":{"Brand":{"DisplayValue":"Rolempon","Label":"Brand","Locale":"es_ES"},"Manufacturer":{"DisplayValue":"Rolempon","Label":"Manufacturer","Locale":"es_ES"}},"Title":{"DisplayValue":"Kit De Reparación De Cuero, Kit De Restauración De Cuero Para Automóvil Con Súper Adherencia, Relleno De Reparación De Cuero De Sofá Adhesivo Para Ayudar A Reparar Rasguños, Rasgaduras, Grietas, Aguje","Label":"Title","Locale":"es_ES"}},"Offers":{"Summaries":[{"Condition":{"Value":"New"},"LowestPrice":{"Amount":2.9,"Currency":"EUR","DisplayAmount":"2,90 €"}}]}},{"ASIN":"B089NJP7FB","DetailPageURL":"https://www.amazon.es/dp/B089NJP7FB?tag=topinalambricos-21&linkCode=osi&th=1&psc=1","Images":{"Primary":{"Small":{"Height":75,"URL":"https://m.media-amazon.com/images/I/31MdnzOzB2L._SL75_.jpg","Width":75}}},"ItemInfo":{"ByLineInfo":{"Brand":{"DisplayValue":"Leather Assist","Label":"Brand","Locale":"es_ES"},"Manufacturer":{"DisplayValue":"Leather Assist","Label":"Manufacturer","Locale":"es_ES"}},"Title":{"DisplayValue":"Pegamento de cuero adhesivo negro profesional cuero reparación pegamento","Label":"Title","Locale":"es_ES"}},"Offers":{"Summaries":[{"Condition":{"Value":"New"},"LowestPrice":{"Amount":5.56,"Currency":"EUR","DisplayAmount":"5,56 € (370,67 € / l)","PricePerUnit":370.67}}]}},{"ASIN":"B07JBDFLBG","DetailPageURL":"https://www.amazon.es/dp/B07JBDFLBG?tag=topinalambricos-21&linkCode=osi&th=1&psc=1","Images":{"Primary":{"Small":{"Height":75,"URL":"https://m.media-amazon.com/images/I/41v-Qko36iL._SL75_.jpg","Width":75}}},"ItemInfo":{"ByLineInfo":{"Brand":{"DisplayValue":"COLOURLOCK","Label":"Brand","Locale":"es_ES"},"Manufacturer":{"DisplayValue":"Lederzentrum GmbH","Label":"Manufacturer","Locale":"es_ES"}},"Title":{"DisplayValue":"COLOURLOCK Kit de reparación de grietas con pegamento de cuero sin disolventes de 20 g, tensor y 3 minipinceles para la reparación de agujeros y grietas en piel y piel sintética","Label":"Title","Locale":"es_ES"}},"Offers":{"Summaries":[{"Condition":{"Value":"New"},"LowestPrice":{"Amount":18.25,"Currency":"EUR","DisplayAmount":"18,25 €"}}]}},{"ASIN":"B0976H2VVV","DetailPageURL":"https://www.amazon.es/dp/B0976H2VVV?tag=topinalambricos-21&linkCode=osi&th=1&psc=1","Images":{"Primary":{"Small":{"Height":75,"URL":"https://m.media-amazon.com/images/I/31m44WosX5S._SL75_.jpg","Width":75}}},"ItemInfo":{"ByLineInfo":{"Brand":{"DisplayValue":"Leather Assist","Label":"Brand","Locale":"es_ES"},"Manufacturer":{"DisplayValue":"Leather Assist","Label":"Manufacturer","Locale":"es_ES"}},"Title":{"DisplayValue":"Kit de reparación de pegamento de cuero","Label":"Title","Locale":"es_ES"}},"Offers":{"Summaries":[{"Condition":{"Value":"New"},"LowestPrice":{"Amount":5.01,"Currency":"EUR","DisplayAmount":"5,01 €"}}]}},{"ASIN":"B0BYJLMGMY","DetailPageURL":"https://www.amazon.es/dp/B0BYJLMGMY?tag=topinalambricos-21&linkCode=osi&th=1&psc=1","Images":{"Primary":{"Small":{"Height":75,"URL":"https://m.media-amazon.com/images/I/31FAU9v58xL._SL75_.jpg","Width":75}}},"ItemInfo":{"ByLineInfo":{"Brand":{"DisplayValue":"Tumotsit","Label":"Brand","Locale":"es_ES"},"Manufacturer":{"DisplayValue":"Tumotsit","Label":"Manufacturer","Locale":"es_ES"}},"Title":{"DisplayValue":"Pegamento invisible para cuero extra fuerte, superadhesivo para zapatos, para cuero y caucho, restaurador de cuero para automóviles, adhesivo de reparación, líquido flexible, fijación rápida para sofá","Label":"Title","Locale":"es_ES"}},"Offers":{"Summaries":[{"Condition":{"Value":"New"},"LowestPrice":{"Amount":6.06,"Currency":"EUR","DisplayAmount":"6,06 € (202,00 € / l)","PricePerUnit":202.0}}]}},{"ASIN":"B0BN1P12SL","DetailPageURL":"https://www.amazon.es/dp/B0BN1P12SL?tag=topinalambricos-21&linkCode=osi&th=1&psc=1","Images":{"Primary":{"Small":{"Height":75,"URL":"https://m.media-amazon.com/images/I/31vEhu3YHJL._SL75_.jpg","Width":75}}},"ItemInfo":{"ByLineInfo":{"Brand":{"DisplayValue":"Youding","Label":"Brand","Locale":"es_ES"},"Manufacturer":{"DisplayValue":"Youding","Label":"Manufacturer","Locale":"es_ES"}},"Title":{"DisplayValue":"Youding Gel reparador de Cuero avanzado, Gel Fijador de Cuero, Restaurador de reparación de Vinilo y tapicería para Asientos de automóviles, fórmula líquida para Rellenar rayones Que repara desgarros","Label":"Title","Locale":"es_ES"}},"Offers":{"Summaries":[{"Condition":{"Value":"New"},"LowestPrice":{"Amount":3.3,"Currency":"EUR","DisplayAmount":"3,30 €"}}]}},{"ASIN":"B08Q3CRLL2","DetailPageURL":"https://www.amazon.es/dp/B08Q3CRLL2?tag=topinalambricos-21&linkCode=osi&th=1&psc=1","Images":{"Primary":{"Small":{"Height":75,"URL":"https://m.media-amazon.com/images/I/31QBCqnjcFL._SL75_.jpg","Width":75}}},"ItemInfo":{"ByLineInfo":{"Brand":{"DisplayValue":"Funcylande","Label":"Brand","Locale":"es_ES"},"Manufacturer":{"DisplayValue":"Funcylande","Label":"Manufacturer","Locale":"es_ES"}},"Title":{"DisplayValue":"Pegamento de reparación de cuero, adhesivo líquido pegajoso impermeable, adecuado para sofás, muebles, asientos de automóvil, bolsos de cuero, 30 ml / 50 ml","Label":"Title","Locale":"es_ES"}},"Offers":{"Summaries":[{"Condition":{"Value":"New"},"LowestPrice":{"Amount":8.99,"Currency":"EUR","DisplayAmount":"8,99 € (299,67 € / l)","PricePerUnit":299.67}}]}},{"ASIN":"B08C4TJXYG","DetailPageURL":"https://www.amazon.es/dp/B08C4TJXYG?tag=topinalambricos-21&linkCode=osi&th=1&psc=1","Images":{"Primary":{"Small":{"Height":75,"URL":"https://m.media-amazon.com/images/I/41Yx-Tdcp5L._SL75_.jpg","Width":75}}},"ItemInfo":{"ByLineInfo":{"Brand":{"DisplayValue":"Leather Assist","Label":"Brand","Locale":"es_ES"},"Manufacturer":{"DisplayValue":"Leather Assist","Label":"Manufacturer","Locale":"es_ES"}},"Title":{"DisplayValue":"Kit de reparación de cuero para asientos de coche interior | Relleno de pegamento y parche para MERCEDES BENZ S-CLASS SL SLK SLR SLS AMG","Label":"Title","Locale":"es_ES"}},"Offers":{"Summaries":[{"Condition":{"Value":"New"},"LowestPrice":{"Amount":11.04,"Currency":"EUR","DisplayAmount":"11,04 €"}}]}}],"SearchURL":"https://www.amazon.es/s?k=pegamento+cuero&rh=n%3A2424866031%2Cp_n_availability%3A-1&tag=topinalambricos-21&linkCode=osi","TotalResultCount":214}},"254":{"SearchResult":{"Items":[{"ASIN":"B07SL4WY1W","DetailPageURL":"https://www.amazon.es/dp/B07SL4WY1W?tag=topinalambricos-21&linkCode=osi&th=1&psc=1","Images":{"Primary":{"Small":{"Height":75,"URL":"https://m.media-amazon.com/images/I/4150jn7SysL._SL75_.jpg","Width":75}}},"ItemInfo":{"ByLineInfo":{"Brand":{"DisplayValue":"Maddox Detail","Label":"Brand","Locale":"es_ES"},"Manufacturer":{"DisplayValue":"Maddox Automoción SL","Label":"Manufacturer","Locale":"es_ES"}},"Title":{"DisplayValue":"Maddox Detail - Leather Detailer - Limpiador de Cuero y Piel. 500 ml. Limpia Tapicerias de Cuero y Piel de forma Rápido y sin Esfuerzo. Limpia Asientos Coche Cuero y Piel","Label":"Title","Locale":"es_ES"}},"Offers":{"Summaries":[{"Condition":{"Value":"New"},"LowestPrice":{"Amount":11.9,"Currency":"EUR","DisplayAmount":"11,90 € (23,80 € / l)","PricePerUnit":23.8}}]}},{"ASIN":"B07JWHH61W","DetailPageURL":"https://www.amazon.es/dp/B07JWHH61W?tag=topinalambricos-21&linkCode=osi&th=1&psc=1","Images":{"Primary":{"Small":{"Height":75,"URL":"https://m.media-amazon.com/images/I/51mbQkPkmeL._SL75_.jpg","Width":75}}},"ItemInfo":{"ByLineInfo":{"Brand":{"DisplayValue":"Maddox Detail","Label":"Brand","Locale":"es_ES"},"Manufacturer":{"DisplayValue":"Maddox Automoción","Label":"Manufacturer","Locale":"es_ES"}},"Title":{"DisplayValue":"Maddox Detail - Leather Care Kit - Limpiador y Acondicionador de Cuero y Piel. Incluye Microfibra Gratis. Kit Limpiador Tapiceria Coche. Limpia Tapicerias. Limpiador Tapiceria Coche.","Label":"Title","Locale":"es_ES"}},"Offers":{"Summaries":[{"Condition":{"Value":"New"},"LowestPrice":{"Amount":26.5,"Currency":"EUR","DisplayAmount":"26,50 € (26,50 € / l)","PricePerUnit":26.5}},{"Condition":{"Value":"Used"},"LowestPrice":{"Amount":24.74,"Currency":"EUR","DisplayAmount":"24,74 € (24,74 € / l)","PricePerUnit":24.74}}]}},{"ASIN":"B007VAKR5A","DetailPageURL":"https://www.amazon.es/dp/B007VAKR5A?tag=topinalambricos-21&linkCode=osi&th=1&psc=1","Images":{"Primary":{"Small":{"Height":75,"URL":"https://m.media-amazon.com/images/I/41J5JGWzKHL._SL75_.jpg","Width":75}}},"ItemInfo":{"ByLineInfo":{"Brand":{"DisplayValue":"Armor All","Label":"Brand","Locale":"es_ES"},"Manufacturer":{"DisplayValue":"Energizer Trading Ltd","Label":"Manufacturer","Locale":"es_ES"}},"Title":{"DisplayValue":"Armor All® - Toallitas para las tapicerías de piel para el cuidado de tu coche - Limpia, restaura y protege rápido en un paso - 20 unidades","Label":"Title","Locale":"es_ES"}},"Offers":{"Summaries":[{"Condition":{"Value":"New"},"LowestPrice":{"Amount":3.95,"Currency":"EUR","DisplayAmount":"3,95 € (0,20 € / unidad)","PricePerUnit":0.2}}]}},{"ASIN":"B0847T8RX5","DetailPageURL":"https://www.amazon.es/dp/B0847T8RX5?tag=topinalambricos-21&linkCode=osi&th=1&psc=1","Images":{"Primary":{"Small":{"Height":75,"URL":"https://m.media-amazon.com/images/I/51dZmbJLbML._SL75_.jpg","Width":75}}},"ItemInfo":{"ByLineInfo":{"Brand":{"DisplayValue":"Sisbrill","Label":"Brand","Locale":"es_ES"},"Manufacturer":{"DisplayValue":"Sislim","Label":"Manufacturer","Locale":"es_ES"}},"Title":{"DisplayValue":"Sisbrill 361 Todo Uso Coche - Limpiador Interior y Exterior del Vehículo - Tapicería, Salpicadero, Cuero, Mosquitos - 750 ml (Pack 3 Unidades 361)","Label":"Title","Locale":"es_ES"}},"Offers":{"Summaries":[{"Condition":{"Value":"New"},"LowestPrice":{"Amount":23.06,"Currency":"EUR","DisplayAmount":"23,06 € (30,75 € / l)","PricePerUnit":30.75}}]}},{"ASIN":"B00HU6N3LK","DetailPageURL":"https://www.amazon.es/dp/B00HU6N3LK?tag=topinalambricos-21&linkCode=osi&th=1&psc=1","Images":{"Primary":{"Small":{"Height":75,"URL":"https://m.media-amazon.com/images/I/31ENxP9tHXL._SL75_.jpg","Width":75}}},"ItemInfo":{"ByLineInfo":{"Brand":{"DisplayValue":"Leather Honey","Label":"Brand","Locale":"es_ES"},"Manufacturer":{"DisplayValue":"Leather Honey","Label":"Manufacturer","Locale":"es_ES"}},"Title":{"DisplayValue":"Leather Honey Limpiador de Cuero - Producto de Primera Calidad para Ropa de Vinilo y Cuero, Muebles, Interiores de Automóviles, Zapatos y Accesorios, Fórmula Concentrada, de 946 ml Cuando se Diluye","Label":"Title","Locale":"es_ES"}},"Offers":{"Summaries":[{"Condition":{"Value":"New"},"LowestPrice":{"Amount":18.99,"Currency":"EUR","DisplayAmount":"18,99 € (160,66 € / l)","PricePerUnit":160.66}}]}},{"ASIN":"B01M0E5OC6","DetailPageURL":"https://www.amazon.es/dp/B01M0E5OC6?tag=topinalambricos-21&linkCode=osi&th=1&psc=1","Images":{"Primary":{"Small":{"Height":75,"URL":"https://m.media-amazon.com/images/I/31jootTU+pL._SL75_.jpg","Width":75}}},"ItemInfo":{"ByLineInfo":{"Brand":{"DisplayValue":"QM Cleaner","Label":"Brand","Locale":"es_ES"},"Manufacturer":{"DisplayValue":"QMCLEANER","Label":"Manufacturer","Locale":"es_ES"}},"Title":{"DisplayValue":"QM Cleaner LEATHER | Limpiador para cuero, piel y polipiel - Ideal para sillones, tapicerías de vehículos y complementos (Bolsos, chaquetas...) - 500ml","Label":"Title","Locale":"es_ES"}},"Offers":{"Summaries":[{"Condition":{"Value":"New"},"LowestPrice":{"Amount":15.99,"Currency":"EUR","DisplayAmount":"15,99 €"}}]}},{"ASIN":"B0BHT8LCCP","DetailPageURL":"https://www.amazon.es/dp/B0BHT8LCCP?tag=topinalambricos-21&linkCode=osi&th=1&psc=1","Images":{"Primary":{"Small":{"Height":75,"URL":"https://m.media-amazon.com/images/I/31vFEUUo0OL._SL75_.jpg","Width":75}}},"ItemInfo":{"ByLineInfo":{"Brand":{"DisplayValue":"LAAV","Label":"Brand","Locale":"es_ES"},"Manufacturer":{"DisplayValue":"CSG Sp. z o.o.","Label":"Manufacturer","Locale":"es_ES"}},"Title":{"DisplayValue":"LAAV Limpiador Cuero Leather Cleaner (250 ml) I Elimina la Suciedad y Las Manchas, no Seca I Limpiador Tapiceria Coche I Producto de Limpieza Ecológico para Todos los Productos de Piel","Label":"Title","Locale":"es_ES"}},"Offers":{"Summaries":[{"Condition":{"Value":"New"},"LowestPrice":{"Amount":6.9,"Currency":"EUR","DisplayAmount":"6,90 € (27,60 € / l)","PricePerUnit":27.6}}]}},{"ASIN":"B00114T7QC","DetailPageURL":"https://www.amazon.es/dp/B00114T7QC?tag=topinalambricos-21&linkCode=osi&th=1&psc=1","Images":{"Primary":{"Small":{"Height":75,"URL":"https://m.media-amazon.com/images/I/31lMr+l4rfL._SL75_.jpg","Width":31}}},"ItemInfo":{"ByLineInfo":{"Brand":{"DisplayValue":"Autoglym","Label":"Brand","Locale":"es_ES"},"Manufacturer":{"DisplayValue":"Autoglym","Label":"Manufacturer","Locale":"es_ES"}},"Title":{"DisplayValue":"Best Price Square Leather Cleaner 500ML LC500 by Auto GLYM","Label":"Title","Locale":"es_ES"}},"Offers":{"Summaries":[{"Condition":{"Value":"New"},"LowestPrice":{"Amount":13.0,"Currency":"EUR","DisplayAmount":"13,00 € (26,00 € / l)","PricePerUnit":26.0}}]}},{"ASIN":"B0BWNW44R6","DetailPageURL":"https://www.amazon.es/dp/B0BWNW44R6?tag=topinalambricos-21&linkCode=osi&th=1&psc=1","Images":{"Primary":{"Small":{"Height":75,"URL":"https://m.media-amazon.com/images/I/41cKkkVm8EL._SL75_.jpg","Width":58}}},"ItemInfo":{"ByLineInfo":{"Brand":{"DisplayValue":"HOLKOM","Label":"Brand","Locale":"es_ES"},"Manufacturer":{"DisplayValue":"HOLKOM","Label":"Manufacturer","Locale":"es_ES"}},"Title":{"DisplayValue":"HOLKOM - Kit Limpia Tapicerias Coche Profesional para Asientos de Piel y Cuero con Cepillo | Limpiador Tapiceria Coche | Limpiador Cuero Coche | Limpieza Coche Interior | Leather Detailer | 500ml","Label":"Title","Locale":"es_ES"}},"Offers":{"Summaries":[{"Condition":{"Value":"New"},"LowestPrice":{"Amount":14.95,"Currency":"EUR","DisplayAmount":"14,95 €"}}]}},{"ASIN":"B08ZNDGMN7","DetailPageURL":"https://www.amazon.es/dp/B08ZNDGMN7?tag=topinalambricos-21&linkCode=osi&th=1&psc=1","Images":{"Primary":{"Small":{"Height":75,"URL":"https://m.media-amazon.com/images/I/31w7c3blrdL._SL75_.jpg","Width":75}}},"ItemInfo":{"ByLineInfo":{"Brand":{"DisplayValue":"LTr","Label":"Brand","Locale":"es_ES"},"Manufacturer":{"DisplayValue":"Vivere GmbH","Label":"Manufacturer","Locale":"es_ES"}},"Title":{"DisplayValue":"LeatherRanch Spray Limpiador Cuero Coche, Bolsos, Zapatos, Chaquetas, 500ml - Limpiador Cuero Sofas, Elmina la Suciedad y Previene la Decoloración - Limpia Tapicerias Coche, Volante y Asientos Cuero","Label":"Title","Locale":"es_ES"}},"Offers":{"Summaries":[{"Condition":{"Value":"New"},"LowestPrice":{"Amount":15.99,"Currency":"EUR","DisplayAmount":"15,99 €"}}]}}],"SearchURL":"https://www.amazon.es/s?k=limpiar+cuero&rh=n%3A2424866031%2Cp_n_availability%3A-1&tag=topinalambricos-21&linkCode=osi","TotalResultCount":858}},"255":{"SearchResult":{"Items":[{"ASIN":"B07SL4WY1W","DetailPageURL":"https://www.amazon.es/dp/B07SL4WY1W?tag=topinalambricos-21&linkCode=osi&th=1&psc=1","Images":{"Primary":{"Small":{"Height":75,"URL":"https://m.media-amazon.com/images/I/4150jn7SysL._SL75_.jpg","Width":75}}},"ItemInfo":{"ByLineInfo":{"Brand":{"DisplayValue":"Maddox Detail","Label":"Brand","Locale":"es_ES"},"Manufacturer":{"DisplayValue":"Maddox Automoción SL","Label":"Manufacturer","Locale":"es_ES"}},"Title":{"DisplayValue":"Maddox Detail - Leather Detailer - Limpiador de Cuero y Piel. 500 ml. Limpia Tapicerias de Cuero y Piel de forma Rápido y sin Esfuerzo. Limpia Asientos Coche Cuero y Piel","Label":"Title","Locale":"es_ES"}},"Offers":{"Summaries":[{"Condition":{"Value":"New"},"LowestPrice":{"Amount":11.9,"Currency":"EUR","DisplayAmount":"11,90 € (23,80 € / l)","PricePerUnit":23.8}}]}},{"ASIN":"B07JWHH61W","DetailPageURL":"https://www.amazon.es/dp/B07JWHH61W?tag=topinalambricos-21&linkCode=osi&th=1&psc=1","Images":{"Primary":{"Small":{"Height":75,"URL":"https://m.media-amazon.com/images/I/51mbQkPkmeL._SL75_.jpg","Width":75}}},"ItemInfo":{"ByLineInfo":{"Brand":{"DisplayValue":"Maddox Detail","Label":"Brand","Locale":"es_ES"},"Manufacturer":{"DisplayValue":"Maddox Automoción","Label":"Manufacturer","Locale":"es_ES"}},"Title":{"DisplayValue":"Maddox Detail - Leather Care Kit - Limpiador y Acondicionador de Cuero y Piel. Incluye Microfibra Gratis. Kit Limpiador Tapiceria Coche. Limpia Tapicerias. Limpiador Tapiceria Coche.","Label":"Title","Locale":"es_ES"}},"Offers":{"Summaries":[{"Condition":{"Value":"Used"},"LowestPrice":{"Amount":24.74,"Currency":"EUR","DisplayAmount":"24,74 € (24,74 € / l)","PricePerUnit":24.74}},{"Condition":{"Value":"New"},"LowestPrice":{"Amount":26.5,"Currency":"EUR","DisplayAmount":"26,50 € (26,50 € / l)","PricePerUnit":26.5}}]}},{"ASIN":"B08SVVB4QP","DetailPageURL":"https://www.amazon.es/dp/B08SVVB4QP?tag=topinalambricos-21&linkCode=osi&th=1&psc=1","Images":{"Primary":{"Small":{"Height":75,"URL":"https://m.media-amazon.com/images/I/51PpBMaMb9S._SL75_.jpg","Width":75}}},"ItemInfo":{"ByLineInfo":{"Brand":{"DisplayValue":"Macari","Label":"Brand","Locale":"es_ES"},"Manufacturer":{"DisplayValue":"Veddelholzer","Label":"Manufacturer","Locale":"es_ES"}},"Title":{"DisplayValue":"Macari Set de Mantenimiento de Cuero Zapatos sofá y Coche. Limpiador Cuero Coche y Grasa/Crema para Cuero como Accesorios para de Limpieza de Zapatos, Sets de Reparaciones de Cuero Limpiador Cuero","Label":"Title","Locale":"es_ES"}},"Offers":{"Summaries":[{"Condition":{"Value":"New"},"LowestPrice":{"Amount":32.95,"Currency":"EUR","DisplayAmount":"32,95 €"}}]}},{"ASIN":"B01MSYLF07","DetailPageURL":"https://www.amazon.es/dp/B01MSYLF07?tag=topinalambricos-21&linkCode=osi&th=1&psc=1","Images":{"Primary":{"Small":{"Height":75,"URL":"https://m.media-amazon.com/images/I/41MqHvtU8nL._SL75_.jpg","Width":75}}},"ItemInfo":{"ByLineInfo":{"Brand":{"DisplayValue":"Autoglym","Label":"Brand","Locale":"es_ES"}},"Title":{"DisplayValue":"Autoglym Bálsamo para el Cuidado del Cuero + Autoglym Limpiador de Cuero","Label":"Title","Locale":"es_ES"}},"Offers":{"Summaries":[{"Condition":{"Value":"New"},"LowestPrice":{"Amount":29.0,"Currency":"EUR","DisplayAmount":"29,00 € (29,00 € / l)","PricePerUnit":29.0}}]}},{"ASIN":"B001045ETC","DetailPageURL":"https://www.amazon.es/dp/B001045ETC?tag=topinalambricos-21&linkCode=osi&th=1&psc=1","Images":{"Primary":{"Small":{"Height":75,"URL":"https://m.media-amazon.com/images/I/41a7OCF-eoL._SL75_.jpg","Width":75}}},"ItemInfo":{"ByLineInfo":{"Brand":{"DisplayValue":"SONAX","Label":"Brand","Locale":"es_ES"},"Manufacturer":{"DisplayValue":"SONAX","Label":"Manufacturer","Locale":"es_ES"}},"Title":{"DisplayValue":"Sonax 04123000 - Toallitas limpiadoras para cuero","Label":"Title","Locale":"es_ES"}},"Offers":{"Summaries":[{"Condition":{"Value":"New"},"LowestPrice":{"Amount":9.37,"Currency":"EUR","DisplayAmount":"9,37 € (0,37 € / unidad)","PricePerUnit":0.37}}]}},{"ASIN":"B00HU6N3LK","DetailPageURL":"https://www.amazon.es/dp/B00HU6N3LK?tag=topinalambricos-21&linkCode=osi&th=1&psc=1","Images":{"Primary":{"Small":{"Height":75,"URL":"https://m.media-amazon.com/images/I/31ENxP9tHXL._SL75_.jpg","Width":75}}},"ItemInfo":{"ByLineInfo":{"Brand":{"DisplayValue":"Leather Honey","Label":"Brand","Locale":"es_ES"},"Manufacturer":{"DisplayValue":"Leather Honey","Label":"Manufacturer","Locale":"es_ES"}},"Title":{"DisplayValue":"Leather Honey Limpiador de Cuero - Producto de Primera Calidad para Ropa de Vinilo y Cuero, Muebles, Interiores de Automóviles, Zapatos y Accesorios, Fórmula Concentrada, de 946 ml Cuando se Diluye","Label":"Title","Locale":"es_ES"}},"Offers":{"Summaries":[{"Condition":{"Value":"New"},"LowestPrice":{"Amount":18.99,"Currency":"EUR","DisplayAmount":"18,99 € (160,66 € / l)","PricePerUnit":160.66}}]}},{"ASIN":"B0BWNW44R6","DetailPageURL":"https://www.amazon.es/dp/B0BWNW44R6?tag=topinalambricos-21&linkCode=osi&th=1&psc=1","Images":{"Primary":{"Small":{"Height":75,"URL":"https://m.media-amazon.com/images/I/41cKkkVm8EL._SL75_.jpg","Width":58}}},"ItemInfo":{"ByLineInfo":{"Brand":{"DisplayValue":"HOLKOM","Label":"Brand","Locale":"es_ES"},"Manufacturer":{"DisplayValue":"HOLKOM","Label":"Manufacturer","Locale":"es_ES"}},"Title":{"DisplayValue":"HOLKOM - Kit Limpia Tapicerias Coche Profesional para Asientos de Piel y Cuero con Cepillo | Limpiador Tapiceria Coche | Limpiador Cuero Coche | Limpieza Coche Interior | Leather Detailer | 500ml","Label":"Title","Locale":"es_ES"}},"Offers":{"Summaries":[{"Condition":{"Value":"New"},"LowestPrice":{"Amount":14.95,"Currency":"EUR","DisplayAmount":"14,95 €"}}]}},{"ASIN":"B0BHT8LCCP","DetailPageURL":"https://www.amazon.es/dp/B0BHT8LCCP?tag=topinalambricos-21&linkCode=osi&th=1&psc=1","Images":{"Primary":{"Small":{"Height":75,"URL":"https://m.media-amazon.com/images/I/31vFEUUo0OL._SL75_.jpg","Width":75}}},"ItemInfo":{"ByLineInfo":{"Brand":{"DisplayValue":"LAAV","Label":"Brand","Locale":"es_ES"},"Manufacturer":{"DisplayValue":"CSG Sp. z o.o.","Label":"Manufacturer","Locale":"es_ES"}},"Title":{"DisplayValue":"LAAV Limpiador Cuero Leather Cleaner (250 ml) I Elimina la Suciedad y Las Manchas, no Seca I Limpiador Tapiceria Coche I Producto de Limpieza Ecológico para Todos los Productos de Piel","Label":"Title","Locale":"es_ES"}},"Offers":{"Summaries":[{"Condition":{"Value":"New"},"LowestPrice":{"Amount":6.9,"Currency":"EUR","DisplayAmount":"6,90 € (27,60 € / l)","PricePerUnit":27.6}}]}},{"ASIN":"B077MCG1DX","DetailPageURL":"https://www.amazon.es/dp/B077MCG1DX?tag=topinalambricos-21&linkCode=osi&th=1&psc=1","Images":{"Primary":{"Small":{"Height":75,"URL":"https://m.media-amazon.com/images/I/31Cc43pX59L._SL75_.jpg","Width":75}}},"ItemInfo":{"ByLineInfo":{"Brand":{"DisplayValue":"SOFOLK DEPUIS 1989","Label":"Brand","Locale":"es_ES"},"Manufacturer":{"DisplayValue":"SOFOLK","Label":"Manufacturer","Locale":"es_ES"}},"Title":{"DisplayValue":"Sofolk - Limpiador, quitamanchas, desengrasante para Cuero - Mantenimiento del Cuero - Spray Limpiador del Cuero Inodoro e incoloro - 750 ml","Label":"Title","Locale":"es_ES"}},"Offers":{"Summaries":[{"Condition":{"Value":"New"},"LowestPrice":{"Amount":17.99,"Currency":"EUR","DisplayAmount":"17,99 €"}}]}},{"ASIN":"B0BHWYSF52","DetailPageURL":"https://www.amazon.es/dp/B0BHWYSF52?tag=topinalambricos-21&linkCode=osi&th=1&psc=1","Images":{"Primary":{"Small":{"Height":75,"URL":"https://m.media-amazon.com/images/I/31BNm1-5bOL._SL75_.jpg","Width":75}}},"ItemInfo":{"ByLineInfo":{"Brand":{"DisplayValue":"LAAV","Label":"Brand","Locale":"es_ES"},"Manufacturer":{"DisplayValue":"CSG Sp. z o.o.","Label":"Manufacturer","Locale":"es_ES"}},"Title":{"DisplayValue":"LAAV Limpiador Tapiceria Coche Fabric & Leather Cleaner (250 ml) I Limpia Tapicerias Coche I Limpiador de Tapiceria I Limpiador para Tapicería de Cuero, Tejido y Cuero Sintético I PFC-Free","Label":"Title","Locale":"es_ES"}},"Offers":{"Summaries":[{"Condition":{"Value":"New"},"LowestPrice":{"Amount":6.9,"Currency":"EUR","DisplayAmount":"6,90 €"}}]}}],"SearchURL":"https://www.amazon.es/s?k=limpiadores+cuero&rh=n%3A2424866031%2Cp_n_availability%3A-1&tag=topinalambricos-21&linkCode=osi","TotalResultCount":1000}},"256":{"SearchResult":{"Items":[{"ASIN":"B077MCG1DX","DetailPageURL":"https://www.amazon.es/dp/B077MCG1DX?tag=topinalambricos-21&linkCode=osi&th=1&psc=1","Images":{"Primary":{"Small":{"Height":75,"URL":"https://m.media-amazon.com/images/I/31Cc43pX59L._SL75_.jpg","Width":75}}},"ItemInfo":{"ByLineInfo":{"Brand":{"DisplayValue":"SOFOLK DEPUIS 1989","Label":"Brand","Locale":"es_ES"},"Manufacturer":{"DisplayValue":"SOFOLK","Label":"Manufacturer","Locale":"es_ES"}},"Title":{"DisplayValue":"Sofolk - Limpiador, quitamanchas, desengrasante para Cuero - Mantenimiento del Cuero - Spray Limpiador del Cuero Inodoro e incoloro - 750 ml","Label":"Title","Locale":"es_ES"}},"Offers":{"Summaries":[{"Condition":{"Value":"New"},"LowestPrice":{"Amount":17.99,"Currency":"EUR","DisplayAmount":"17,99 €"}}]}},{"ASIN":"B00CHJJJSG","DetailPageURL":"https://www.amazon.es/dp/B00CHJJJSG?tag=topinalambricos-21&linkCode=osi&th=1&psc=1","Images":{"Primary":{"Small":{"Height":75,"URL":"https://m.media-amazon.com/images/I/51VPq+IgwDL._SL75_.jpg","Width":75}}},"ItemInfo":{"ByLineInfo":{"Brand":{"DisplayValue":"Furniture Clinic","Label":"Brand","Locale":"es_ES"}},"Title":{"DisplayValue":"Pequeño kit Completo para el Cuidado del Cuero para Sofás, Coches, Muebles | Incluye un Limpiador de Cuero de 250ml, Acondicionador de Cuero de 250ml / Crema de Protección, Paño y Esponja","Label":"Title","Locale":"es_ES"}},"Offers":{"Summaries":[{"Condition":{"Value":"New"},"LowestPrice":{"Amount":28.95,"Currency":"EUR","DisplayAmount":"28,95 €"}}]}},{"ASIN":"B08T1F9HHY","DetailPageURL":"https://www.amazon.es/dp/B08T1F9HHY?tag=topinalambricos-21&linkCode=osi&th=1&psc=1","Images":{"Primary":{"Small":{"Height":75,"URL":"https://m.media-amazon.com/images/I/41Y80ZyBfGL._SL75_.jpg","Width":75}}},"ItemInfo":{"ByLineInfo":{"Brand":{"DisplayValue":"Runsmooth","Label":"Brand","Locale":"es_ES"},"Manufacturer":{"DisplayValue":"Runsmooth","Label":"Manufacturer","Locale":"es_ES"}},"Title":{"DisplayValue":"Runsmooth Kit de reparación de Cuero Blanco y Vinilo de 2 Piezas, Crema de reparación de arañazos de Cuero para Muebles, sofá, Asientos de Coche, sofá, Chaqueta, Zapatos, Bolsas","Label":"Title","Locale":"es_ES"}},"Offers":{"Summaries":[{"Condition":{"Value":"New"},"LowestPrice":{"Amount":8.49,"Currency":"EUR","DisplayAmount":"8,49 €"}}]}},{"ASIN":"B07H2JD1CK","DetailPageURL":"https://www.amazon.es/dp/B07H2JD1CK?tag=topinalambricos-21&linkCode=osi&th=1&psc=1","Images":{"Primary":{"Small":{"Height":62,"URL":"https://m.media-amazon.com/images/I/41M+Mg3YNfL._SL75_.jpg","Width":75}}},"ItemInfo":{"ByLineInfo":{"Brand":{"DisplayValue":"Green Hero","Label":"Brand","Locale":"es_ES"},"Manufacturer":{"DisplayValue":"Futura GmbH","Label":"Manufacturer","Locale":"es_ES"}},"Title":{"DisplayValue":"Green Hero Jabón de cuero 500 ml de limpiador de piel, incluye esponja de limpieza para piel lisa, limpiador de piel, jabón eficaz para sillín de cuero, práctico jabón para sillín con esponja","Label":"Title","Locale":"es_ES"}},"Offers":{"Summaries":[{"Condition":{"Value":"New"},"LowestPrice":{"Amount":24.53,"Currency":"EUR","DisplayAmount":"24,53 € (49,06 € / l)","PricePerUnit":49.06}}]}},{"ASIN":"B00C42M54G","DetailPageURL":"https://www.amazon.es/dp/B00C42M54G?tag=topinalambricos-21&linkCode=osi&th=1&psc=1","Images":{"Primary":{"Small":{"Height":75,"URL":"https://m.media-amazon.com/images/I/31noQ-SUP9L._SL75_.jpg","Width":75}}},"ItemInfo":{"ByLineInfo":{"Brand":{"DisplayValue":"Furniture Clinic","Label":"Brand","Locale":"es_ES"},"Manufacturer":{"DisplayValue":"GroceryCentre","Label":"Manufacturer","Locale":"es_ES"}},"Title":{"DisplayValue":"Furniture Clinic Limpiador de Cuero - Limpiador de Cuero Multiuso, Limpiador de Interiores de Coches y Limpiador de Cuero para Muebles, Sofás, Zapatos, Botas, Bolsos, Carteras (500ml)","Label":"Title","Locale":"es_ES"}},"Offers":{"Summaries":[{"Condition":{"Value":"New"},"LowestPrice":{"Amount":24.5,"Currency":"EUR","DisplayAmount":"24,50 €"}}]}},{"ASIN":"B07SL4WY1W","DetailPageURL":"https://www.amazon.es/dp/B07SL4WY1W?tag=topinalambricos-21&linkCode=osi&th=1&psc=1","Images":{"Primary":{"Small":{"Height":75,"URL":"https://m.media-amazon.com/images/I/4150jn7SysL._SL75_.jpg","Width":75}}},"ItemInfo":{"ByLineInfo":{"Brand":{"DisplayValue":"Maddox Detail","Label":"Brand","Locale":"es_ES"},"Manufacturer":{"DisplayValue":"Maddox Automoción SL","Label":"Manufacturer","Locale":"es_ES"}},"Title":{"DisplayValue":"Maddox Detail - Leather Detailer - Limpiador de Cuero y Piel. 500 ml. Limpia Tapicerias de Cuero y Piel de forma Rápido y sin Esfuerzo. Limpia Asientos Coche Cuero y Piel","Label":"Title","Locale":"es_ES"}},"Offers":{"Summaries":[{"Condition":{"Value":"New"},"LowestPrice":{"Amount":11.9,"Currency":"EUR","DisplayAmount":"11,90 € (23,80 € / l)","PricePerUnit":23.8}}]}},{"ASIN":"B01M0E5OC6","DetailPageURL":"https://www.amazon.es/dp/B01M0E5OC6?tag=topinalambricos-21&linkCode=osi&th=1&psc=1","Images":{"Primary":{"Small":{"Height":75,"URL":"https://m.media-amazon.com/images/I/31jootTU+pL._SL75_.jpg","Width":75}}},"ItemInfo":{"ByLineInfo":{"Brand":{"DisplayValue":"QM Cleaner","Label":"Brand","Locale":"es_ES"},"Manufacturer":{"DisplayValue":"QMCLEANER","Label":"Manufacturer","Locale":"es_ES"}},"Title":{"DisplayValue":"QM Cleaner LEATHER | Limpiador para cuero, piel y polipiel - Ideal para sillones, tapicerías de vehículos y complementos (Bolsos, chaquetas...) - 500ml","Label":"Title","Locale":"es_ES"}},"Offers":{"Summaries":[{"Condition":{"Value":"New"},"LowestPrice":{"Amount":15.99,"Currency":"EUR","DisplayAmount":"15,99 €"}}]}},{"ASIN":"B073H3RH1P","DetailPageURL":"https://www.amazon.es/dp/B073H3RH1P?tag=topinalambricos-21&linkCode=osi&th=1&psc=1","Images":{"Primary":{"Small":{"Height":75,"URL":"https://m.media-amazon.com/images/I/31BodmURqVL._SL75_.jpg","Width":75}}},"ItemInfo":{"ByLineInfo":{"Brand":{"DisplayValue":"HG","Label":"Brand","Locale":"es_ES"},"Manufacturer":{"DisplayValue":"Hg","Label":"Manufacturer","Locale":"es_ES"}},"Title":{"DisplayValue":"HG Limpiador profundo cuero y piel 250 ml - Limpia los poros en profundidad – Seguro y suave – a base de agua","Label":"Title","Locale":"es_ES"}},"Offers":{"Summaries":[{"Condition":{"Value":"New"},"LowestPrice":{"Amount":9.44,"Currency":"EUR","DisplayAmount":"9,44 € (37,76 € / l)","PricePerUnit":37.76}}]}},{"ASIN":"B0BG44FT9V","DetailPageURL":"https://www.amazon.es/dp/B0BG44FT9V?tag=topinalambricos-21&linkCode=osi&th=1&psc=1","Images":{"Primary":{"Small":{"Height":75,"URL":"https://m.media-amazon.com/images/I/41p4ITTyH2L._SL75_.jpg","Width":75}}},"ItemInfo":{"ByLineInfo":{"Brand":{"DisplayValue":"HASAIKA","Label":"Brand","Locale":"es_ES"},"Manufacturer":{"DisplayValue":"HASAIKA","Label":"Manufacturer","Locale":"es_ES"}},"Title":{"DisplayValue":"HASAIKA Crema De Reparación De Cuero, Kits de reparación de Cuero mezclables para sofá, Chaqueta de Cuero, Asiento de automóvil, Zapatos, Abrigos, 5 Colores","Label":"Title","Locale":"es_ES"}},"Offers":{"Summaries":[{"Condition":{"Value":"New"},"LowestPrice":{"Amount":9.14,"Currency":"EUR","DisplayAmount":"9,14 €"}}]}},{"ASIN":"B00HU6N3LK","DetailPageURL":"https://www.amazon.es/dp/B00HU6N3LK?tag=topinalambricos-21&linkCode=osi&th=1&psc=1","Images":{"Primary":{"Small":{"Height":75,"URL":"https://m.media-amazon.com/images/I/31ENxP9tHXL._SL75_.jpg","Width":75}}},"ItemInfo":{"ByLineInfo":{"Brand":{"DisplayValue":"Leather Honey","Label":"Brand","Locale":"es_ES"},"Manufacturer":{"DisplayValue":"Leather Honey","Label":"Manufacturer","Locale":"es_ES"}},"Title":{"DisplayValue":"Leather Honey Limpiador de Cuero - Producto de Primera Calidad para Ropa de Vinilo y Cuero, Muebles, Interiores de Automóviles, Zapatos y Accesorios, Fórmula Concentrada, de 946 ml Cuando se Diluye","Label":"Title","Locale":"es_ES"}},"Offers":{"Summaries":[{"Condition":{"Value":"New"},"LowestPrice":{"Amount":18.99,"Currency":"EUR","DisplayAmount":"18,99 € (160,66 € / l)","PricePerUnit":160.66}}]}}],"SearchURL":"https://www.amazon.es/s?k=limpiar+cuero+blanco&rh=n%3A2424866031%2Cp_n_availability%3A-1&tag=topinalambricos-21&linkCode=osi","TotalResultCount":60}},"257":{"SearchResult":{"Items":[{"ASIN":"B074KKZVMF","DetailPageURL":"https://www.amazon.es/dp/B074KKZVMF?tag=topinalambricos-21&linkCode=osi&th=1&psc=1","Images":{"Primary":{"Small":{"Height":75,"URL":"https://m.media-amazon.com/images/I/410nKkuP99L._SL75_.jpg","Width":75}}},"ItemInfo":{"ByLineInfo":{"Brand":{"DisplayValue":"Maddox Detail","Label":"Brand","Locale":"es_ES"},"Manufacturer":{"DisplayValue":"Maddox Automocion Sl","Label":"Manufacturer","Locale":"es_ES"}},"Title":{"DisplayValue":"Maddox Detail - Leather Conditioner - Acondicionador de Cuero y Piel, Hidratante de Cuero. Interior del Coche Nuevo. Producto Profesional, 500 ml. Limpiador Tapiceria Coche.","Label":"Title","Locale":"es_ES"}},"Offers":{"Summaries":[{"Condition":{"Value":"New"},"LowestPrice":{"Amount":14.9,"Currency":"EUR","DisplayAmount":"14,90 € (29,80 € / l)","PricePerUnit":29.8}}]}},{"ASIN":"B07SL4WY1W","DetailPageURL":"https://www.amazon.es/dp/B07SL4WY1W?tag=topinalambricos-21&linkCode=osi&th=1&psc=1","Images":{"Primary":{"Small":{"Height":75,"URL":"https://m.media-amazon.com/images/I/4150jn7SysL._SL75_.jpg","Width":75}}},"ItemInfo":{"ByLineInfo":{"Brand":{"DisplayValue":"Maddox Detail","Label":"Brand","Locale":"es_ES"},"Manufacturer":{"DisplayValue":"Maddox Automoción SL","Label":"Manufacturer","Locale":"es_ES"}},"Title":{"DisplayValue":"Maddox Detail - Leather Detailer - Limpiador de Cuero y Piel. 500 ml. Limpia Tapicerias de Cuero y Piel de forma Rápido y sin Esfuerzo. Limpia Asientos Coche Cuero y Piel","Label":"Title","Locale":"es_ES"}},"Offers":{"Summaries":[{"Condition":{"Value":"New"},"LowestPrice":{"Amount":11.9,"Currency":"EUR","DisplayAmount":"11,90 € (23,80 € / l)","PricePerUnit":23.8}}]}},{"ASIN":"B07JWHH61W","DetailPageURL":"https://www.amazon.es/dp/B07JWHH61W?tag=topinalambricos-21&linkCode=osi&th=1&psc=1","Images":{"Primary":{"Small":{"Height":75,"URL":"https://m.media-amazon.com/images/I/51mbQkPkmeL._SL75_.jpg","Width":75}}},"ItemInfo":{"ByLineInfo":{"Brand":{"DisplayValue":"Maddox Detail","Label":"Brand","Locale":"es_ES"},"Manufacturer":{"DisplayValue":"Maddox Automoción","Label":"Manufacturer","Locale":"es_ES"}},"Title":{"DisplayValue":"Maddox Detail - Leather Care Kit - Limpiador y Acondicionador de Cuero y Piel. Incluye Microfibra Gratis. Kit Limpiador Tapiceria Coche. Limpia Tapicerias. Limpiador Tapiceria Coche.","Label":"Title","Locale":"es_ES"}},"Offers":{"Summaries":[{"Condition":{"Value":"Used"},"LowestPrice":{"Amount":24.74,"Currency":"EUR","DisplayAmount":"24,74 € (24,74 € / l)","PricePerUnit":24.74}},{"Condition":{"Value":"New"},"LowestPrice":{"Amount":26.5,"Currency":"EUR","DisplayAmount":"26,50 € (26,50 € / l)","PricePerUnit":26.5}}]}},{"ASIN":"B00CMQY05G","DetailPageURL":"https://www.amazon.es/dp/B00CMQY05G?tag=topinalambricos-21&linkCode=osi&th=1&psc=1","Images":{"Primary":{"Small":{"Height":75,"URL":"https://m.media-amazon.com/images/I/4108XdLEKIL._SL75_.jpg","Width":49}}},"ItemInfo":{"ByLineInfo":{"Brand":{"DisplayValue":"Armor All","Label":"Brand","Locale":"es_ES"},"Manufacturer":{"DisplayValue":"Armored Auto UK","Label":"Manufacturer","Locale":"es_ES"}},"Title":{"DisplayValue":"Armor All® - Cuidado de la piel cuero de la tapicería de tu coche, hidrata y conserva - Limpia, acondiciona y ayuda a restaurar su aspecto original y natural - 530 ml","Label":"Title","Locale":"es_ES"}},"Offers":{"Summaries":[{"Condition":{"Value":"New"},"LowestPrice":{"Amount":10.95,"Currency":"EUR","DisplayAmount":"10,95 € (20,66 € / l)","PricePerUnit":20.66}}]}},{"ASIN":"B0BWNW44R6","DetailPageURL":"https://www.amazon.es/dp/B0BWNW44R6?tag=topinalambricos-21&linkCode=osi&th=1&psc=1","Images":{"Primary":{"Small":{"Height":75,"URL":"https://m.media-amazon.com/images/I/41cKkkVm8EL._SL75_.jpg","Width":58}}},"ItemInfo":{"ByLineInfo":{"Brand":{"DisplayValue":"HOLKOM","Label":"Brand","Locale":"es_ES"},"Manufacturer":{"DisplayValue":"HOLKOM","Label":"Manufacturer","Locale":"es_ES"}},"Title":{"DisplayValue":"HOLKOM - Kit Limpia Tapicerias Coche Profesional para Asientos de Piel y Cuero con Cepillo | Limpiador Tapiceria Coche | Limpiador Cuero Coche | Limpieza Coche Interior | Leather Detailer | 500ml","Label":"Title","Locale":"es_ES"}},"Offers":{"Summaries":[{"Condition":{"Value":"New"},"LowestPrice":{"Amount":14.95,"Currency":"EUR","DisplayAmount":"14,95 €"}}]}},{"ASIN":"B07QVFFV5P","DetailPageURL":"https://www.amazon.es/dp/B07QVFFV5P?tag=topinalambricos-21&linkCode=osi&th=1&psc=1","Images":{"Primary":{"Small":{"Height":75,"URL":"https://m.media-amazon.com/images/I/515PemWPjVL._SL75_.jpg","Width":75}}},"ItemInfo":{"ByLineInfo":{"Brand":{"DisplayValue":"Coconix","Label":"Brand","Locale":"es_ES"},"Manufacturer":{"DisplayValue":"Coconix","Label":"Manufacturer","Locale":"es_ES"}},"Title":{"DisplayValue":"Coconix Kits de reparación de Cuero Negro para sofás - Kit de reparación de tapicería y Vinilo para Asientos de automóviles, sofás y Muebles - Fórmula de Relleno de rayones líquidos","Label":"Title","Locale":"es_ES"}},"Offers":{"Summaries":[{"Condition":{"Value":"New"},"LowestPrice":{"Amount":22.44,"Currency":"EUR","DisplayAmount":"22,44 €"}}]}},{"ASIN":"B0BHWYSF52","DetailPageURL":"https://www.amazon.es/dp/B0BHWYSF52?tag=topinalambricos-21&linkCode=osi&th=1&psc=1","Images":{"Primary":{"Small":{"Height":75,"URL":"https://m.media-amazon.com/images/I/31BNm1-5bOL._SL75_.jpg","Width":75}}},"ItemInfo":{"ByLineInfo":{"Brand":{"DisplayValue":"LAAV","Label":"Brand","Locale":"es_ES"},"Manufacturer":{"DisplayValue":"CSG Sp. z o.o.","Label":"Manufacturer","Locale":"es_ES"}},"Title":{"DisplayValue":"LAAV Limpiador Tapiceria Coche Fabric & Leather Cleaner (250 ml) I Limpia Tapicerias Coche I Limpiador de Tapiceria I Limpiador para Tapicería de Cuero, Tejido y Cuero Sintético I PFC-Free","Label":"Title","Locale":"es_ES"}},"Offers":{"Summaries":[{"Condition":{"Value":"New"},"LowestPrice":{"Amount":6.9,"Currency":"EUR","DisplayAmount":"6,90 €"}}]}},{"ASIN":"B00100LI64","DetailPageURL":"https://www.amazon.es/dp/B00100LI64?tag=topinalambricos-21&linkCode=osi&th=1&psc=1","Images":{"Primary":{"Small":{"Height":75,"URL":"https://m.media-amazon.com/images/I/3171uveQPsL._SL75_.jpg","Width":19}}},"ItemInfo":{"ByLineInfo":{"Brand":{"DisplayValue":"SONAX","Label":"Brand","Locale":"es_ES"},"Manufacturer":{"DisplayValue":"Sonax","Label":"Manufacturer","Locale":"es_ES"}},"Title":{"DisplayValue":"SONAX XTREME Espuma para el cuidado del cuero con cera de carnaúba, 250 ml","Label":"Title","Locale":"es_ES"}},"Offers":{"Summaries":[{"Condition":{"Value":"New"},"LowestPrice":{"Amount":6.81,"Currency":"EUR","DisplayAmount":"6,81 € (27,24 € / l)","PricePerUnit":27.24}}]}},{"ASIN":"B07SNBYSZF","DetailPageURL":"https://www.amazon.es/dp/B07SNBYSZF?tag=topinalambricos-21&linkCode=osi&th=1&psc=1","Images":{"Primary":{"Small":{"Height":75,"URL":"https://m.media-amazon.com/images/I/41EGot-18EL._SL75_.jpg","Width":75}}},"ItemInfo":{"ByLineInfo":{"Brand":{"DisplayValue":"Maddox Detail","Label":"Brand","Locale":"es_ES"},"Manufacturer":{"DisplayValue":"Maddox Automoción SL","Label":"Manufacturer","Locale":"es_ES"}},"Title":{"DisplayValue":"Maddox Detail - Interior Cleaner - Limpiador Tapiceria Coche Textil, Alfombrillas y Techos, Multicolor, Alcántara, 500 ml. Productos Limpieza Coche. Limpia Tapicerias Coche","Label":"Title","Locale":"es_ES"}},"Offers":{"Summaries":[{"Condition":{"Value":"New"},"LowestPrice":{"Amount":10.99,"Currency":"EUR","DisplayAmount":"10,99 € (21,98 € / l)","PricePerUnit":21.98}}]}},{"ASIN":"B0B5D64TQP","DetailPageURL":"https://www.amazon.es/dp/B0B5D64TQP?tag=topinalambricos-21&linkCode=osi&th=1&psc=1","Images":{"Primary":{"Small":{"Height":64,"URL":"https://m.media-amazon.com/images/I/41updy9mDUL._SL75_.jpg","Width":75}}},"ItemInfo":{"ByLineInfo":{"Brand":{"DisplayValue":"Panngu","Label":"Brand","Locale":"es_ES"},"Manufacturer":{"DisplayValue":"Panngu","Label":"Manufacturer","Locale":"es_ES"}},"Title":{"DisplayValue":"Panngu Kit de parche de piel autoadhesiva, color negro, 30 cm x 120 cm, kit de reparación de piel sintética de primera calidad, autoadhesivo, para asientos de coche, chaqueta, sofá, mochila, (negro)","Label":"Title","Locale":"es_ES"}},"Offers":{"Summaries":[{"Condition":{"Value":"New"},"LowestPrice":{"Amount":11.99,"Currency":"EUR","DisplayAmount":"11,99 €"}}]}}],"SearchURL":"https://www.amazon.es/s?k=tapiceria+cuero&rh=n%3A2424866031%2Cp_n_availability%3A-1&tag=topinalambricos-21&linkCode=osi","TotalResultCount":1000}},"258":{"SearchResult":{"Items":[{"ASIN":"B00HU6N3LK","DetailPageURL":"https://www.amazon.es/dp/B00HU6N3LK?tag=topinalambricos-21&linkCode=osi&th=1&psc=1","Images":{"Primary":{"Small":{"Height":75,"URL":"https://m.media-amazon.com/images/I/31ENxP9tHXL._SL75_.jpg","Width":75}}},"ItemInfo":{"ByLineInfo":{"Brand":{"DisplayValue":"Leather Honey","Label":"Brand","Locale":"es_ES"},"Manufacturer":{"DisplayValue":"Leather Honey","Label":"Manufacturer","Locale":"es_ES"}},"Title":{"DisplayValue":"Leather Honey Limpiador de Cuero - Producto de Primera Calidad para Ropa de Vinilo y Cuero, Muebles, Interiores de Automóviles, Zapatos y Accesorios, Fórmula Concentrada, de 946 ml Cuando se Diluye","Label":"Title","Locale":"es_ES"}},"Offers":{"Summaries":[{"Condition":{"Value":"New"},"LowestPrice":{"Amount":18.99,"Currency":"EUR","DisplayAmount":"18,99 € (160,66 € / l)","PricePerUnit":160.66}}]}},{"ASIN":"B079P53K4D","DetailPageURL":"https://www.amazon.es/dp/B079P53K4D?tag=topinalambricos-21&linkCode=osi&th=1&psc=1","Images":{"Primary":{"Small":{"Height":75,"URL":"https://m.media-amazon.com/images/I/31ZobE8CggL._SL75_.jpg","Width":75}}},"ItemInfo":{"ByLineInfo":{"Brand":{"DisplayValue":"SOFOLK DEPUIS 1989","Label":"Brand","Locale":"es_ES"},"Manufacturer":{"DisplayValue":"SOFOLK","Label":"Manufacturer","Locale":"es_ES"}},"Title":{"DisplayValue":"Sofolk - Pintura Cuero/Cuero de imitación - Recoloración para Cuero dañado, Rayado, arañado, Descolorido - Volante de Coche, Asiento de Coche, sofá, Zapatos, Chaquetas y Ropa - 125 ml - 00-White","Label":"Title","Locale":"es_ES"}},"Offers":{"Summaries":[{"Condition":{"Value":"New"},"LowestPrice":{"Amount":24.99,"Currency":"EUR","DisplayAmount":"24,99 € (199,92 € / l)","PricePerUnit":199.92}}]}},{"ASIN":"B00C42M54G","DetailPageURL":"https://www.amazon.es/dp/B00C42M54G?tag=topinalambricos-21&linkCode=osi&th=1&psc=1","Images":{"Primary":{"Small":{"Height":75,"URL":"https://m.media-amazon.com/images/I/31noQ-SUP9L._SL75_.jpg","Width":75}}},"ItemInfo":{"ByLineInfo":{"Brand":{"DisplayValue":"Furniture Clinic","Label":"Brand","Locale":"es_ES"},"Manufacturer":{"DisplayValue":"GroceryCentre","Label":"Manufacturer","Locale":"es_ES"}},"Title":{"DisplayValue":"Furniture Clinic Limpiador de Cuero - Limpiador de Cuero Multiuso, Limpiador de Interiores de Coches y Limpiador de Cuero para Muebles, Sofás, Zapatos, Botas, Bolsos, Carteras (500ml)","Label":"Title","Locale":"es_ES"}},"Offers":{"Summaries":[{"Condition":{"Value":"New"},"LowestPrice":{"Amount":24.5,"Currency":"EUR","DisplayAmount":"24,50 €"}}]}},{"ASIN":"B005EBNZTI","DetailPageURL":"https://www.amazon.es/dp/B005EBNZTI?tag=topinalambricos-21&linkCode=osi&th=1&psc=1","Images":{"Primary":{"Small":{"Height":75,"URL":"https://m.media-amazon.com/images/I/31yjiCe1-uS._SL75_.jpg","Width":75}}},"ItemInfo":{"ByLineInfo":{"Brand":{"DisplayValue":"Renapur","Label":"Brand","Locale":"es_ES"},"Manufacturer":{"DisplayValue":"Renapur Ltd","Label":"Manufacturer","Locale":"es_ES"}},"Title":{"DisplayValue":"Renapur Bálsamo Natural, Protector y Restaurador - 200 ml","Label":"Title","Locale":"es_ES"}},"Offers":{"Summaries":[{"Condition":{"Value":"New"},"LowestPrice":{"Amount":15.0,"Currency":"EUR","DisplayAmount":"15,00 €"}}]}},{"ASIN":"B071G8B3WP","DetailPageURL":"https://www.amazon.es/dp/B071G8B3WP?tag=topinalambricos-21&linkCode=osi&th=1&psc=1","Images":{"Primary":{"Small":{"Height":75,"URL":"https://m.media-amazon.com/images/I/517FAaSS6jL._SL75_.jpg","Width":75}}},"ItemInfo":{"ByLineInfo":{"Brand":{"DisplayValue":"Dirtbusters","Label":"Brand","Locale":"es_ES"},"Manufacturer":{"DisplayValue":"Dirtbusters","Label":"Manufacturer","Locale":"es_ES"}},"Title":{"DisplayValue":"Dirtbusters Limpiador y acondicionador de cueros de la Marca Tratamiento desodorizante y bálsamo de sándalo","Label":"Title","Locale":"es_ES"}},"Offers":{"Summaries":[{"Condition":{"Value":"New"},"LowestPrice":{"Amount":45.58,"Currency":"EUR","DisplayAmount":"45,58 €"}}]}},{"ASIN":"B09DG72DDF","DetailPageURL":"https://www.amazon.es/dp/B09DG72DDF?tag=topinalambricos-21&linkCode=osi&th=1&psc=1","Images":{"Primary":{"Small":{"Height":73,"URL":"https://m.media-amazon.com/images/I/415wnn5Gu-L._SL75_.jpg","Width":75}}},"ItemInfo":{"ByLineInfo":{"Brand":{"DisplayValue":"Dzhzuj","Label":"Brand","Locale":"es_ES"},"Manufacturer":{"DisplayValue":"Dzhzuj","Label":"Manufacturer","Locale":"es_ES"}},"Title":{"DisplayValue":"Leather Conditioner Leather Healing Balm, Multifunctional Leather Refurbishing Cleaner for Couch Sofa Chairs Leather Furniture and Car Seats Cleaning Cream Auto Leather Refurbishment Paste (1Pcs)","Label":"Title","Locale":"es_ES"}},"Offers":{"Summaries":[{"Condition":{"Value":"New"},"LowestPrice":{"Amount":16.99,"Currency":"EUR","DisplayAmount":"16,99 €"}}]}},{"ASIN":"B07288LD9V","DetailPageURL":"https://www.amazon.es/dp/B07288LD9V?tag=topinalambricos-21&linkCode=osi&th=1&psc=1","Images":{"Primary":{"Small":{"Height":75,"URL":"https://m.media-amazon.com/images/I/41HVmPCVJgL._SL75_.jpg","Width":57}}},"ItemInfo":{"ByLineInfo":{"Brand":{"DisplayValue":"Alta Cuir","Label":"Brand","Locale":"es_ES"},"Manufacturer":{"DisplayValue":"Alta Cuir","Label":"Manufacturer","Locale":"es_ES"}},"Title":{"DisplayValue":"Alta Cuir – Kit para teñir pieles - Coloración para cuero de automóviles, miel, 200 ml","Label":"Title","Locale":"es_ES"}},"Offers":{"Summaries":[{"Condition":{"Value":"New"},"LowestPrice":{"Amount":84.84,"Currency":"EUR","DisplayAmount":"84,84 € (424,20 € / l)","PricePerUnit":424.2}}]}}],"SearchURL":"https://www.amazon.es/s?k=tapiceria+cuero+sofa&rh=n%3A2165656031%2Cp_n_availability%3A-1&tag=topinalambricos-21&linkCode=osi","TotalResultCount":7}},"259":{"SearchResult":{"Items":[{"ASIN":"B07V6B7LM9","DetailPageURL":"https://www.amazon.es/dp/B07V6B7LM9?tag=topinalambricos-21&linkCode=osi&th=1&psc=1","Images":{"Primary":{"Small":{"Height":75,"URL":"https://m.media-amazon.com/images/I/31LpI9y5AoL._SL75_.jpg","Width":75}}},"ItemInfo":{"ByLineInfo":{"Brand":{"DisplayValue":"Glart","Label":"Brand","Locale":"es_ES"},"Manufacturer":{"DisplayValue":"ALCLEAR International GmbH","Label":"Manufacturer","Locale":"es_ES"}},"Title":{"DisplayValue":"Glart 45LR Limpiador para el cuero del coche, de vehículos, muebles, prendas de motorista y bolsos, 500 ml","Label":"Title","Locale":"es_ES"}},"Offers":{"Summaries":[{"Condition":{"Value":"New"},"LowestPrice":{"Amount":14.88,"Currency":"EUR","DisplayAmount":"14,88 € (29,76 € / l)","PricePerUnit":29.76}}]}},{"ASIN":"B08Z88BRBH","DetailPageURL":"https://www.amazon.es/dp/B08Z88BRBH?tag=topinalambricos-21&linkCode=osi&th=1&psc=1","Images":{"Primary":{"Small":{"Height":49,"URL":"https://m.media-amazon.com/images/I/31ucSriGhFL._SL75_.jpg","Width":75}}},"ItemInfo":{"ByLineInfo":{"Brand":{"DisplayValue":"COLOURLOCK","Label":"Brand","Locale":"es_ES"},"Manufacturer":{"DisplayValue":"Lederzentrum GmbH","Label":"Manufacturer","Locale":"es_ES"}},"Title":{"DisplayValue":"Colourlock Cepillo de limpieza de cuero y textil | Piel limpia, textil y alcántara | Para coches, muebles, ropa, zapatos, bolsas y accesorios | Negro","Label":"Title","Locale":"es_ES"}},"Offers":{"Summaries":[{"Condition":{"Value":"New"},"LowestPrice":{"Amount":6.75,"Currency":"EUR","DisplayAmount":"6,75 €"}}]}},{"ASIN":"B0C18JG4T7","DetailPageURL":"https://www.amazon.es/dp/B0C18JG4T7?tag=topinalambricos-21&linkCode=osi&th=1&psc=1","Images":{"Primary":{"Small":{"Height":75,"URL":"https://m.media-amazon.com/images/I/31S+awdTWYL._SL75_.jpg","Width":75}}},"ItemInfo":{"ByLineInfo":{"Brand":{"DisplayValue":"TISHITA","Label":"Brand","Locale":"es_ES"},"Manufacturer":{"DisplayValue":"TISHITA","Label":"Manufacturer","Locale":"es_ES"}},"Title":{"DisplayValue":"TISHITA Restaurador de color de cuero Reparación de cuero Tinte de renovación multipropósito Crema de coloración de cuero para ropa Restauración, negro","Label":"Title","Locale":"es_ES"}},"Offers":{"Summaries":[{"Condition":{"Value":"New"},"LowestPrice":{"Amount":11.99,"Currency":"EUR","DisplayAmount":"11,99 €"}}]}},{"ASIN":"B08R687HKH","DetailPageURL":"https://www.amazon.es/dp/B08R687HKH?tag=topinalambricos-21&linkCode=osi&th=1&psc=1","Images":{"Primary":{"Small":{"Height":75,"URL":"https://m.media-amazon.com/images/I/51ENw026A0S._SL75_.jpg","Width":75}}},"ItemInfo":{"ByLineInfo":{"Brand":{"DisplayValue":"Maison Paul","Label":"Brand","Locale":"es_ES"}},"Title":{"DisplayValue":"Kit de mantenimiento Maison Paul para cuero para limpiar, nutrir e impermeabilizar abrigos, chaquetas, bolsas de mano y ropas para motoristas","Label":"Title","Locale":"es_ES"}},"Offers":{"Summaries":[{"Condition":{"Value":"New"},"LowestPrice":{"Amount":29.95,"Currency":"EUR","DisplayAmount":"29,95 €"}}]}},{"ASIN":"B08XGL7D64","DetailPageURL":"https://www.amazon.es/dp/B08XGL7D64?tag=topinalambricos-21&linkCode=osi&th=1&psc=1","Images":{"Primary":{"Small":{"Height":75,"URL":"https://m.media-amazon.com/images/I/41i-y-WG0yL._SL75_.jpg","Width":75}}},"ItemInfo":{"ByLineInfo":{"Brand":{"DisplayValue":"MEYANG","Label":"Brand","Locale":"es_ES"},"Manufacturer":{"DisplayValue":"MEYANG","Label":"Manufacturer","Locale":"es_ES"}},"Title":{"DisplayValue":"MEYANG Crema De Reparación De Cuero,reparador Arañazos Coche, Kit De Reparación De Cuero, por Restauración De Color De Equipaje,Sofás, Ropa, Los Zapatos De Cuero","Label":"Title","Locale":"es_ES"}},"Offers":{"Summaries":[{"Condition":{"Value":"New"},"LowestPrice":{"Amount":5.74,"Currency":"EUR","DisplayAmount":"5,74 €"}}]}},{"ASIN":"B06VX633CX","DetailPageURL":"https://www.amazon.es/dp/B06VX633CX?tag=topinalambricos-21&linkCode=osi&th=1&psc=1","Images":{"Primary":{"Small":{"Height":75,"URL":"https://m.media-amazon.com/images/I/51g+NPieU7L._SL75_.jpg","Width":70}}},"ItemInfo":{"ByLineInfo":{"Brand":{"DisplayValue":"EMMA","Label":"Brand","Locale":"es_ES"},"Manufacturer":{"DisplayValue":"EMMA","Label":"Manufacturer","Locale":"es_ES"}},"Title":{"DisplayValue":"Jabón para sillas de montar I Spray para el cuidado del cuero I Grasa incolora I Bálsamo I Limpiado I Cuidado del calzado para sillas de montar I Cuidado del cuero para sofás Zapatos de cuero 500ml","Label":"Title","Locale":"es_ES"}},"Offers":{"Summaries":[{"Condition":{"Value":"New"},"LowestPrice":{"Amount":12.9,"Currency":"EUR","DisplayAmount":"12,90 €"}}]}},{"ASIN":"B08GSBCMMJ","DetailPageURL":"https://www.amazon.es/dp/B08GSBCMMJ?tag=topinalambricos-21&linkCode=osi&th=1&psc=1","Images":{"Primary":{"Small":{"Height":75,"URL":"https://m.media-amazon.com/images/I/41CWAAkt-kL._SL75_.jpg","Width":75}}},"ItemInfo":{"ByLineInfo":{"Brand":{"DisplayValue":"Vintoney","Label":"Brand","Locale":"es_ES"},"Manufacturer":{"DisplayValue":"Vintoney","Label":"Manufacturer","Locale":"es_ES"}},"Title":{"DisplayValue":"Bálsamo Recolorante de Cuero, Crema Reparadora de Cuero para Limpiador de Cuero para Proteger y Restaurar Adecuado para ser Utilizado en Sofá de Piel, Chaqueta, Zapatos e Interior del Coche","Label":"Title","Locale":"es_ES"}},"Offers":{"Summaries":[{"Condition":{"Value":"New"},"LowestPrice":{"Amount":12.99,"Currency":"EUR","DisplayAmount":"12,99 €"}}]}},{"ASIN":"B00HU6N3LK","DetailPageURL":"https://www.amazon.es/dp/B00HU6N3LK?tag=topinalambricos-21&linkCode=osi&th=1&psc=1","Images":{"Primary":{"Small":{"Height":75,"URL":"https://m.media-amazon.com/images/I/31ENxP9tHXL._SL75_.jpg","Width":75}}},"ItemInfo":{"ByLineInfo":{"Brand":{"DisplayValue":"Leather Honey","Label":"Brand","Locale":"es_ES"},"Manufacturer":{"DisplayValue":"Leather Honey","Label":"Manufacturer","Locale":"es_ES"}},"Title":{"DisplayValue":"Leather Honey Limpiador de Cuero - Producto de Primera Calidad para Ropa de Vinilo y Cuero, Muebles, Interiores de Automóviles, Zapatos y Accesorios, Fórmula Concentrada, de 946 ml Cuando se Diluye","Label":"Title","Locale":"es_ES"}},"Offers":{"Summaries":[{"Condition":{"Value":"New"},"LowestPrice":{"Amount":18.99,"Currency":"EUR","DisplayAmount":"18,99 € (160,66 € / l)","PricePerUnit":160.66}}]}},{"ASIN":"B09FKP4PWR","DetailPageURL":"https://www.amazon.es/dp/B09FKP4PWR?tag=topinalambricos-21&linkCode=osi&th=1&psc=1","Images":{"Primary":{"Small":{"Height":75,"URL":"https://m.media-amazon.com/images/I/31nzgvXG-kL._SL75_.jpg","Width":19}}},"ItemInfo":{"ByLineInfo":{"Brand":{"DisplayValue":"SOFOLK DEPUIS 1989","Label":"Brand","Locale":"es_ES"},"Manufacturer":{"DisplayValue":"SOFOLK","Label":"Manufacturer","Locale":"es_ES"}},"Title":{"DisplayValue":"Sofolk - Aceite nutritivo para Cuero de Buey - Cuidado e impermeabilización del Cuero - hidrata y suaviza Incluso el Cuero Agrietado - Sin Olor, fabricación Francesa - 500 ml","Label":"Title","Locale":"es_ES"}},"Offers":{"Summaries":[{"Condition":{"Value":"New"},"LowestPrice":{"Amount":34.99,"Currency":"EUR","DisplayAmount":"34,99 € (69,98 € / l)","PricePerUnit":69.98}}]}},{"ASIN":"B01M0E5OC6","DetailPageURL":"https://www.amazon.es/dp/B01M0E5OC6?tag=topinalambricos-21&linkCode=osi&th=1&psc=1","Images":{"Primary":{"Small":{"Height":75,"URL":"https://m.media-amazon.com/images/I/31jootTU+pL._SL75_.jpg","Width":75}}},"ItemInfo":{"ByLineInfo":{"Brand":{"DisplayValue":"QM Cleaner","Label":"Brand","Locale":"es_ES"},"Manufacturer":{"DisplayValue":"QMCLEANER","Label":"Manufacturer","Locale":"es_ES"}},"Title":{"DisplayValue":"QM Cleaner LEATHER | Limpiador para cuero, piel y polipiel - Ideal para sillones, tapicerías de vehículos y complementos (Bolsos, chaquetas...) - 500ml","Label":"Title","Locale":"es_ES"}},"Offers":{"Summaries":[{"Condition":{"Value":"New"},"LowestPrice":{"Amount":15.99,"Currency":"EUR","DisplayAmount":"15,99 €"}}]}}],"SearchURL":"https://www.amazon.es/s?k=limpiar+ropa+cuero&rh=n%3A2424866031%2Cp_n_availability%3A-1&tag=topinalambricos-21&linkCode=osi","TotalResultCount":73}},"261":{"SearchResult":{"Items":[{"ASIN":"B0BTHFNGP8","DetailPageURL":"https://www.amazon.es/dp/B0BTHFNGP8?tag=topinalambricos-21&linkCode=osi&th=1&psc=1","Images":{"Primary":{"Small":{"Height":75,"URL":"https://m.media-amazon.com/images/I/31w1Zb7osRL._SL75_.jpg","Width":75}}},"ItemInfo":{"ByLineInfo":{"Brand":{"DisplayValue":"BAOSROY","Label":"Brand","Locale":"es_ES"},"Manufacturer":{"DisplayValue":"BAOSROY","Label":"Manufacturer","Locale":"es_ES"}},"Title":{"DisplayValue":"BAOSROY Crema de Reparación de Cuero,Crema Reparadora de Cuero,Gel Reparación Cuero,Reparación y Protección de Arañazos en Cuero para Asientos de Automóvil, Sofás, Abrigos de Cuero,Negro","Label":"Title","Locale":"es_ES"}},"Offers":{"Summaries":[{"Condition":{"Value":"New"},"LowestPrice":{"Amount":6.99,"Currency":"EUR","DisplayAmount":"6,99 €"}}]}},{"ASIN":"B08SVVB4QP","DetailPageURL":"https://www.amazon.es/dp/B08SVVB4QP?tag=topinalambricos-21&linkCode=osi&th=1&psc=1","Images":{"Primary":{"Small":{"Height":75,"URL":"https://m.media-amazon.com/images/I/51PpBMaMb9S._SL75_.jpg","Width":75}}},"ItemInfo":{"ByLineInfo":{"Brand":{"DisplayValue":"Macari","Label":"Brand","Locale":"es_ES"},"Manufacturer":{"DisplayValue":"Veddelholzer","Label":"Manufacturer","Locale":"es_ES"}},"Title":{"DisplayValue":"Macari Set de Mantenimiento de Cuero Zapatos sofá y Coche. Limpiador Cuero Coche y Grasa/Crema para Cuero como Accesorios para de Limpieza de Zapatos, Sets de Reparaciones de Cuero Limpiador Cuero","Label":"Title","Locale":"es_ES"}},"Offers":{"Summaries":[{"Condition":{"Value":"New"},"LowestPrice":{"Amount":32.95,"Currency":"EUR","DisplayAmount":"32,95 €"}}]}},{"ASIN":"B08GSBCMMJ","DetailPageURL":"https://www.amazon.es/dp/B08GSBCMMJ?tag=topinalambricos-21&linkCode=osi&th=1&psc=1","Images":{"Primary":{"Small":{"Height":75,"URL":"https://m.media-amazon.com/images/I/41CWAAkt-kL._SL75_.jpg","Width":75}}},"ItemInfo":{"ByLineInfo":{"Brand":{"DisplayValue":"Vintoney","Label":"Brand","Locale":"es_ES"},"Manufacturer":{"DisplayValue":"Vintoney","Label":"Manufacturer","Locale":"es_ES"}},"Title":{"DisplayValue":"Bálsamo Recolorante de Cuero, Crema Reparadora de Cuero para Limpiador de Cuero para Proteger y Restaurar Adecuado para ser Utilizado en Sofá de Piel, Chaqueta, Zapatos e Interior del Coche","Label":"Title","Locale":"es_ES"}},"Offers":{"Summaries":[{"Condition":{"Value":"New"},"LowestPrice":{"Amount":12.99,"Currency":"EUR","DisplayAmount":"12,99 €"}}]}},{"ASIN":"B00CMQY05G","DetailPageURL":"https://www.amazon.es/dp/B00CMQY05G?tag=topinalambricos-21&linkCode=osi&th=1&psc=1","Images":{"Primary":{"Small":{"Height":75,"URL":"https://m.media-amazon.com/images/I/4108XdLEKIL._SL75_.jpg","Width":49}}},"ItemInfo":{"ByLineInfo":{"Brand":{"DisplayValue":"Armor All","Label":"Brand","Locale":"es_ES"},"Manufacturer":{"DisplayValue":"Armored Auto UK","Label":"Manufacturer","Locale":"es_ES"}},"Title":{"DisplayValue":"Armor All® - Cuidado de la piel cuero de la tapicería de tu coche, hidrata y conserva - Limpia, acondiciona y ayuda a restaurar su aspecto original y natural - 530 ml","Label":"Title","Locale":"es_ES"}},"Offers":{"Summaries":[{"Condition":{"Value":"New"},"LowestPrice":{"Amount":10.95,"Currency":"EUR","DisplayAmount":"10,95 € (20,66 € / l)","PricePerUnit":20.66}}]}},{"ASIN":"B0BG44FT9V","DetailPageURL":"https://www.amazon.es/dp/B0BG44FT9V?tag=topinalambricos-21&linkCode=osi&th=1&psc=1","Images":{"Primary":{"Small":{"Height":75,"URL":"https://m.media-amazon.com/images/I/41p4ITTyH2L._SL75_.jpg","Width":75}}},"ItemInfo":{"ByLineInfo":{"Brand":{"DisplayValue":"HASAIKA","Label":"Brand","Locale":"es_ES"},"Manufacturer":{"DisplayValue":"HASAIKA","Label":"Manufacturer","Locale":"es_ES"}},"Title":{"DisplayValue":"HASAIKA Crema De Reparación De Cuero, Kits de reparación de Cuero mezclables para sofá, Chaqueta de Cuero, Asiento de automóvil, Zapatos, Abrigos, 5 Colores","Label":"Title","Locale":"es_ES"}},"Offers":{"Summaries":[{"Condition":{"Value":"New"},"LowestPrice":{"Amount":9.14,"Currency":"EUR","DisplayAmount":"9,14 €"}}]}},{"ASIN":"B01ID1UHIW","DetailPageURL":"https://www.amazon.es/dp/B01ID1UHIW?tag=topinalambricos-21&linkCode=osi&th=1&psc=1","Images":{"Primary":{"Small":{"Height":75,"URL":"https://m.media-amazon.com/images/I/41ny1g6A-5L._SL75_.jpg","Width":75}}},"ItemInfo":{"ByLineInfo":{"Brand":{"DisplayValue":"1-2-3 REPAIR","Label":"Brand","Locale":"es_ES"},"Manufacturer":{"DisplayValue":"1-2-3 REPAIR","Label":"Manufacturer","Locale":"es_ES"}},"Title":{"DisplayValue":"1-2-3 REPAIR Color de cuero, sofá de cuero como nuevo, tinte de cuero, cuidado del cuero del coche, Beige, 57ml","Label":"Title","Locale":"es_ES"}},"Offers":{"Summaries":[{"Condition":{"Value":"New"},"LowestPrice":{"Amount":14.99,"Currency":"EUR","DisplayAmount":"14,99 €"}}]}},{"ASIN":"B08ZNSTDND","DetailPageURL":"https://www.amazon.es/dp/B08ZNSTDND?tag=topinalambricos-21&linkCode=osi&th=1&psc=1","Images":{"Primary":{"Small":{"Height":75,"URL":"https://m.media-amazon.com/images/I/41tknusxFIL._SL75_.jpg","Width":75}}},"ItemInfo":{"ByLineInfo":{"Brand":{"DisplayValue":"LRC","Label":"Brand","Locale":"es_ES"},"Manufacturer":{"DisplayValue":"Vivere GmbH","Label":"Manufacturer","Locale":"es_ES"}},"Title":{"DisplayValue":"LRC Reparador Cuero Natural sin Residuos Aceitosos: Nutre e Hidrata el Cuero, 250ml - Tratamiento Hidratador de Cuero Coche, Bolsos, Zapatos, Chaquetas - Reparador de Cuero Negro, Blanco, Beige, Color","Label":"Title","Locale":"es_ES"}},"Offers":{"Summaries":[{"Condition":{"Value":"New"},"LowestPrice":{"Amount":14.49,"Currency":"EUR","DisplayAmount":"14,49 € (57,96 € / l)","PricePerUnit":57.96}}]}},{"ASIN":"B0BTD353WZ","DetailPageURL":"https://www.amazon.es/dp/B0BTD353WZ?tag=topinalambricos-21&linkCode=osi&th=1&psc=1","Images":{"Primary":{"Small":{"Height":75,"URL":"https://m.media-amazon.com/images/I/51egaWxqMbL._SL75_.jpg","Width":75}}},"ItemInfo":{"ByLineInfo":{"Brand":{"DisplayValue":"Miioto","Label":"Brand","Locale":"es_ES"},"Manufacturer":{"DisplayValue":"Miioto","Label":"Manufacturer","Locale":"es_ES"}},"Title":{"DisplayValue":"10 Colores Reparador Cuero Liquido, Kit de Reparación de Cuero, Kit de Reparación de Vinilo y Cuero, Kit de Reparación de para Asientos de Coche, Sofá, Chaqueta, Bolso, Cinturón, Zapatosde (20ml*10)","Label":"Title","Locale":"es_ES"}},"Offers":{"Summaries":[{"Condition":{"Value":"New"},"LowestPrice":{"Amount":17.99,"Currency":"EUR","DisplayAmount":"17,99 €"}}]}},{"ASIN":"B07SL4WY1W","DetailPageURL":"https://www.amazon.es/dp/B07SL4WY1W?tag=topinalambricos-21&linkCode=osi&th=1&psc=1","Images":{"Primary":{"Small":{"Height":75,"URL":"https://m.media-amazon.com/images/I/4150jn7SysL._SL75_.jpg","Width":75}}},"ItemInfo":{"ByLineInfo":{"Brand":{"DisplayValue":"Maddox Detail","Label":"Brand","Locale":"es_ES"},"Manufacturer":{"DisplayValue":"Maddox Automoción SL","Label":"Manufacturer","Locale":"es_ES"}},"Title":{"DisplayValue":"Maddox Detail - Leather Detailer - Limpiador de Cuero y Piel. 500 ml. Limpia Tapicerias de Cuero y Piel de forma Rápido y sin Esfuerzo. Limpia Asientos Coche Cuero y Piel","Label":"Title","Locale":"es_ES"}},"Offers":{"Summaries":[{"Condition":{"Value":"New"},"LowestPrice":{"Amount":11.9,"Currency":"EUR","DisplayAmount":"11,90 € (23,80 € / l)","PricePerUnit":23.8}}]}},{"ASIN":"B0B7NG49HF","DetailPageURL":"https://www.amazon.es/dp/B0B7NG49HF?tag=topinalambricos-21&linkCode=osi&th=1&psc=1","Images":{"Primary":{"Small":{"Height":60,"URL":"https://m.media-amazon.com/images/I/41xoiQn06gL._SL75_.jpg","Width":75}}},"ItemInfo":{"ByLineInfo":{"Brand":{"DisplayValue":"SEISSO","Label":"Brand","Locale":"es_ES"},"Manufacturer":{"DisplayValue":"SEISSO","Label":"Manufacturer","Locale":"es_ES"}},"Title":{"DisplayValue":"SEISSO Cuero Restaurar Cuero, Kit Reparacion Cuero, Restaurar Cuero, Adecuado Utilizado en Sofá de Piel, Chaqueta, Zapatos e Interior del Coche, 200g Advanced Leather Repair Gel","Label":"Title","Locale":"es_ES"}},"Offers":{"Summaries":[{"Condition":{"Value":"New"},"LowestPrice":{"Amount":20.99,"Currency":"EUR","DisplayAmount":"20,99 €"}}]}}],"SearchURL":"https://www.amazon.es/s?k=productos+reparacion&rh=n%3A2424866031%2Cp_n_availability%3A-1&tag=topinalambricos-21&linkCode=osi","TotalResultCount":156}},"262":{"SearchResult":{"Items":[{"ASIN":"B0BG8TXYJG","DetailPageURL":"https://www.amazon.es/dp/B0BG8TXYJG?tag=topinalambricos-21&linkCode=osi&th=1&psc=1","Images":{"Primary":{"Small":{"Height":75,"URL":"https://m.media-amazon.com/images/I/519ATK6TpUL._SL75_.jpg","Width":75}}},"ItemInfo":{"ByLineInfo":{"Brand":{"DisplayValue":"Yosoo Health Gear","Label":"Brand","Locale":"es_ES"},"Manufacturer":{"DisplayValue":"Yosoo Health Gear","Label":"Manufacturer","Locale":"es_ES"}},"Title":{"DisplayValue":"100 Juegos de Remaches Artesanales de Cuero, Remache de Doble Tapa de 8x8mm, Remaches para Cuero Reparaciones Artesanales de Cuero Metálico, Tachuelas, Decoración de Pinchos(Plata)","Label":"Title","Locale":"es_ES"}},"Offers":{"Summaries":[{"Condition":{"Value":"New"},"LowestPrice":{"Amount":8.51,"Currency":"EUR","DisplayAmount":"8,51 €"}}]}},{"ASIN":"B094XLNXGW","DetailPageURL":"https://www.amazon.es/dp/B094XLNXGW?tag=topinalambricos-21&linkCode=osi&th=1&psc=1","Images":{"Primary":{"Small":{"Height":75,"URL":"https://m.media-amazon.com/images/I/31Uh5RUKXBS._SL75_.jpg","Width":59}}},"ItemInfo":{"ByLineInfo":{"Brand":{"DisplayValue":"QWORK","Label":"Brand","Locale":"es_ES"},"Manufacturer":{"DisplayValue":"QWORK","Label":"Manufacturer","Locale":"es_ES"}},"Title":{"DisplayValue":"QWORK Kit de Herramientas de Mano de Cuero, 7 en 1 Ranuradora para Artesanía de Cuero","Label":"Title","Locale":"es_ES"}},"Offers":{"Summaries":[{"Condition":{"Value":"New"},"LowestPrice":{"Amount":8.99,"Currency":"EUR","DisplayAmount":"8,99 €"}}]}},{"ASIN":"B07BJKT4X4","DetailPageURL":"https://www.amazon.es/dp/B07BJKT4X4?tag=topinalambricos-21&linkCode=osi&th=1&psc=1","Images":{"Primary":{"Small":{"Height":75,"URL":"https://m.media-amazon.com/images/I/41YKVUSc5cL._SL75_.jpg","Width":75}}},"ItemInfo":{"ByLineInfo":{"Brand":{"DisplayValue":"ULTNICE","Label":"Brand","Locale":"es_ES"}},"Title":{"DisplayValue":"ULTNICE 7pcs Leather Craft Stitching Groover Edger Beveler Leather Working Kit de Herramientas","Label":"Title","Locale":"es_ES"}},"Offers":{"Summaries":[{"Condition":{"Value":"New"},"LowestPrice":{"Amount":10.99,"Currency":"EUR","DisplayAmount":"10,99 €"}}]}},{"ASIN":"B08GYLJPJN","DetailPageURL":"https://www.amazon.es/dp/B08GYLJPJN?tag=topinalambricos-21&linkCode=osi&th=1&psc=1","Images":{"Primary":{"Small":{"Height":75,"URL":"https://m.media-amazon.com/images/I/41aDbjS0k9L._SL75_.jpg","Width":75}}},"ItemInfo":{"ByLineInfo":{"Brand":{"DisplayValue":"Fdit","Label":"Brand","Locale":"es_ES"},"Manufacturer":{"DisplayValue":"Fdit","Label":"Manufacturer","Locale":"es_ES"}},"Title":{"DisplayValue":"Fdit 50 Uds Tachuelas de Remache en Forma de Estrella DIY decoración de Ropa con Tornillos 14 mm para Manualidades de Cuero DIY/Ropa/Zapatos/decoración de reparación de Cinturones(2#)","Label":"Title","Locale":"es_ES"}},"Offers":{"Summaries":[{"Condition":{"Value":"New"},"LowestPrice":{"Amount":17.77,"Currency":"EUR","DisplayAmount":"17,77 €"}}]}},{"ASIN":"B09VSXG6BV","DetailPageURL":"https://www.amazon.es/dp/B09VSXG6BV?tag=topinalambricos-21&linkCode=osi&th=1&psc=1","Images":{"Primary":{"Small":{"Height":75,"URL":"https://m.media-amazon.com/images/I/51eRnkAbN4L._SL75_.jpg","Width":75}}},"ItemInfo":{"ByLineInfo":{"Brand":{"DisplayValue":"Haisheng","Label":"Brand","Locale":"es_ES"},"Manufacturer":{"DisplayValue":"Haisheng","Label":"Manufacturer","Locale":"es_ES"}},"Title":{"DisplayValue":"40 PCS Remaches de Cuero Doble Remaches de Doble Tapa con Tornillo Remaches Metal Forma Cubo Botones de Cabeza Redonda para Bolso de Cuero Cinturones Artesanía de Decoración","Label":"Title","Locale":"es_ES"}},"Offers":{"Summaries":[{"Condition":{"Value":"New"},"LowestPrice":{"Amount":9.99,"Currency":"EUR","DisplayAmount":"9,99 €"}}]}},{"ASIN":"B0BDXP1ZYX","DetailPageURL":"https://www.amazon.es/dp/B0BDXP1ZYX?tag=topinalambricos-21&linkCode=osi&th=1&psc=1","Images":{"Primary":{"Small":{"Height":75,"URL":"https://m.media-amazon.com/images/I/51M8ifEidNL._SL75_.jpg","Width":75}}},"ItemInfo":{"ByLineInfo":{"Brand":{"DisplayValue":"TAIYOU","Label":"Brand","Locale":"es_ES"},"Manufacturer":{"DisplayValue":"TAIYOU","Label":"Manufacturer","Locale":"es_ES"}},"Title":{"DisplayValue":"TAIYOU 50 Conjuntos Botón Remache Cuero Remaches Redondos Remache de Dorado Botones de Cabeza Redonda para Bricolaje Cinturón Cartera Pantalones Cuero Cinturones Artesanía Cuaderno Retro 5.5 mm","Label":"Title","Locale":"es_ES"}},"Offers":{"Summaries":[{"Condition":{"Value":"New"},"LowestPrice":{"Amount":8.29,"Currency":"EUR","DisplayAmount":"8,29 €"}}]}},{"ASIN":"B094QYYTQ9","DetailPageURL":"https://www.amazon.es/dp/B094QYYTQ9?tag=topinalambricos-21&linkCode=osi&th=1&psc=1","Images":{"Primary":{"Small":{"Height":75,"URL":"https://m.media-amazon.com/images/I/51vXLf0IuhL._SL75_.jpg","Width":75}}},"ItemInfo":{"ByLineInfo":{"Brand":{"DisplayValue":"Tnfeeon","Label":"Brand","Locale":"es_ES"},"Manufacturer":{"DisplayValue":"Tnfeeon","Label":"Manufacturer","Locale":"es_ES"}},"Title":{"DisplayValue":"Tnfeeon 100 Piezas de Doble Tapa Remache Tubular Metal Cuero artesanía Reparaciones Tachuelas decoración artesanía DIY(Plata)","Label":"Title","Locale":"es_ES"}},"Offers":{"Summaries":[{"Condition":{"Value":"New"},"LowestPrice":{"Amount":8.95,"Currency":"EUR","DisplayAmount":"8,95 €"}}]}},{"ASIN":"B094VY2XC3","DetailPageURL":"https://www.amazon.es/dp/B094VY2XC3?tag=topinalambricos-21&linkCode=osi&th=1&psc=1","Images":{"Primary":{"Small":{"Height":75,"URL":"https://m.media-amazon.com/images/I/41qsNWTdy7S._SL75_.jpg","Width":75}}},"ItemInfo":{"ByLineInfo":{"Brand":{"DisplayValue":"GLFYHG","Label":"Brand","Locale":"es_ES"},"Manufacturer":{"DisplayValue":"GLF","Label":"Manufacturer","Locale":"es_ES"}},"Title":{"DisplayValue":"GLFYHG Tela De Corcho De Colores De Corcho Real De Cuero De Cuero Suave Impreso De Tela Ligera Ancho 135 Cm para Accesorios De Decoración De Artesanía Bolso De Bolsas De Mano De Patio(Color:Negro)","Label":"Title","Locale":"es_ES"}},"Offers":{"Summaries":[{"Condition":{"Value":"New"},"LowestPrice":{"Amount":25.62,"Currency":"EUR","DisplayAmount":"25,62 €"}}]}},{"ASIN":"B08Z3MVN21","DetailPageURL":"https://www.amazon.es/dp/B08Z3MVN21?tag=topinalambricos-21&linkCode=osi&th=1&psc=1","Images":{"Primary":{"Small":{"Height":75,"URL":"https://m.media-amazon.com/images/I/31TUmpkFViS._SL75_.jpg","Width":59}}},"ItemInfo":{"ByLineInfo":{"Brand":{"DisplayValue":"QWORK","Label":"Brand","Locale":"es_ES"},"Manufacturer":{"DisplayValue":"QWORK","Label":"Manufacturer","Locale":"es_ES"}},"Title":{"DisplayValue":"QWORK Juego de Cuero Skiver con 6 Piezas de Cuchillas Reemplazables para la Fabricación de Artesanías de Cuero","Label":"Title","Locale":"es_ES"}},"Offers":{"Summaries":[{"Condition":{"Value":"New"},"LowestPrice":{"Amount":14.99,"Currency":"EUR","DisplayAmount":"14,99 €"}}]}},{"ASIN":"B09WTMK92C","DetailPageURL":"https://www.amazon.es/dp/B09WTMK92C?tag=topinalambricos-21&linkCode=osi&th=1&psc=1","Images":{"Primary":{"Small":{"Height":75,"URL":"https://m.media-amazon.com/images/I/51+ErBGW5ML._SL75_.jpg","Width":75}}},"ItemInfo":{"ByLineInfo":{"Brand":{"DisplayValue":"Zerodis","Label":"Brand","Locale":"es_ES"},"Manufacturer":{"DisplayValue":"Zerodis","Label":"Manufacturer","Locale":"es_ES"}},"Title":{"DisplayValue":"100 Juegos de Remaches de Cuero Remache Doble Artesanal de Cuero de Metal Tubular(Latón Antiguo)","Label":"Title","Locale":"es_ES"}},"Offers":{"Summaries":[{"Condition":{"Value":"New"},"LowestPrice":{"Amount":9.23,"Currency":"EUR","DisplayAmount":"9,23 €"}}]}}],"SearchURL":"https://www.amazon.es/s?k=cuero&rh=n%3A4358253031%2Cp_n_availability%3A-1&tag=topinalambricos-21&linkCode=osi","TotalResultCount":1000}},"263":{"SearchResult":{"Items":[{"ASIN":"B00X80R28C","DetailPageURL":"https://www.amazon.es/dp/B00X80R28C?tag=topinalambricos-21&linkCode=osi&th=1&psc=1","Images":{"Primary":{"Small":{"Height":60,"URL":"https://m.media-amazon.com/images/I/41L7mq1TTjL._SL75_.jpg","Width":75}}},"ItemInfo":{"ByLineInfo":{"Brand":{"DisplayValue":"KITAUTOS","Label":"Brand","Locale":"es_ES"},"Manufacturer":{"DisplayValue":"KITAUTOS","Label":"Manufacturer","Locale":"es_ES"}},"Title":{"DisplayValue":"KITAUTOS kivp Kit Restaurador Volantes De Piel Y Plastico Color Negro","Label":"Title","Locale":"es_ES"}},"Offers":{"Summaries":[{"Condition":{"Value":"New"},"LowestPrice":{"Amount":26.56,"Currency":"EUR","DisplayAmount":"26,56 €"}}]}},{"ASIN":"B00YAXS0SW","DetailPageURL":"https://www.amazon.es/dp/B00YAXS0SW?tag=topinalambricos-21&linkCode=osi&th=1&psc=1","Images":{"Primary":{"Small":{"Height":68,"URL":"https://m.media-amazon.com/images/I/41PoZgvARzL._SL75_.jpg","Width":75}}},"ItemInfo":{"ByLineInfo":{"Brand":{"DisplayValue":"KITAUTOS","Label":"Brand","Locale":"es_ES"},"Manufacturer":{"DisplayValue":"KITAUTOS","Label":"Manufacturer","Locale":"es_ES"}},"Title":{"DisplayValue":"KITAUTOS KRTP1 Kit restauracion tapicerias de Piel,Color Negro, 15","Label":"Title","Locale":"es_ES"}},"Offers":{"Summaries":[{"Condition":{"Value":"New"},"LowestPrice":{"Amount":15.0,"Currency":"EUR","DisplayAmount":"15,00 €"}}]}},{"ASIN":"B0BR396SL1","DetailPageURL":"https://www.amazon.es/dp/B0BR396SL1?tag=topinalambricos-21&linkCode=osi&th=1&psc=1","Images":{"Primary":{"Small":{"Height":75,"URL":"https://m.media-amazon.com/images/I/31pl5P1aqIL._SL75_.jpg","Width":75}}},"ItemInfo":{"ByLineInfo":{"Brand":{"DisplayValue":"TUKNON","Label":"Brand","Locale":"es_ES"},"Manufacturer":{"DisplayValue":"TUKNON","Label":"Manufacturer","Locale":"es_ES"}},"Title":{"DisplayValue":"Reparador Cuero, Limpiador Cuero Coche, Reparador Cuero Coche, Limpiador De Cuero, Leather Repair Kit, Reparador Cuero Negro, Leather Repair Cream, Limpia Cuero Coche,Kits De Reparación De Cuero Negro","Label":"Title","Locale":"es_ES"}},"Offers":{"Summaries":[{"Condition":{"Value":"New"},"LowestPrice":{"Amount":8.99,"Currency":"EUR","DisplayAmount":"8,99 €"}}]}},{"ASIN":"B07HB1RZBX","DetailPageURL":"https://www.amazon.es/dp/B07HB1RZBX?tag=topinalambricos-21&linkCode=osi&th=1&psc=1","Images":{"Primary":{"Small":{"Height":75,"URL":"https://m.media-amazon.com/images/I/31fkQVHYnBL._SL75_.jpg","Width":75}}},"ItemInfo":{"ByLineInfo":{"Brand":{"DisplayValue":"SOFOLK DEPUIS 1989","Label":"Brand","Locale":"es_ES"},"Manufacturer":{"DisplayValue":"SOFOLK","Label":"Manufacturer","Locale":"es_ES"}},"Title":{"DisplayValue":"Sofolk - Kit de retoque Pintura Cuero/Cuero de imitación - Tinte para Volante de Coche, Asiento de Coche, sofás, Zapatos, Chaquetas y Ropa - Cuero dañado, Rayado, arañado, Descolorido (01-Negro)","Label":"Title","Locale":"es_ES"}},"Offers":{"Summaries":[{"Condition":{"Value":"New"},"LowestPrice":{"Amount":17.99,"Currency":"EUR","DisplayAmount":"17,99 €"}}]}},{"ASIN":"B0BTD353WZ","DetailPageURL":"https://www.amazon.es/dp/B0BTD353WZ?tag=topinalambricos-21&linkCode=osi&th=1&psc=1","Images":{"Primary":{"Small":{"Height":75,"URL":"https://m.media-amazon.com/images/I/51egaWxqMbL._SL75_.jpg","Width":75}}},"ItemInfo":{"ByLineInfo":{"Brand":{"DisplayValue":"Miioto","Label":"Brand","Locale":"es_ES"},"Manufacturer":{"DisplayValue":"Miioto","Label":"Manufacturer","Locale":"es_ES"}},"Title":{"DisplayValue":"10 Colores Reparador Cuero Liquido, Kit de Reparación de Cuero, Kit de Reparación de Vinilo y Cuero, Kit de Reparación de para Asientos de Coche, Sofá, Chaqueta, Bolso, Cinturón, Zapatosde (20ml*10)","Label":"Title","Locale":"es_ES"}},"Offers":{"Summaries":[{"Condition":{"Value":"New"},"LowestPrice":{"Amount":17.99,"Currency":"EUR","DisplayAmount":"17,99 €"}}]}},{"ASIN":"B07QVFFV5P","DetailPageURL":"https://www.amazon.es/dp/B07QVFFV5P?tag=topinalambricos-21&linkCode=osi&th=1&psc=1","Images":{"Primary":{"Small":{"Height":75,"URL":"https://m.media-amazon.com/images/I/515PemWPjVL._SL75_.jpg","Width":75}}},"ItemInfo":{"ByLineInfo":{"Brand":{"DisplayValue":"Coconix","Label":"Brand","Locale":"es_ES"},"Manufacturer":{"DisplayValue":"Coconix","Label":"Manufacturer","Locale":"es_ES"}},"Title":{"DisplayValue":"Coconix Kits de reparación de Cuero Negro para sofás - Kit de reparación de tapicería y Vinilo para Asientos de automóviles, sofás y Muebles - Fórmula de Relleno de rayones líquidos","Label":"Title","Locale":"es_ES"}},"Offers":{"Summaries":[{"Condition":{"Value":"New"},"LowestPrice":{"Amount":22.44,"Currency":"EUR","DisplayAmount":"22,44 €"}}]}},{"ASIN":"B078WD9X5D","DetailPageURL":"https://www.amazon.es/dp/B078WD9X5D?tag=topinalambricos-21&linkCode=osi&th=1&psc=1","Images":{"Primary":{"Small":{"Height":75,"URL":"https://m.media-amazon.com/images/I/41JjELuiZ6L._SL75_.jpg","Width":75}}},"ItemInfo":{"ByLineInfo":{"Brand":{"DisplayValue":"COLOURLOCK","Label":"Brand","Locale":"es_ES"},"Manufacturer":{"DisplayValue":"Lederzentrum GmbH","Label":"Manufacturer","Locale":"es_ES"}},"Title":{"DisplayValue":"Juego de reparación de cuero para el volante, negro","Label":"Title","Locale":"es_ES"}},"Offers":{"Summaries":[{"Condition":{"Value":"New"},"LowestPrice":{"Amount":42.0,"Currency":"EUR","DisplayAmount":"42,00 €"}}]}},{"ASIN":"B088NYY7QX","DetailPageURL":"https://www.amazon.es/dp/B088NYY7QX?tag=topinalambricos-21&linkCode=osi&th=1&psc=1","Images":{"Primary":{"Small":{"Height":75,"URL":"https://m.media-amazon.com/images/I/513X-9HY1CL._SL75_.jpg","Width":75}}},"ItemInfo":{"ByLineInfo":{"Brand":{"DisplayValue":"AutoFullCar","Label":"Brand","Locale":"es_ES"},"Manufacturer":{"DisplayValue":"AutoFullCar","Label":"Manufacturer","Locale":"es_ES"}},"Title":{"DisplayValue":"AutoFullCar - KIT RESTAURADOR VOLANTES CUERO FullCarX by Full Dip color negro | RENUEVA RESTAURA HIDRATA","Label":"Title","Locale":"es_ES"}},"Offers":{"Summaries":[{"Condition":{"Value":"New"},"LowestPrice":{"Amount":34.99,"Currency":"EUR","DisplayAmount":"34,99 €"}}]}},{"ASIN":"B0B5D64TQP","DetailPageURL":"https://www.amazon.es/dp/B0B5D64TQP?tag=topinalambricos-21&linkCode=osi&th=1&psc=1","Images":{"Primary":{"Small":{"Height":64,"URL":"https://m.media-amazon.com/images/I/41updy9mDUL._SL75_.jpg","Width":75}}},"ItemInfo":{"ByLineInfo":{"Brand":{"DisplayValue":"Panngu","Label":"Brand","Locale":"es_ES"},"Manufacturer":{"DisplayValue":"Panngu","Label":"Manufacturer","Locale":"es_ES"}},"Title":{"DisplayValue":"Panngu Kit de parche de piel autoadhesiva, color negro, 30 cm x 120 cm, kit de reparación de piel sintética de primera calidad, autoadhesivo, para asientos de coche, chaqueta, sofá, mochila, (negro)","Label":"Title","Locale":"es_ES"}},"Offers":{"Summaries":[{"Condition":{"Value":"New"},"LowestPrice":{"Amount":11.99,"Currency":"EUR","DisplayAmount":"11,99 €"}}]}},{"ASIN":"B0B51GSXNN","DetailPageURL":"https://www.amazon.es/dp/B0B51GSXNN?tag=topinalambricos-21&linkCode=osi&th=1&psc=1","Images":{"Primary":{"Small":{"Height":75,"URL":"https://m.media-amazon.com/images/I/51fkQcLo0fL._SL75_.jpg","Width":75}}},"ItemInfo":{"ByLineInfo":{"Brand":{"DisplayValue":"VILOU","Label":"Brand","Locale":"es_ES"},"Manufacturer":{"DisplayValue":"Ledertechnik Berlin Herstellungs UG","Label":"Manufacturer","Locale":"es_ES"}},"Title":{"DisplayValue":"VILOU - Juego de 3 reparadores de piel para volantes, color negro, piel y piel sintética, compatible con Audi, BMW, Mercedes, Porsche, Volkswagen","Label":"Title","Locale":"es_ES"}},"Offers":{"Summaries":[{"Condition":{"Value":"New"},"LowestPrice":{"Amount":29.95,"Currency":"EUR","DisplayAmount":"29,95 €"}}]}}],"SearchURL":"https://www.amazon.es/s?k=reparar+volante&rh=n%3A2424866031%2Cp_n_availability%3A-1&tag=topinalambricos-21&linkCode=osi","TotalResultCount":352}},"264":{"SearchResult":{"Items":[{"ASIN":"B0BG44FT9V","DetailPageURL":"https://www.amazon.es/dp/B0BG44FT9V?tag=topinalambricos-21&linkCode=osi&th=1&psc=1","Images":{"Primary":{"Small":{"Height":75,"URL":"https://m.media-amazon.com/images/I/41p4ITTyH2L._SL75_.jpg","Width":75}}},"ItemInfo":{"ByLineInfo":{"Brand":{"DisplayValue":"HASAIKA","Label":"Brand","Locale":"es_ES"},"Manufacturer":{"DisplayValue":"HASAIKA","Label":"Manufacturer","Locale":"es_ES"}},"Title":{"DisplayValue":"HASAIKA Crema De Reparación De Cuero, Kits de reparación de Cuero mezclables para sofá, Chaqueta de Cuero, Asiento de automóvil, Zapatos, Abrigos, 5 Colores","Label":"Title","Locale":"es_ES"}},"Offers":{"Summaries":[{"Condition":{"Value":"New"},"LowestPrice":{"Amount":9.14,"Currency":"EUR","DisplayAmount":"9,14 €"}}]}},{"ASIN":"B07QVFFV5P","DetailPageURL":"https://www.amazon.es/dp/B07QVFFV5P?tag=topinalambricos-21&linkCode=osi&th=1&psc=1","Images":{"Primary":{"Small":{"Height":75,"URL":"https://m.media-amazon.com/images/I/515PemWPjVL._SL75_.jpg","Width":75}}},"ItemInfo":{"ByLineInfo":{"Brand":{"DisplayValue":"Coconix","Label":"Brand","Locale":"es_ES"},"Manufacturer":{"DisplayValue":"Coconix","Label":"Manufacturer","Locale":"es_ES"}},"Title":{"DisplayValue":"Coconix Kits de reparación de Cuero Negro para sofás - Kit de reparación de tapicería y Vinilo para Asientos de automóviles, sofás y Muebles - Fórmula de Relleno de rayones líquidos","Label":"Title","Locale":"es_ES"}},"Offers":{"Summaries":[{"Condition":{"Value":"New"},"LowestPrice":{"Amount":22.44,"Currency":"EUR","DisplayAmount":"22,44 €"}}]}},{"ASIN":"B0BTHFNGP8","DetailPageURL":"https://www.amazon.es/dp/B0BTHFNGP8?tag=topinalambricos-21&linkCode=osi&th=1&psc=1","Images":{"Primary":{"Small":{"Height":75,"URL":"https://m.media-amazon.com/images/I/31w1Zb7osRL._SL75_.jpg","Width":75}}},"ItemInfo":{"ByLineInfo":{"Brand":{"DisplayValue":"BAOSROY","Label":"Brand","Locale":"es_ES"},"Manufacturer":{"DisplayValue":"BAOSROY","Label":"Manufacturer","Locale":"es_ES"}},"Title":{"DisplayValue":"BAOSROY Crema de Reparación de Cuero,Crema Reparadora de Cuero,Gel Reparación Cuero,Reparación y Protección de Arañazos en Cuero para Asientos de Automóvil, Sofás, Abrigos de Cuero,Negro","Label":"Title","Locale":"es_ES"}},"Offers":{"Summaries":[{"Condition":{"Value":"New"},"LowestPrice":{"Amount":6.99,"Currency":"EUR","DisplayAmount":"6,99 €"}}]}},{"ASIN":"B00FOKOKI4","DetailPageURL":"https://www.amazon.es/dp/B00FOKOKI4?tag=topinalambricos-21&linkCode=osi&th=1&psc=1","Images":{"Primary":{"Small":{"Height":75,"URL":"https://m.media-amazon.com/images/I/41Yd-q1lxcL._SL75_.jpg","Width":75}}},"ItemInfo":{"ByLineInfo":{"Brand":{"DisplayValue":"Furniture Clinic","Label":"Brand","Locale":"es_ES"},"Manufacturer":{"DisplayValue":"Furniture Clinic","Label":"Manufacturer","Locale":"es_ES"}},"Title":{"DisplayValue":"Furniture Clinic Bálsamo Reparador para Cuero y Piel Restaura, Hidrata, Repara los Arañazos y la Decoloración del Cuero - Sofás, Tapicerías, Asientos de Automóviles, Ropa, Zapatos - Marfil","Label":"Title","Locale":"es_ES"}},"Offers":{"Summaries":[{"Condition":{"Value":"New"},"LowestPrice":{"Amount":26.95,"Currency":"EUR","DisplayAmount":"26,95 €"}}]}},{"ASIN":"B0BHJ5HP8W","DetailPageURL":"https://www.amazon.es/dp/B0BHJ5HP8W?tag=topinalambricos-21&linkCode=osi&th=1&psc=1","Images":{"Primary":{"Small":{"Height":75,"URL":"https://m.media-amazon.com/images/I/31-fptY+2oL._SL75_.jpg","Width":75}}},"ItemInfo":{"ByLineInfo":{"Brand":{"DisplayValue":"Bocguy","Label":"Brand","Locale":"es_ES"},"Manufacturer":{"DisplayValue":"Bocguy","Label":"Manufacturer","Locale":"es_ES"}},"Title":{"DisplayValue":"Cuero Adhesivo 150 x 20 cm, Parche de Cuero Adhesivo, Polipiel Adhesivo para Tapizar para Sofás, Asientos de coche, Muebles, Reparación y Renovación (Negro)","Label":"Title","Locale":"es_ES"}},"Offers":{"Summaries":[{"Condition":{"Value":"New"},"LowestPrice":{"Amount":14.99,"Currency":"EUR","DisplayAmount":"14,99 €"}}]}},{"ASIN":"B081KY1Q3P","DetailPageURL":"https://www.amazon.es/dp/B081KY1Q3P?tag=topinalambricos-21&linkCode=osi&th=1&psc=1","Images":{"Primary":{"Small":{"Height":75,"URL":"https://m.media-amazon.com/images/I/51ku1RHMBGL._SL75_.jpg","Width":75}}},"ItemInfo":{"ByLineInfo":{"Brand":{"DisplayValue":"ARCSSAI","Label":"Brand","Locale":"es_ES"},"Manufacturer":{"DisplayValue":"ARCSSAI ARCSSA","Label":"Manufacturer","Locale":"es_ES"}},"Title":{"DisplayValue":"ARCSSAI Reparación de Cuero Negro de Vinilo para Muebles, Asientos de automóviles, Chaquetas, Zapatos, Cuero sintético, sin calefacción","Label":"Title","Locale":"es_ES"}},"Offers":{"Summaries":[{"Condition":{"Value":"New"},"LowestPrice":{"Amount":15.99,"Currency":"EUR","DisplayAmount":"15,99 €"}}]}},{"ASIN":"B09HQM1ZHY","DetailPageURL":"https://www.amazon.es/dp/B09HQM1ZHY?tag=topinalambricos-21&linkCode=osi&th=1&psc=1","Images":{"Primary":{"Small":{"Height":75,"URL":"https://m.media-amazon.com/images/I/51++rSRH7aL._SL75_.jpg","Width":75}}},"ItemInfo":{"ByLineInfo":{"Brand":{"DisplayValue":"GELAISI","Label":"Brand","Locale":"es_ES"},"Manufacturer":{"DisplayValue":"GELAISI","Label":"Manufacturer","Locale":"es_ES"}},"Title":{"DisplayValue":"GELAISI 7,6 * 152 cm, Kit de Parche de Cuero de PVC, Efecto de Piel de Vaca, reparación de sofá, Grietas, Quemaduras solares, Accesorios para Asientos de Coche","Label":"Title","Locale":"es_ES"}},"Offers":{"Summaries":[{"Condition":{"Value":"New"},"LowestPrice":{"Amount":8.99,"Currency":"EUR","DisplayAmount":"8,99 €"}}]}},{"ASIN":"B08MWJNTZH","DetailPageURL":"https://www.amazon.es/dp/B08MWJNTZH?tag=topinalambricos-21&linkCode=osi&th=1&psc=1","Images":{"Primary":{"Small":{"Height":75,"URL":"https://m.media-amazon.com/images/I/31LuxvE42cL._SL75_.jpg","Width":75}}},"ItemInfo":{"ByLineInfo":{"Brand":{"DisplayValue":"Furniture Clinic","Label":"Brand","Locale":"es_ES"},"Manufacturer":{"DisplayValue":"Furniture Clinic","Label":"Manufacturer","Locale":"es_ES"}},"Title":{"DisplayValue":"Furniture Clinic, Masilla de Reparación de Cueros: Para Rellenar Agujeros, Rozaduras, Arañazos, Grietas (blanco, 50 ml)","Label":"Title","Locale":"es_ES"}},"Offers":{"Summaries":[{"Condition":{"Value":"New"},"LowestPrice":{"Amount":13.5,"Currency":"EUR","DisplayAmount":"13,50 € (270,00 € / l)","PricePerUnit":270.0}}]}},{"ASIN":"B07QP18TS2","DetailPageURL":"https://www.amazon.es/dp/B07QP18TS2?tag=topinalambricos-21&linkCode=osi&th=1&psc=1","Images":{"Primary":{"Small":{"Height":75,"URL":"https://m.media-amazon.com/images/I/51JiQuwxRNL._SL75_.jpg","Width":75}}},"ItemInfo":{"ByLineInfo":{"Brand":{"DisplayValue":"Coconix","Label":"Brand","Locale":"es_ES"},"Manufacturer":{"DisplayValue":"Coconix","Label":"Manufacturer","Locale":"es_ES"}},"Title":{"DisplayValue":"Coconix Kits de reparación de Cuero marrón para sofás - Kit de reparación de tapicería y Vinilo para Asientos de automóviles, sofás y Muebles - Fórmula de Relleno de rayones líquidos","Label":"Title","Locale":"es_ES"}},"Offers":{"Summaries":[{"Condition":{"Value":"New"},"LowestPrice":{"Amount":21.75,"Currency":"EUR","DisplayAmount":"21,75 €"}}]}},{"ASIN":"B0BTD353WZ","DetailPageURL":"https://www.amazon.es/dp/B0BTD353WZ?tag=topinalambricos-21&linkCode=osi&th=1&psc=1","Images":{"Primary":{"Small":{"Height":75,"URL":"https://m.media-amazon.com/images/I/51egaWxqMbL._SL75_.jpg","Width":75}}},"ItemInfo":{"ByLineInfo":{"Brand":{"DisplayValue":"Miioto","Label":"Brand","Locale":"es_ES"},"Manufacturer":{"DisplayValue":"Miioto","Label":"Manufacturer","Locale":"es_ES"}},"Title":{"DisplayValue":"10 Colores Reparador Cuero Liquido, Kit de Reparación de Cuero, Kit de Reparación de Vinilo y Cuero, Kit de Reparación de para Asientos de Coche, Sofá, Chaqueta, Bolso, Cinturón, Zapatosde (20ml*10)","Label":"Title","Locale":"es_ES"}},"Offers":{"Summaries":[{"Condition":{"Value":"New"},"LowestPrice":{"Amount":17.99,"Currency":"EUR","DisplayAmount":"17,99 €"}}]}}],"SearchURL":"https://www.amazon.es/s?k=reparar+asientos&rh=n%3A2424866031%2Cp_n_availability%3A-1&tag=topinalambricos-21&linkCode=osi","TotalResultCount":1000}},"266":{"SearchResult":{"Items":[{"ASIN":"B0BVMQTNQL","DetailPageURL":"https://www.amazon.es/dp/B0BVMQTNQL?tag=topinalambricos-21&linkCode=osi&th=1&psc=1","Images":{"Primary":{"Small":{"Height":75,"URL":"https://m.media-amazon.com/images/I/41ALgn5qogL._SL75_.jpg","Width":75}}},"ItemInfo":{"ByLineInfo":{"Brand":{"DisplayValue":"Asixxsix","Label":"Brand","Locale":"es_ES"},"Manufacturer":{"DisplayValue":"Asixxsix","Label":"Manufacturer","Locale":"es_ES"}},"Title":{"DisplayValue":"Máquina de coser cuero, máquina de coser manual de reparación de zapatos de metal resistente, antioxidante y robusta máquina de coser manual semiautomática para reparar zapatos","Label":"Title","Locale":"es_ES"}},"Offers":{"Summaries":[{"Condition":{"Value":"New"},"LowestPrice":{"Amount":260.71,"Currency":"EUR","DisplayAmount":"260,71 €"}}]}},{"ASIN":"B08QFG8RDH","DetailPageURL":"https://www.amazon.es/dp/B08QFG8RDH?tag=topinalambricos-21&linkCode=osi&th=1&psc=1","Images":{"Primary":{"Small":{"Height":75,"URL":"https://m.media-amazon.com/images/I/511KzB-yqCL._SL75_.jpg","Width":75}}},"ItemInfo":{"ByLineInfo":{"Brand":{"DisplayValue":"Rainbow_Road","Label":"Brand","Locale":"es_ES"}},"Title":{"DisplayValue":"Máquina de reparación de zapatos Zapatero Manual Máquina de coser para reparar zapatos Máquina de coser de zapatos de aluminio Tela de cuero Algodón Nylon Línea de seda Máquina de coser","Label":"Title","Locale":"es_ES"}},"Offers":{"Summaries":[{"Condition":{"Value":"New"},"LowestPrice":{"Amount":229.0,"Currency":"EUR","DisplayAmount":"229,00 €"}}]}},{"ASIN":"B08YN8H2W6","DetailPageURL":"https://www.amazon.es/dp/B08YN8H2W6?tag=topinalambricos-21&linkCode=osi&th=1&psc=1","Images":{"Primary":{"Small":{"Height":75,"URL":"https://m.media-amazon.com/images/I/410Y17JAugL._SL75_.jpg","Width":75}}},"ItemInfo":{"ByLineInfo":{"Brand":{"DisplayValue":"TFCFL","Label":"Brand","Locale":"es_ES"}},"Title":{"DisplayValue":"Máquina de coser SM 6-9 7 mm Cuero Genuino Algodón Lona Cuero Vaqueros Coser Máquina de Coser,Máxima velocidad: 3000S.P.M,Tipo de aguja: DP * 5 No. 17","Label":"Title","Locale":"es_ES"}},"Offers":{"Summaries":[{"Condition":{"Value":"New"},"LowestPrice":{"Amount":370.0,"Currency":"EUR","DisplayAmount":"370,00 €"}}]}},{"ASIN":"B08NX3V183","DetailPageURL":"https://www.amazon.es/dp/B08NX3V183?tag=topinalambricos-21&linkCode=osi&th=1&psc=1","Images":{"Primary":{"Small":{"Height":75,"URL":"https://m.media-amazon.com/images/I/41IohgmfJyL._SL75_.jpg","Width":75}}},"ItemInfo":{"ByLineInfo":{"Brand":{"DisplayValue":"Jetta King","Label":"Brand","Locale":"es_ES"},"Manufacturer":{"DisplayValue":"Jetta King","Label":"Manufacturer","Locale":"es_ES"}},"Title":{"DisplayValue":"Maquina de Coser electrica, Máquina de Coser de Mano portátil eléctrico de reparación rápida de Tela de Cuero de Cuero for Principiantes de Lona","Label":"Title","Locale":"es_ES"}},"Offers":{"Summaries":[{"Condition":{"Value":"New"},"LowestPrice":{"Amount":47.71,"Currency":"EUR","DisplayAmount":"47,71 €"}}]}},{"ASIN":"B083FXCYMV","DetailPageURL":"https://www.amazon.es/dp/B083FXCYMV?tag=topinalambricos-21&linkCode=osi&th=1&psc=1","Images":{"Primary":{"Small":{"Height":75,"URL":"https://m.media-amazon.com/images/I/41OC7O08LFL._SL75_.jpg","Width":75}}},"ItemInfo":{"ByLineInfo":{"Brand":{"DisplayValue":"Focket","Label":"Brand","Locale":"es_ES"}},"Title":{"DisplayValue":"Máquina de Reparación de Zapatos, Máquina Coser Manual de Metal Ajustable Semiautomática Máquina Coser Reparación Zapatos Zapatero Máquina Coser de Algodón y Nylon para Zapatos Cuero Impermeables, etc","Label":"Title","Locale":"es_ES"}},"Offers":{"Summaries":[{"Condition":{"Value":"New"},"LowestPrice":{"Amount":191.27,"Currency":"EUR","DisplayAmount":"191,27 €"}}]}},{"ASIN":"B092JK4MVT","DetailPageURL":"https://www.amazon.es/dp/B092JK4MVT?tag=topinalambricos-21&linkCode=osi&th=1&psc=1","Images":{"Primary":{"Small":{"Height":75,"URL":"https://m.media-amazon.com/images/I/41jcc9rgbnL._SL75_.jpg","Width":75}}},"ItemInfo":{"ByLineInfo":{"Brand":{"DisplayValue":"JFF","Label":"Brand","Locale":"es_ES"},"Manufacturer":{"DisplayValue":"JFF","Label":"Manufacturer","Locale":"es_ES"}},"Title":{"DisplayValue":"JFF Máquina de reparación de Zapatos Cobbler, máquina de Coser de Puntada de Cuero con Parche Manual, máquina de reparación de Lona para Zapatos","Label":"Title","Locale":"es_ES"}},"Offers":{"Summaries":[{"Condition":{"Value":"New"},"LowestPrice":{"Amount":1250.89,"Currency":"EUR","DisplayAmount":"1.250,89 €"}}]}},{"ASIN":"B08LBHP1ZG","DetailPageURL":"https://www.amazon.es/dp/B08LBHP1ZG?tag=topinalambricos-21&linkCode=osi&th=1&psc=1","Images":{"Primary":{"Small":{"Height":75,"URL":"https://m.media-amazon.com/images/I/41fvDTwnp1L._SL75_.jpg","Width":75}}},"ItemInfo":{"ByLineInfo":{"Brand":{"DisplayValue":"Dbtxwd","Label":"Brand","Locale":"es_ES"},"Manufacturer":{"DisplayValue":"74260","Label":"Manufacturer","Locale":"es_ES"}},"Title":{"DisplayValue":"Máquina De Mano Máquina De Reparación De Calzado Zapatero, Semiautomática Reparación De Calzado Máquina De Reparación Manual De Cuero Algodón Nylon Línea Máquina De Coser","Label":"Title","Locale":"es_ES"}},"Offers":{"Summaries":[{"Condition":{"Value":"New"},"LowestPrice":{"Amount":354.0,"Currency":"EUR","DisplayAmount":"354,00 €"}}]}},{"ASIN":"B08LBHMH5B","DetailPageURL":"https://www.amazon.es/dp/B08LBHMH5B?tag=topinalambricos-21&linkCode=osi&th=1&psc=1","Images":{"Primary":{"Small":{"Height":75,"URL":"https://m.media-amazon.com/images/I/41pjSStNmhL._SL75_.jpg","Width":75}}},"ItemInfo":{"ByLineInfo":{"Brand":{"DisplayValue":"Dbtxwd","Label":"Brand","Locale":"es_ES"},"Manufacturer":{"DisplayValue":"74260","Label":"Manufacturer","Locale":"es_ES"}},"Title":{"DisplayValue":"Manual De Zapatos Zapatero Máquina De Reparación De Zapatos Doble Línea De Nylon De Algodón Máquina De Coser De Zapatos Para Zapatos Bolsas De Tela Artículos De Cuero","Label":"Title","Locale":"es_ES"}},"Offers":{"Summaries":[{"Condition":{"Value":"New"},"LowestPrice":{"Amount":354.0,"Currency":"EUR","DisplayAmount":"354,00 €"}}]}},{"ASIN":"B01J6LOWZM","DetailPageURL":"https://www.amazon.es/dp/B01J6LOWZM?tag=topinalambricos-21&linkCode=osi&th=1&psc=1","Images":{"Primary":{"Small":{"Height":75,"URL":"https://m.media-amazon.com/images/I/31otlmAnR0L._SL75_.jpg","Width":75}}},"ItemInfo":{"ByLineInfo":{"Brand":{"DisplayValue":"sourcing map","Label":"Brand","Locale":"es_ES"},"Manufacturer":{"DisplayValue":"sourcing map","Label":"Manufacturer","Locale":"es_ES"}},"Title":{"DisplayValue":"sourcing map Saco de yute de embalaje de cuero curvo en punta de costura de costura Agujas 8 pcs","Label":"Title","Locale":"es_ES"}},"Offers":{"Summaries":[{"Condition":{"Value":"New"},"LowestPrice":{"Amount":10.99,"Currency":"EUR","DisplayAmount":"10,99 €"}}]}},{"ASIN":"B092JLFL46","DetailPageURL":"https://www.amazon.es/dp/B092JLFL46?tag=topinalambricos-21&linkCode=osi&th=1&psc=1","Images":{"Primary":{"Small":{"Height":75,"URL":"https://m.media-amazon.com/images/I/41hN7u7bZmL._SL75_.jpg","Width":75}}},"ItemInfo":{"ByLineInfo":{"Brand":{"DisplayValue":"JFF","Label":"Brand","Locale":"es_ES"},"Manufacturer":{"DisplayValue":"JFF","Label":"Manufacturer","Locale":"es_ES"}},"Title":{"DisplayValue":"JFF Máquina De Coser De Cuero Manual, Zapatero Manual, Máquina De Reparación De Zapatos, Parcheador De Zapatos, Doble Línea De Nailon Y Algodón, Máquina De Coser De Alta Resistencia","Label":"Title","Locale":"es_ES"}},"Offers":{"Summaries":[{"Condition":{"Value":"New"},"LowestPrice":{"Amount":373.1,"Currency":"EUR","DisplayAmount":"373,10 €"}}]}}],"SearchURL":"https://www.amazon.es/s?k=cuero&rh=n%3A4358463031%2Cp_n_availability%3A-1&tag=topinalambricos-21&linkCode=osi","TotalResultCount":187}},"267":{"SearchResult":{"Items":[{"ASIN":"B0B6P4399S","DetailPageURL":"https://www.amazon.es/dp/B0B6P4399S?tag=topinalambricos-21&linkCode=osi&th=1&psc=1","Images":{"Primary":{"Small":{"Height":75,"URL":"https://m.media-amazon.com/images/I/41CyqyhkHfL._SL75_.jpg","Width":75}}},"ItemInfo":{"ByLineInfo":{"Brand":{"DisplayValue":"Fodlon","Label":"Brand","Locale":"es_ES"},"Manufacturer":{"DisplayValue":"Fodlon","Label":"Manufacturer","Locale":"es_ES"}},"Title":{"DisplayValue":"Hilo Encerado Beige, 328 Yardas Cordón Encerado, 150D 1 mm Coser de Cuero Encerado, Cordón Encerado Plano para Encuadernación, Costura Cuero, Fabricación de Joyas, Lienzo, Ganchillo","Label":"Title","Locale":"es_ES"}},"Offers":{"Summaries":[{"Condition":{"Value":"New"},"LowestPrice":{"Amount":8.98,"Currency":"EUR","DisplayAmount":"8,98 €"}}]}},{"ASIN":"B07QGF3KPR","DetailPageURL":"https://www.amazon.es/dp/B07QGF3KPR?tag=topinalambricos-21&linkCode=osi&th=1&psc=1","Images":{"Primary":{"Small":{"Height":75,"URL":"https://m.media-amazon.com/images/I/41nJ9iA7iML._SL75_.jpg","Width":75}}},"ItemInfo":{"ByLineInfo":{"Brand":{"DisplayValue":"FTVOGUE","Label":"Brand","Locale":"es_ES"},"Manufacturer":{"DisplayValue":"FTVOGUE","Label":"Manufacturer","Locale":"es_ES"}},"Title":{"DisplayValue":"FTVOGUE - Hilo de coser encerado para zapatos de cuero, costura a mano, 150D, 50 m, color marrón oscuro","Label":"Title","Locale":"es_ES"}},"Offers":{"Summaries":[{"Condition":{"Value":"New"},"LowestPrice":{"Amount":7.19,"Currency":"EUR","DisplayAmount":"7,19 €"}}]}},{"ASIN":"B09PC1SKZD","DetailPageURL":"https://www.amazon.es/dp/B09PC1SKZD?tag=topinalambricos-21&linkCode=osi&th=1&psc=1","Images":{"Primary":{"Small":{"Height":75,"URL":"https://m.media-amazon.com/images/I/31zZ+K7t9mL._SL75_.jpg","Width":75}}},"ItemInfo":{"ByLineInfo":{"Brand":{"DisplayValue":"YIPUETERNITY","Label":"Brand","Locale":"es_ES"},"Manufacturer":{"DisplayValue":"YIPUETERNITY","Label":"Manufacturer","Locale":"es_ES"}},"Title":{"DisplayValue":"Hilo Encerado, 150D 1mm Cordón Encerado, 260m Piel Hilo de Costura Encerada para Cuero DIY, Encuadernación, Reparación de Calzado, Proyectos de Cuero, Telas Pesadas, Bolsos - Negro","Label":"Title","Locale":"es_ES"}},"Offers":{"Summaries":[{"Condition":{"Value":"New"},"LowestPrice":{"Amount":9.99,"Currency":"EUR","DisplayAmount":"9,99 €"}}]}},{"ASIN":"B08Y5C5QWL","DetailPageURL":"https://www.amazon.es/dp/B08Y5C5QWL?tag=topinalambricos-21&linkCode=osi&th=1&psc=1","Images":{"Primary":{"Small":{"Height":75,"URL":"https://m.media-amazon.com/images/I/5143bZ-IO8S._SL75_.jpg","Width":75}}},"ItemInfo":{"ByLineInfo":{"Brand":{"DisplayValue":"Queta","Label":"Brand","Locale":"es_ES"},"Manufacturer":{"DisplayValue":"Queta","Label":"Manufacturer","Locale":"es_ES"}},"Title":{"DisplayValue":"Queta Juego de costura para cuero, 29 unidades, con hilo encerado de 8 colores, para coser cuero","Label":"Title","Locale":"es_ES"}},"Offers":{"Summaries":[{"Condition":{"Value":"New"},"LowestPrice":{"Amount":10.99,"Currency":"EUR","DisplayAmount":"10,99 €"}}]}},{"ASIN":"B07Q19JNSQ","DetailPageURL":"https://www.amazon.es/dp/B07Q19JNSQ?tag=topinalambricos-21&linkCode=osi&th=1&psc=1","Images":{"Primary":{"Small":{"Height":75,"URL":"https://m.media-amazon.com/images/I/51nP9qQ9XWL._SL75_.jpg","Width":75}}},"ItemInfo":{"ByLineInfo":{"Brand":{"DisplayValue":"ShipeeKin","Label":"Brand","Locale":"es_ES"},"Manufacturer":{"DisplayValue":"ShipeeKin","Label":"Manufacturer","Locale":"es_ES"}},"Title":{"DisplayValue":"ShipeeKin Hilo de Costura 240 Metros 150D de Piel Encerada para artesanía de Cuero DIY, 0,8 mm de diámetro, 8 Colores. Cada uno de 30 Metros.","Label":"Title","Locale":"es_ES"}},"Offers":{"Summaries":[{"Condition":{"Value":"New"},"LowestPrice":{"Amount":9.99,"Currency":"EUR","DisplayAmount":"9,99 € (0,04 € / metro)","PricePerUnit":0.04}}]}},{"ASIN":"B0BB9PHNHN","DetailPageURL":"https://www.amazon.es/dp/B0BB9PHNHN?tag=topinalambricos-21&linkCode=osi&th=1&psc=1","Images":{"Primary":{"Small":{"Height":75,"URL":"https://m.media-amazon.com/images/I/51KWViJkh6L._SL75_.jpg","Width":75}}},"ItemInfo":{"ByLineInfo":{"Brand":{"DisplayValue":"Kiuiom","Label":"Brand","Locale":"es_ES"},"Manufacturer":{"DisplayValue":"SPEER","Label":"Manufacturer","Locale":"es_ES"}},"Title":{"DisplayValue":"Hilo Encerado,Cordon Encerado,Hilo Coser Cuero,Hilo de Poliéster Encerado 5PC Plano Hilo Encerado para Hacer Collar Cuero Bisuteria Abalorios DIY Pulseras Cada Rollo de 30M","Label":"Title","Locale":"es_ES"}},"Offers":{"Summaries":[{"Condition":{"Value":"New"},"LowestPrice":{"Amount":6.99,"Currency":"EUR","DisplayAmount":"6,99 €"}}]}},{"ASIN":"B08K4HQSW1","DetailPageURL":"https://www.amazon.es/dp/B08K4HQSW1?tag=topinalambricos-21&linkCode=osi&th=1&psc=1","Images":{"Primary":{"Small":{"Height":75,"URL":"https://m.media-amazon.com/images/I/514F9-spDiL._SL75_.jpg","Width":75}}},"ItemInfo":{"ByLineInfo":{"Brand":{"DisplayValue":"Nsiwem","Label":"Brand","Locale":"es_ES"},"Manufacturer":{"DisplayValue":"Nsiwem","Label":"Manufacturer","Locale":"es_ES"}},"Title":{"DisplayValue":"Nsiwem Hilo Encerado para Cuero 2 piezas Cordón de Hilo Encerado 260M 150D 1mm Hilo de Costura para Cuero Hilo de Cuero para Coser a Mano con 7 pcs Agujas para DIY Artesanía de Cuero","Label":"Title","Locale":"es_ES"}},"Offers":{"Summaries":[{"Condition":{"Value":"New"},"LowestPrice":{"Amount":17.99,"Currency":"EUR","DisplayAmount":"17,99 € (0,03 € / metro)","PricePerUnit":0.03}}]}},{"ASIN":"B0912J9JCR","DetailPageURL":"https://www.amazon.es/dp/B0912J9JCR?tag=topinalambricos-21&linkCode=osi&th=1&psc=1","Images":{"Primary":{"Small":{"Height":75,"URL":"https://m.media-amazon.com/images/I/51QLS6TsktL._SL75_.jpg","Width":75}}},"ItemInfo":{"ByLineInfo":{"Brand":{"DisplayValue":"HERCHR","Label":"Brand","Locale":"es_ES"},"Manufacturer":{"DisplayValue":"HERCHR","Label":"Manufacturer","Locale":"es_ES"}},"Title":{"DisplayValue":"50M Carrete Hilo de Coser de Cuero Encerado, 36pcs Cordón de Cuero 150D Multicolor Hilo de Coser de Cuero Encerado para la Costura de Cuero, la Costura de la Mano, la artesanía de Costura de DIY","Label":"Title","Locale":"es_ES"}},"Offers":{"Summaries":[{"Condition":{"Value":"New"},"LowestPrice":{"Amount":38.42,"Currency":"EUR","DisplayAmount":"38,42 €"}}]}},{"ASIN":"B09H2J6SX6","DetailPageURL":"https://www.amazon.es/dp/B09H2J6SX6?tag=topinalambricos-21&linkCode=osi&th=1&psc=1","Images":{"Primary":{"Small":{"Height":75,"URL":"https://m.media-amazon.com/images/I/410FWHE7mDL._SL75_.jpg","Width":75}}},"ItemInfo":{"ByLineInfo":{"Brand":{"DisplayValue":"Hazrcvr","Label":"Brand","Locale":"es_ES"},"Manufacturer":{"DisplayValue":"Hazrcvr","Label":"Manufacturer","Locale":"es_ES"}},"Title":{"DisplayValue":"Hazrcvr Hilo Encerado de Cuero 12 Piezas Hilo de Coser Hilo de Costura Hilo de Cera Hilo Macrame Cordón de Hilo Encerado 12 Colores Cuero Hilo Encerado para Cuero Artesanía Costura","Label":"Title","Locale":"es_ES"}},"Offers":{"Summaries":[{"Condition":{"Value":"New"},"LowestPrice":{"Amount":14.59,"Currency":"EUR","DisplayAmount":"14,59 €"}}]}},{"ASIN":"B07FDNS2H5","DetailPageURL":"https://www.amazon.es/dp/B07FDNS2H5?tag=topinalambricos-21&linkCode=osi&th=1&psc=1","Images":{"Primary":{"Small":{"Height":75,"URL":"https://m.media-amazon.com/images/I/61-qwSa-YrL._SL75_.jpg","Width":75}}},"ItemInfo":{"ByLineInfo":{"Brand":{"DisplayValue":"BETESSIN","Label":"Brand","Locale":"es_ES"},"Manufacturer":{"DisplayValue":"BETESSIN","Label":"Manufacturer","Locale":"es_ES"}},"Title":{"DisplayValue":"BETESSIN 6 Rollos Cordón Encerado 150D/1mm 50m Cuerda Encerada Multiolores Hilo de Cuero para Manualidades DIY Pulseras Abalorios Collares Monedero Bolsas de Cuero Multiuso","Label":"Title","Locale":"es_ES"}},"Offers":{"Summaries":[{"Condition":{"Value":"New"},"LowestPrice":{"Amount":14.99,"Currency":"EUR","DisplayAmount":"14,99 € (0,05 € / meter)","PricePerUnit":0.05}}]}}],"SearchURL":"https://www.amazon.es/s?k=cuero&rh=n%3A4358102031%2Cp_n_availability%3A-1&tag=topinalambricos-21&linkCode=osi","TotalResultCount":1000}},"268":{"SearchResult":{"Items":[{"ASIN":"B08TX23R7J","DetailPageURL":"https://www.amazon.es/dp/B08TX23R7J?tag=topinalambricos-21&linkCode=osi&th=1&psc=1","Images":{"Primary":{"Small":{"Height":73,"URL":"https://m.media-amazon.com/images/I/51rVwU-V65S._SL75_.jpg","Width":75}}},"ItemInfo":{"ByLineInfo":{"Brand":{"DisplayValue":"GutView","Label":"Brand","Locale":"es_ES"},"Manufacturer":{"DisplayValue":"GutView","Label":"Manufacturer","Locale":"es_ES"}},"Title":{"DisplayValue":"GutView Juego de Costura Paracord, Paquete 12 Juegos Paracord FID Acero Inoxidable, Herramienta alisado, Herramientas para anudar Hacer Pulseras y Trabajos Paracord Cuero (Silver)","Label":"Title","Locale":"es_ES"}},"Offers":{"Summaries":[{"Condition":{"Value":"New"},"LowestPrice":{"Amount":18.99,"Currency":"EUR","DisplayAmount":"18,99 €"}}]}},{"ASIN":"B07TDHLYQJ","DetailPageURL":"https://www.amazon.es/dp/B07TDHLYQJ?tag=topinalambricos-21&linkCode=osi&th=1&psc=1","Images":{"Primary":{"Small":{"Height":75,"URL":"https://m.media-amazon.com/images/I/41DSdepM15L._SL75_.jpg","Width":75}}},"ItemInfo":{"ByLineInfo":{"Brand":{"DisplayValue":"Pveath","Label":"Brand","Locale":"es_ES"},"Manufacturer":{"DisplayValue":"Pveath","Label":"Manufacturer","Locale":"es_ES"}},"Title":{"DisplayValue":"Juego de costura Paracord de 8 piezas,7 agujas de cordón Paracord FID de acero inoxidable Paracord de diferentes tamaños + 1 herramienta de suavizado de piezas para cuerdas, brazalete, tejido de cuero","Label":"Title","Locale":"es_ES"}},"Offers":{"Summaries":[{"Condition":{"Value":"New"},"LowestPrice":{"Amount":8.99,"Currency":"EUR","DisplayAmount":"8,99 €"}}]}},{"ASIN":"B0B77DNZNF","DetailPageURL":"https://www.amazon.es/dp/B0B77DNZNF?tag=topinalambricos-21&linkCode=osi&th=1&psc=1","Images":{"Primary":{"Small":{"Height":75,"URL":"https://m.media-amazon.com/images/I/41SGZKMm9GL._SL75_.jpg","Width":75}}},"ItemInfo":{"ByLineInfo":{"Brand":{"DisplayValue":"HOTMNTY","Label":"Brand","Locale":"es_ES"},"Manufacturer":{"DisplayValue":"CUTTY","Label":"Manufacturer","Locale":"es_ES"}},"Title":{"DisplayValue":"Aguja Paracord FID,Juego de Agujas de Paracord,Aguja de Costura Paracord,Paracord FID Acero Inoxidable,Paracord Cordón Agujas de Costura,Juego de Costura con Herramienta de Suavizado,5 Piezas","Label":"Title","Locale":"es_ES"}},"Offers":{"Summaries":[{"Condition":{"Value":"New"},"LowestPrice":{"Amount":7.49,"Currency":"EUR","DisplayAmount":"7,49 €"}}]}},{"ASIN":"B08FB6P1Y3","DetailPageURL":"https://www.amazon.es/dp/B08FB6P1Y3?tag=topinalambricos-21&linkCode=osi&th=1&psc=1","Images":{"Primary":{"Small":{"Height":75,"URL":"https://m.media-amazon.com/images/I/31dlvvrrtpL._SL75_.jpg","Width":68}}},"ItemInfo":{"ByLineInfo":{"Brand":{"DisplayValue":"Namvo","Label":"Brand","Locale":"es_ES"},"Manufacturer":{"DisplayValue":"Namvo","Label":"Manufacturer","Locale":"es_ES"}},"Title":{"DisplayValue":"Namvo 3 tamaños de Agujas de Coser Paracord con Juego de Herramientas alisadoras de Acero Inoxidable para Coser Cordones Aguja de Tejer para Manualidades, Pulseras, Tejer Cordones","Label":"Title","Locale":"es_ES"}},"Offers":{"Summaries":[{"Condition":{"Value":"New"},"LowestPrice":{"Amount":7.99,"Currency":"EUR","DisplayAmount":"7,99 €"}}]}},{"ASIN":"B07TBBHPT9","DetailPageURL":"https://www.amazon.es/dp/B07TBBHPT9?tag=topinalambricos-21&linkCode=osi&th=1&psc=1","Images":{"Primary":{"Small":{"Height":75,"URL":"https://m.media-amazon.com/images/I/51y-ueBrsOL._SL75_.jpg","Width":75}}},"ItemInfo":{"ByLineInfo":{"Brand":{"DisplayValue":"AIEX","Label":"Brand","Locale":"es_ES"}},"Title":{"DisplayValue":"AIEX 6pcs Paracord FID Acero inoxidable Paracord Cordón Agujas de costura con herramienta de suavizado para suministros de bricolaje artesanal (Plata)","Label":"Title","Locale":"es_ES"}},"Offers":{"Summaries":[{"Condition":{"Value":"New"},"LowestPrice":{"Amount":9.99,"Currency":"EUR","DisplayAmount":"9,99 €"}}]}},{"ASIN":"B07VZTQ258","DetailPageURL":"https://www.amazon.es/dp/B07VZTQ258?tag=topinalambricos-21&linkCode=osi&th=1&psc=1","Images":{"Primary":{"Small":{"Height":75,"URL":"https://m.media-amazon.com/images/I/41x53e5MzgL._SL75_.jpg","Width":75}}},"ItemInfo":{"ByLineInfo":{"Brand":{"DisplayValue":"YuCool","Label":"Brand","Locale":"es_ES"},"Manufacturer":{"DisplayValue":"YuCool","Label":"Manufacturer","Locale":"es_ES"}},"Title":{"DisplayValue":"YuCool - Juego de 8 agujas de cordón de paracaídas FID, juego de costuras de acero inoxidable con herramienta de alisado para cordones, pulsera de paracaídas y tejido de cuero, 8 tamaños, plata","Label":"Title","Locale":"es_ES"}},"Offers":{"Summaries":[{"Condition":{"Value":"New"},"LowestPrice":{"Amount":14.99,"Currency":"EUR","DisplayAmount":"14,99 €"}}]}},{"ASIN":"B07ZRKYH1H","DetailPageURL":"https://www.amazon.es/dp/B07ZRKYH1H?tag=topinalambricos-21&linkCode=osi&th=1&psc=1","Images":{"Primary":{"Small":{"Height":75,"URL":"https://m.media-amazon.com/images/I/31-8sxneQpL._SL75_.jpg","Width":75}}},"ItemInfo":{"ByLineInfo":{"Brand":{"DisplayValue":"Litthing","Label":"Brand","Locale":"es_ES"},"Manufacturer":{"DisplayValue":"Litthing","Label":"Manufacturer","Locale":"es_ES"}},"Title":{"DisplayValue":"Herramienta de Costura de Cuero Clip de Retención de Madera abrazadera de costura a mano para para Artesanía de Cuero DIY ,costura de cuero, herramientas de artesanía (Marrón Cuero Autoadhesivo)","Label":"Title","Locale":"es_ES"}},"Offers":{"Summaries":[{"Condition":{"Value":"New"},"LowestPrice":{"Amount":26.99,"Currency":"EUR","DisplayAmount":"26,99 €"}}]}},{"ASIN":"B0876MGDYG","DetailPageURL":"https://www.amazon.es/dp/B0876MGDYG?tag=topinalambricos-21&linkCode=osi&th=1&psc=1","Images":{"Primary":{"Small":{"Height":75,"URL":"https://m.media-amazon.com/images/I/51NAfCldP1L._SL75_.jpg","Width":75}}},"ItemInfo":{"ByLineInfo":{"Brand":{"DisplayValue":"Senhai","Label":"Brand","Locale":"es_ES"},"Manufacturer":{"DisplayValue":"SENHAI","Label":"Manufacturer","Locale":"es_ES"}},"Title":{"DisplayValue":"Senhai Paquete de 12 Aguja Paracord FID con Bolsa de Tela, Aguja de Costura Paracord para Pulseras de Bricolaje, Tejer Cordones de Cordones, Decoración de la Ropa","Label":"Title","Locale":"es_ES"}},"Offers":{"Summaries":[{"Condition":{"Value":"New"},"LowestPrice":{"Amount":13.79,"Currency":"EUR","DisplayAmount":"13,79 €"}}]}},{"ASIN":"B077G8NWGB","DetailPageURL":"https://www.amazon.es/dp/B077G8NWGB?tag=topinalambricos-21&linkCode=osi&th=1&psc=1","Images":{"Primary":{"Small":{"Height":75,"URL":"https://m.media-amazon.com/images/I/41UyfpSV4HL._SL75_.jpg","Width":75}}},"ItemInfo":{"ByLineInfo":{"Brand":{"DisplayValue":"KEEJEA","Label":"Brand","Locale":"es_ES"},"Manufacturer":{"DisplayValue":"KEEJEA","Label":"Manufacturer","Locale":"es_ES"}},"Title":{"DisplayValue":"Agujas de paracord de aluminio, 88,5 mm, 2 unidades","Label":"Title","Locale":"es_ES"}},"Offers":{"Summaries":[{"Condition":{"Value":"New"},"LowestPrice":{"Amount":7.39,"Currency":"EUR","DisplayAmount":"7,39 €"}}]}},{"ASIN":"B09DVSM4K3","DetailPageURL":"https://www.amazon.es/dp/B09DVSM4K3?tag=topinalambricos-21&linkCode=osi&th=1&psc=1","Images":{"Primary":{"Small":{"Height":75,"URL":"https://m.media-amazon.com/images/I/31s35Xn6vyL._SL75_.jpg","Width":75}}},"ItemInfo":{"ByLineInfo":{"Brand":{"DisplayValue":"Cabilock","Label":"Brand","Locale":"es_ES"},"Manufacturer":{"DisplayValue":"Cabilock","Label":"Manufacturer","Locale":"es_ES"}},"Title":{"DisplayValue":"Cabilock Agujas de cuero herramientas de artesanía kit de cuero agujas de coser a mano lona hilo trenzado cuerda de cuero para proyectos de cuero 5 piezas","Label":"Title","Locale":"es_ES"}},"Offers":{"Summaries":[{"Condition":{"Value":"New"},"LowestPrice":{"Amount":7.69,"Currency":"EUR","DisplayAmount":"7,69 €"}}]}}],"SearchURL":"https://www.amazon.es/s?k=aguja+cuero&rh=n%3A4358252031%2Cp_n_availability%3A-1&tag=topinalambricos-21&linkCode=osi","TotalResultCount":893}},"269":{"SearchResult":{"Items":[{"ASIN":"B08XBFL6HM","DetailPageURL":"https://www.amazon.es/dp/B08XBFL6HM?tag=topinalambricos-21&linkCode=osi&th=1&psc=1","Images":{"Primary":{"Small":{"Height":75,"URL":"https://m.media-amazon.com/images/I/41bublQUnTL._SL75_.jpg","Width":75}}},"ItemInfo":{"ByLineInfo":{"Brand":{"DisplayValue":"Milisten","Label":"Brand","Locale":"es_ES"},"Manufacturer":{"DisplayValue":"MILISTEN","Label":"Manufacturer","Locale":"es_ES"}},"Title":{"DisplayValue":"MILISTEN 20 Juegos de Remaches Y Rebabas de Cobre Arandelas de Cuero Remache de Cobre Cierre para Cinturones Carteras Collares de Cuero Diy Artesanía Suministros","Label":"Title","Locale":"es_ES"}},"Offers":{"Summaries":[{"Condition":{"Value":"New"},"LowestPrice":{"Amount":9.4,"Currency":"EUR","DisplayAmount":"9,40 €"}}]}},{"ASIN":"B086GX1Q62","DetailPageURL":"https://www.amazon.es/dp/B086GX1Q62?tag=topinalambricos-21&linkCode=osi&th=1&psc=1","Images":{"Primary":{"Small":{"Height":75,"URL":"https://m.media-amazon.com/images/I/41jKyCU9d8L._SL75_.jpg","Width":75}}},"ItemInfo":{"ByLineInfo":{"Brand":{"DisplayValue":"EXCEART","Label":"Brand","Locale":"es_ES"},"Manufacturer":{"DisplayValue":"EXCEART","Label":"Manufacturer","Locale":"es_ES"}},"Title":{"DisplayValue":"EXCEART 4 Piezas Pulsera de Cuero Pulsera de Piel de Vaca Pulsera Brazalete Regalo de Bricolaje para Niñas Mujeres Amigos Hombres Parejas Joyería Unisex","Label":"Title","Locale":"es_ES"}},"Offers":{"Summaries":[{"Condition":{"Value":"New"},"LowestPrice":{"Amount":10.77,"Currency":"EUR","DisplayAmount":"10,77 €"}}]}},{"ASIN":"B08ZKNDZTF","DetailPageURL":"https://www.amazon.es/dp/B08ZKNDZTF?tag=topinalambricos-21&linkCode=osi&th=1&psc=1","Images":{"Primary":{"Small":{"Height":75,"URL":"https://m.media-amazon.com/images/I/41fmLC0ovFL._SL75_.jpg","Width":75}}},"ItemInfo":{"ByLineInfo":{"Brand":{"DisplayValue":"HEALLILY","Label":"Brand","Locale":"es_ES"},"Manufacturer":{"DisplayValue":"HEALLILY","Label":"Manufacturer","Locale":"es_ES"}},"Title":{"DisplayValue":"HEALLILY Medias Plantillas de Cuero Cómodas Plantillas Delanteras Almohadillas de Cojín de La Parte Delantera Ayuda a Que El Zapato Se Ajuste a La Mitad de Tamaño Demasiado Grande Talla L","Label":"Title","Locale":"es_ES"}},"Offers":{"Summaries":[{"Condition":{"Value":"New"},"LowestPrice":{"Amount":6.89,"Currency":"EUR","DisplayAmount":"6,89 €"}}]}},{"ASIN":"B0BG683M59","DetailPageURL":"https://www.amazon.es/dp/B0BG683M59?tag=topinalambricos-21&linkCode=osi&th=1&psc=1","Images":{"Primary":{"Small":{"Height":75,"URL":"https://m.media-amazon.com/images/I/31m4Qoi0WmL._SL75_.jpg","Width":75}}},"ItemInfo":{"ByLineInfo":{"Brand":{"DisplayValue":"Qcwwy","Label":"Brand","Locale":"es_ES"},"Manufacturer":{"DisplayValue":"Qcwwy","Label":"Manufacturer","Locale":"es_ES"}},"Title":{"DisplayValue":"3 Herramientas de Modelado de Artesanía de Cuero, Acero Inoxidable, Herramienta de Frotamiento de Cuero para Bricolaje, Cucharas de Repujado de Cuero, Kit de Herramientas de Tallado de Modelado Artesa","Label":"Title","Locale":"es_ES"}},"Offers":{"Summaries":[{"Condition":{"Value":"New"},"LowestPrice":{"Amount":16.41,"Currency":"EUR","DisplayAmount":"16,41 €"}}]}},{"ASIN":"B093H3NHK6","DetailPageURL":"https://www.amazon.es/dp/B093H3NHK6?tag=topinalambricos-21&linkCode=osi&th=1&psc=1","Images":{"Primary":{"Small":{"Height":75,"URL":"https://m.media-amazon.com/images/I/41uaaDuYoML._SL75_.jpg","Width":75}}},"ItemInfo":{"ByLineInfo":{"Brand":{"DisplayValue":"Pssopp","Label":"Brand","Locale":"es_ES"},"Manufacturer":{"DisplayValue":"Pssopp","Label":"Manufacturer","Locale":"es_ES"}},"Title":{"DisplayValue":"6 piezas de herramientas de estampado de cuero Tallado de cuero Herramientas de fabricación de sillines de trabajo Juego de tallado de cuero con patrón de impresión(6 piezas)","Label":"Title","Locale":"es_ES"}},"Offers":{"Summaries":[{"Condition":{"Value":"New"},"LowestPrice":{"Amount":17.36,"Currency":"EUR","DisplayAmount":"17,36 €"}}]}},{"ASIN":"B07WQ22J4G","DetailPageURL":"https://www.amazon.es/dp/B07WQ22J4G?tag=topinalambricos-21&linkCode=osi&th=1&psc=1","Images":{"Primary":{"Small":{"Height":75,"URL":"https://m.media-amazon.com/images/I/413IHhrDk4L._SL75_.jpg","Width":75}}},"ItemInfo":{"ByLineInfo":{"Brand":{"DisplayValue":"Pssopp","Label":"Brand","Locale":"es_ES"},"Manufacturer":{"DisplayValue":"Pssopp","Label":"Manufacturer","Locale":"es_ES"}},"Title":{"DisplayValue":"3pcs herramientas de costura artesanales de cuero de bricolaje conjunto de papel de cuero de bricolaje tela artesanal rueda de costura herramienta de ruleta herramienta de costura de trabajo","Label":"Title","Locale":"es_ES"}},"Offers":{"Summaries":[{"Condition":{"Value":"New"},"LowestPrice":{"Amount":13.32,"Currency":"EUR","DisplayAmount":"13,32 €"}}]}},{"ASIN":"B08PPZJ3VW","DetailPageURL":"https://www.amazon.es/dp/B08PPZJ3VW?tag=topinalambricos-21&linkCode=osi&th=1&psc=1","Images":{"Primary":{"Small":{"Height":75,"URL":"https://m.media-amazon.com/images/I/51XOZprcDmL._SL75_.jpg","Width":75}}},"ItemInfo":{"ByLineInfo":{"Brand":{"DisplayValue":"EXCEART","Label":"Brand","Locale":"es_ES"},"Manufacturer":{"DisplayValue":"EXCEART","Label":"Manufacturer","Locale":"es_ES"}},"Title":{"DisplayValue":"EXCEART 100Pcs 12 Mm Estrella Remaches Cuero Metal Garra Cuentas Clavo Punk Tachuelas Remaches para Prendas de Vestir Remaches de Cuero Tachuelas para Ropa Zapatos Shoes Color de Pistola)","Label":"Title","Locale":"es_ES"}},"Offers":{"Summaries":[{"Condition":{"Value":"New"},"LowestPrice":{"Amount":11.99,"Currency":"EUR","DisplayAmount":"11,99 €"}}]}},{"ASIN":"B092PSFDW5","DetailPageURL":"https://www.amazon.es/dp/B092PSFDW5?tag=topinalambricos-21&linkCode=osi&th=1&psc=1","Images":{"Primary":{"Small":{"Height":75,"URL":"https://m.media-amazon.com/images/I/4109zFdVDOL._SL75_.jpg","Width":75}}},"ItemInfo":{"ByLineInfo":{"Brand":{"DisplayValue":"UKCOCO","Label":"Brand","Locale":"es_ES"},"Manufacturer":{"DisplayValue":"UKCOCO","Label":"Manufacturer","Locale":"es_ES"}},"Title":{"DisplayValue":"UKCOCO Tachuelas En Cruz 10 Piezas Cruz Jeans Botón Remaches Tachuelas de Metal Tachuelas de Tachuelas de Remaches para Tela Cuero Sombrero Decoración Conchos Para Cuero","Label":"Title","Locale":"es_ES"}},"Offers":{"Summaries":[{"Condition":{"Value":"New"},"LowestPrice":{"Amount":9.89,"Currency":"EUR","DisplayAmount":"9,89 €"}}]}},{"ASIN":"B09GFPN9JV","DetailPageURL":"https://www.amazon.es/dp/B09GFPN9JV?tag=topinalambricos-21&linkCode=osi&th=1&psc=1","Images":{"Primary":{"Small":{"Height":75,"URL":"https://m.media-amazon.com/images/I/51s-VX+zPoL._SL75_.jpg","Width":75}}},"ItemInfo":{"ByLineInfo":{"Brand":{"DisplayValue":"ZHJQTIE","Label":"Brand","Locale":"es_ES"},"Manufacturer":{"DisplayValue":"346679","Label":"Manufacturer","Locale":"es_ES"}},"Title":{"DisplayValue":"ZHJQTIE Polipiel Cuero Artificial De Cuero para Tapizar Sofá Polipiel Silla Manualidades Cojines Tela de imitación de Cuero - Tela por Metros de Polipiel para tapizar(Color:Marron Oscuro)","Label":"Title","Locale":"es_ES"}},"Offers":{"Summaries":[{"Condition":{"Value":"New"},"LowestPrice":{"Amount":28.16,"Currency":"EUR","DisplayAmount":"28,16 €"}}]}},{"ASIN":"B0C61HN72Z","DetailPageURL":"https://www.amazon.es/dp/B0C61HN72Z?tag=topinalambricos-21&linkCode=osi&th=1&psc=1","Images":{"Primary":{"Small":{"Height":75,"URL":"https://m.media-amazon.com/images/I/31JRLGiwcYL._SL75_.jpg","Width":36}}},"ItemInfo":{"ByLineInfo":{"Brand":{"DisplayValue":"AVIGIS","Label":"Brand","Locale":"es_ES"},"Manufacturer":{"DisplayValue":"AVIGIS","Label":"Manufacturer","Locale":"es_ES"}},"Title":{"DisplayValue":"Máquina De Estampado En Caliente Máquina De Estampado En Caliente Máquina De Grabado En Relieve De Cuero Máquina De Marca De Presión Digital For Bricolaje Cuero Personalizado Madera PU (Color : 100x1","Label":"Title","Locale":"es_ES"}},"Offers":{"Summaries":[{"Condition":{"Value":"New"},"LowestPrice":{"Amount":1552.95,"Currency":"EUR","DisplayAmount":"1.552,95 €"}}]}}],"SearchURL":"https://www.amazon.es/s?k=grabar+cuero&rh=n%3A4358361031%2Cp_n_availability%3A-1&tag=topinalambricos-21&linkCode=osi","TotalResultCount":56}},"270":{"SearchResult":{"Items":[{"ASIN":"B07JG8KXC8","DetailPageURL":"https://www.amazon.es/dp/B07JG8KXC8?tag=topinalambricos-21&linkCode=osi&th=1&psc=1","Images":{"Primary":{"Small":{"Height":75,"URL":"https://m.media-amazon.com/images/I/21WoGMhdDHL._SL75_.jpg","Width":75}}},"ItemInfo":{"ByLineInfo":{"Brand":{"DisplayValue":"Garosa","Label":"Brand","Locale":"es_ES"},"Manufacturer":{"DisplayValue":"Garosa","Label":"Manufacturer","Locale":"es_ES"}},"Title":{"DisplayValue":"6 Pulgadas Carpeta Hueso Papel Plisado Herramienta Pluma de Origami Plegable para Encuadernación Fabricación Hecha A Mano Bricolaje de Cuero Conformación de Pliegue Plegadera para Doblar Papel","Label":"Title","Locale":"es_ES"}},"Offers":{"Summaries":[{"Condition":{"Value":"New"},"LowestPrice":{"Amount":10.09,"Currency":"EUR","DisplayAmount":"10,09 €"}}]}},{"ASIN":"B08F58NJ2R","DetailPageURL":"https://www.amazon.es/dp/B08F58NJ2R?tag=topinalambricos-21&linkCode=osi&th=1&psc=1","Images":{"Primary":{"Small":{"Height":75,"URL":"https://m.media-amazon.com/images/I/414Sg8leQSL._SL75_.jpg","Width":75}}},"ItemInfo":{"ByLineInfo":{"Brand":{"DisplayValue":"FASTTOBUY","Label":"Brand","Locale":"es_ES"},"Manufacturer":{"DisplayValue":"FASTTOBUY","Label":"Manufacturer","Locale":"es_ES"}},"Title":{"DisplayValue":"FASTTOBUY Máquina de estampación en caliente, 500 W, máquina de marcaje en caliente con impresión de bronceado para PVC, cuero y papel (10 x 13 cm)","Label":"Title","Locale":"es_ES"}},"Offers":{"Summaries":[{"Condition":{"Value":"New"},"LowestPrice":{"Amount":199.99,"Currency":"EUR","DisplayAmount":"199,99 €"}}]}},{"ASIN":"B0B4WQ9RHG","DetailPageURL":"https://www.amazon.es/dp/B0B4WQ9RHG?tag=topinalambricos-21&linkCode=osi&th=1&psc=1","Images":{"Primary":{"Small":{"Height":75,"URL":"https://m.media-amazon.com/images/I/418Twbi5inL._SL75_.jpg","Width":75}}},"ItemInfo":{"ByLineInfo":{"Brand":{"DisplayValue":"Fyearfly","Label":"Brand","Locale":"es_ES"},"Manufacturer":{"DisplayValue":"Fyearfly","Label":"Manufacturer","Locale":"es_ES"}},"Title":{"DisplayValue":"Fyearfly Papel de estampación en Caliente Papel de estampación en Caliente, 120 Metros 3 cm de Ancho Papel de lámina metálica Máquina de Bronceado de Cuero Transferencia de Calor Papel Dorado(Oro)","Label":"Title","Locale":"es_ES"}},"Offers":{"Summaries":[{"Condition":{"Value":"New"},"LowestPrice":{"Amount":17.49,"Currency":"EUR","DisplayAmount":"17,49 €"}}]}},{"ASIN":"B07WBWJ3V2","DetailPageURL":"https://www.amazon.es/dp/B07WBWJ3V2?tag=topinalambricos-21&linkCode=osi&th=1&psc=1","Images":{"Primary":{"Small":{"Height":75,"URL":"https://m.media-amazon.com/images/I/51-LKzXClWL._SL75_.jpg","Width":75}}},"ItemInfo":{"ByLineInfo":{"Brand":{"DisplayValue":"VEVOR","Label":"Brand","Locale":"es_ES"},"Manufacturer":{"DisplayValue":"VEVOR","Label":"Manufacturer","Locale":"es_ES"}},"Title":{"DisplayValue":"VEVOR Control de Temperatura Digital Máquina de Estampado en Caliente 300w Estampadora de Papel 10x13cm Máquina de Bronceado Adecuado para Cuero Madera Pu Pvc Papel Plástico","Label":"Title","Locale":"es_ES"}},"Offers":{"Summaries":[{"Condition":{"Value":"New"},"LowestPrice":{"Amount":229.99,"Currency":"EUR","DisplayAmount":"229,99 €"}}]}},{"ASIN":"B0B5RYZ7F6","DetailPageURL":"https://www.amazon.es/dp/B0B5RYZ7F6?tag=topinalambricos-21&linkCode=osi&th=1&psc=1","Images":{"Primary":{"Small":{"Height":75,"URL":"https://m.media-amazon.com/images/I/51bAPJPcTZL._SL75_.jpg","Width":75}}},"ItemInfo":{"ByLineInfo":{"Brand":{"DisplayValue":"Sizzix","Label":"Brand","Locale":"es_ES"},"Manufacturer":{"DisplayValue":"Ellison","Label":"Manufacturer","Locale":"es_ES"}},"Title":{"DisplayValue":"Carpeta de estampado de impresiones texturizadas 3D Sizzix Cuero tejido de Eileen Hull | 665916 | Capítulo 3 2022","Label":"Title","Locale":"es_ES"}},"Offers":{"Summaries":[{"Condition":{"Value":"New"},"LowestPrice":{"Amount":11.99,"Currency":"EUR","DisplayAmount":"11,99 €"}}]}},{"ASIN":"B01NAT41CB","DetailPageURL":"https://www.amazon.es/dp/B01NAT41CB?tag=topinalambricos-21&linkCode=osi&th=1&psc=1","Images":{"Primary":{"Small":{"Height":75,"URL":"https://m.media-amazon.com/images/I/513ncQMfTZL._SL75_.jpg","Width":75}}},"ItemInfo":{"ByLineInfo":{"Brand":{"DisplayValue":"BAOSHISHAN","Label":"Brand","Locale":"es_ES"},"Manufacturer":{"DisplayValue":"BAOSHISHAN","Label":"Manufacturer","Locale":"es_ES"}},"Title":{"DisplayValue":"BAOSHISHAN Máquina de estampado en caliente 8 × 10 cm Máquina de estampado de cuero Máquina de bronceado Manual Cuero PVC Papel Logotipo Estampador Temperatura ajustable 220V","Label":"Title","Locale":"es_ES"}},"Offers":{"Summaries":[{"Condition":{"Value":"New"},"LowestPrice":{"Amount":229.0,"Currency":"EUR","DisplayAmount":"229,00 €"}}]}},{"ASIN":"B0BVVZW8HB","DetailPageURL":"https://www.amazon.es/dp/B0BVVZW8HB?tag=topinalambricos-21&linkCode=osi&th=1&psc=1","Images":{"Primary":{"Small":{"Height":75,"URL":"https://m.media-amazon.com/images/I/41E5viXZP1L._SL75_.jpg","Width":75}}},"ItemInfo":{"ByLineInfo":{"Brand":{"DisplayValue":"jianpanxia","Label":"Brand","Locale":"es_ES"},"Manufacturer":{"DisplayValue":"jianpanxia","Label":"Manufacturer","Locale":"es_ES"}},"Title":{"DisplayValue":"Máquina de Estampado en Caliente,Hot Foil Stamping Machine,cuero Madera Papel Branding Logo Marcado Prensa Máquina,Máquina estampado cuero con soporte,máquina de estampado de logotipo","Label":"Title","Locale":"es_ES"}},"Offers":{"Summaries":[{"Condition":{"Value":"New"},"LowestPrice":{"Amount":229.0,"Currency":"EUR","DisplayAmount":"229,00 €"}}]}},{"ASIN":"B09JHVKWTD","DetailPageURL":"https://www.amazon.es/dp/B09JHVKWTD?tag=topinalambricos-21&linkCode=osi&th=1&psc=1","Images":{"Primary":{"Small":{"Height":75,"URL":"https://m.media-amazon.com/images/I/41WhaDjIe3L._SL75_.jpg","Width":75}}},"ItemInfo":{"ByLineInfo":{"Brand":{"DisplayValue":"Naroote","Label":"Brand","Locale":"es_ES"},"Manufacturer":{"DisplayValue":"Semiter","Label":"Manufacturer","Locale":"es_ES"}},"Title":{"DisplayValue":"Lámina De Estampación En Caliente, Grabado En Relieve De álbum De Recortes De Madera Según Sus Propias Necesidades. Con Sello De Máquina De Prensa De Hierro En Cuero Para Exteriores Para","Label":"Title","Locale":"es_ES"}},"Offers":{"Summaries":[{"Condition":{"Value":"New"},"LowestPrice":{"Amount":23.93,"Currency":"EUR","DisplayAmount":"23,93 €"}}]}},{"ASIN":"B0BYCC3GR6","DetailPageURL":"https://www.amazon.es/dp/B0BYCC3GR6?tag=topinalambricos-21&linkCode=osi&th=1&psc=1","Images":{"Primary":{"Small":{"Height":75,"URL":"https://m.media-amazon.com/images/I/61E1NtXRCfL._SL75_.jpg","Width":75}}},"ItemInfo":{"ByLineInfo":{"Brand":{"DisplayValue":"LINTAIZUO","Label":"Brand","Locale":"es_ES"},"Manufacturer":{"DisplayValue":"LINTAIZUO","Label":"Manufacturer","Locale":"es_ES"}},"Title":{"DisplayValue":"Multifunción Digital 220V Foil Hot Stamping Machine Logo Relieve Latón Alfabetos Letras Etiqueta Bronceadora Cuero Madera Sello Repujado Juego de herramientas (Tamaño del tablero de prensa: 10X13cm)","Label":"Title","Locale":"es_ES"}},"Offers":{"Summaries":[{"Condition":{"Value":"New"},"LowestPrice":{"Amount":730.99,"Currency":"EUR","DisplayAmount":"730,99 €"}}]}},{"ASIN":"B08ZRQZB7T","DetailPageURL":"https://www.amazon.es/dp/B08ZRQZB7T?tag=topinalambricos-21&linkCode=osi&th=1&psc=1","Images":{"Primary":{"Small":{"Height":34,"URL":"https://m.media-amazon.com/images/I/41hEIG0Mt8L._SL75_.jpg","Width":75}}},"ItemInfo":{"ByLineInfo":{"Brand":{"DisplayValue":"HXSD","Label":"Brand","Locale":"es_ES"},"Manufacturer":{"DisplayValue":"HXSD","Label":"Manufacturer","Locale":"es_ES"}},"Title":{"DisplayValue":"HXSD Máquina de Estampado en Caliente del número de Letra, máquina de Estampado en Caliente de Cuero cartulina de cartulina de Estampado de latón de estampilla de Hierro de Hierro, Molde T,A","Label":"Title","Locale":"es_ES"}},"Offers":{"Summaries":[{"Condition":{"Value":"New"},"LowestPrice":{"Amount":120.0,"Currency":"EUR","DisplayAmount":"120,00 €"}}]}}],"SearchURL":"https://www.amazon.es/s?k=cuero&rh=n%3A4358362031%2Cp_n_availability%3A-1&tag=topinalambricos-21&linkCode=osi","TotalResultCount":506}},"271":{"SearchResult":{"Items":[{"ASIN":"B09JFVFMD8","DetailPageURL":"https://www.amazon.es/dp/B09JFVFMD8?tag=topinalambricos-21&linkCode=osi&th=1&psc=1","Images":{"Primary":{"Small":{"Height":75,"URL":"https://m.media-amazon.com/images/I/31AMbFmk0aL._SL75_.jpg","Width":73}}},"ItemInfo":{"ByLineInfo":{"Brand":{"DisplayValue":"Shenzhen Chengyida E-Commerce Co., Ltd.","Label":"Brand","Locale":"es_ES"},"Manufacturer":{"DisplayValue":"Shenzhen Chengyida E-Commerce Co., Ltd.","Label":"Manufacturer","Locale":"es_ES"}},"Title":{"DisplayValue":"2 tamaños R7.5 y R10 cortador de cuero para manualidades perforadoras correa de cinturón herramientas de extremo de cartera troquelado mano artesanía corte de esquina troqueles DIY 90° ángulo recto","Label":"Title","Locale":"es_ES"}},"Offers":{"Summaries":[{"Condition":{"Value":"New"},"LowestPrice":{"Amount":25.08,"Currency":"EUR","DisplayAmount":"25,08 €"}}]}},{"ASIN":"B094FB1589","DetailPageURL":"https://www.amazon.es/dp/B094FB1589?tag=topinalambricos-21&linkCode=osi&th=1&psc=1","Images":{"Primary":{"Small":{"Height":75,"URL":"https://m.media-amazon.com/images/I/51ldL-6f76S._SL75_.jpg","Width":75}}},"ItemInfo":{"ByLineInfo":{"Brand":{"DisplayValue":"SUPERDANT","Label":"Brand","Locale":"es_ES"},"Manufacturer":{"DisplayValue":"SUPERDANT","Label":"Manufacturer","Locale":"es_ES"}},"Title":{"DisplayValue":"SUPERDANT 18 Pieza Juego de Troqueles de Corte de Cuero Herramienta de Perforación de Cuero 3 Formas Plantilla de Tratamiento de Artesanía de Cuero Molde para Manualidades de Cuero Hechas A Mano","Label":"Title","Locale":"es_ES"}},"Offers":{"Summaries":[{"Condition":{"Value":"New"},"LowestPrice":{"Amount":23.39,"Currency":"EUR","DisplayAmount":"23,39 €"}}]}},{"ASIN":"B08P1JFSZP","DetailPageURL":"https://www.amazon.es/dp/B08P1JFSZP?tag=topinalambricos-21&linkCode=osi&th=1&psc=1","Images":{"Primary":{"Small":{"Height":75,"URL":"https://m.media-amazon.com/images/I/41R5ZKTeQfL._SL75_.jpg","Width":75}}},"ItemInfo":{"ByLineInfo":{"Brand":{"DisplayValue":"Oumefar","Label":"Brand","Locale":"es_ES"}},"Title":{"DisplayValue":"Oumefar 2 uds, Molde para Troquel de Ojales, máquina de Prensa Manual, Perforadora de Ojales, Molde para Troqueles de Ojales, Herramienta de instalación Manual para Lonas de Cuero(4mm)","Label":"Title","Locale":"es_ES"}},"Offers":{"Summaries":[{"Condition":{"Value":"New"},"LowestPrice":{"Amount":15.09,"Currency":"EUR","DisplayAmount":"15,09 €"}}]}},{"ASIN":"B086BSSP57","DetailPageURL":"https://www.amazon.es/dp/B086BSSP57?tag=topinalambricos-21&linkCode=osi&th=1&psc=1","Images":{"Primary":{"Small":{"Height":75,"URL":"https://m.media-amazon.com/images/I/41AyGoSgBhL._SL75_.jpg","Width":75}}},"ItemInfo":{"ByLineInfo":{"Brand":{"DisplayValue":"AMIGOB","Label":"Brand","Locale":"es_ES"},"Manufacturer":{"DisplayValue":"AMIGOB","Label":"Manufacturer","Locale":"es_ES"}},"Title":{"DisplayValue":"AMIGOB Perforadoras Herramientas Artesanales Costura 13-in-1 Kit de Herramientas de Mano de Cuero Craft de Piel para Tallar,Costura, Herramientas de Bricolaje","Label":"Title","Locale":"es_ES"}},"Offers":{"Summaries":[{"Condition":{"Value":"New"},"LowestPrice":{"Amount":18.99,"Currency":"EUR","DisplayAmount":"18,99 €"}},{"Condition":{"Value":"Used"},"LowestPrice":{"Amount":17.84,"Currency":"EUR","DisplayAmount":"17,84 €"}}]}},{"ASIN":"B07V6YPHRD","DetailPageURL":"https://www.amazon.es/dp/B07V6YPHRD?tag=topinalambricos-21&linkCode=osi&th=1&psc=1","Images":{"Primary":{"Small":{"Height":75,"URL":"https://m.media-amazon.com/images/I/51ZYwmNH0EL._SL75_.jpg","Width":75}}},"ItemInfo":{"ByLineInfo":{"Brand":{"DisplayValue":"HEEPDD","Label":"Brand","Locale":"es_ES"},"Manufacturer":{"DisplayValue":"HEEPDD","Label":"Manufacturer","Locale":"es_ES"}},"Title":{"DisplayValue":"7PCS Juego de troqueles de corte de cuero, Puncher circular hecho a mano de cuero Molde de troquel Artículos de marroquinería Plantilla de tratamiento artesanal Cortador Herramienta de perforación","Label":"Title","Locale":"es_ES"}},"Offers":{"Summaries":[{"Condition":{"Value":"New"},"LowestPrice":{"Amount":17.12,"Currency":"EUR","DisplayAmount":"17,12 €"}}]}},{"ASIN":"B08422GC6R","DetailPageURL":"https://www.amazon.es/dp/B08422GC6R?tag=topinalambricos-21&linkCode=osi&th=1&psc=1","Images":{"Primary":{"Small":{"Height":75,"URL":"https://m.media-amazon.com/images/I/51k72H-IGFL._SL75_.jpg","Width":75}}},"ItemInfo":{"ByLineInfo":{"Brand":{"DisplayValue":"power tool","Label":"Brand","Locale":"es_ES"},"Manufacturer":{"DisplayValue":"POWERTOOL","Label":"Manufacturer","Locale":"es_ES"}},"Title":{"DisplayValue":"POWERTOOL - Remaches punk Spike, 100 picos cónicos de 10 mm x 7 mm con personalidad punk remache para cinturón bolso de cuero, artesanía en cuero: remaches","Label":"Title","Locale":"es_ES"}},"Offers":{"Summaries":[{"Condition":{"Value":"New"},"LowestPrice":{"Amount":10.39,"Currency":"EUR","DisplayAmount":"10,39 €"}}]}},{"ASIN":"B08QW38CS5","DetailPageURL":"https://www.amazon.es/dp/B08QW38CS5?tag=topinalambricos-21&linkCode=osi&th=1&psc=1","Images":{"Primary":{"Small":{"Height":75,"URL":"https://m.media-amazon.com/images/I/41eJjpj09IL._SL75_.jpg","Width":75}}},"ItemInfo":{"ByLineInfo":{"Brand":{"DisplayValue":"Atyhao","Label":"Brand","Locale":"es_ES"},"Manufacturer":{"DisplayValue":"Atyhao","Label":"Manufacturer","Locale":"es_ES"}},"Title":{"DisplayValue":"Juego de troqueles de cuero de 5 piezas, molde de corte de cuero de estrella hueca, perforadora de agujeros huecos para manualidades en cuero, herramienta de bricolaje artesanal hecha a mano para cart","Label":"Title","Locale":"es_ES"}},"Offers":{"Summaries":[{"Condition":{"Value":"New"},"LowestPrice":{"Amount":19.57,"Currency":"EUR","DisplayAmount":"19,57 €"}}]}},{"ASIN":"B08HD7M8FH","DetailPageURL":"https://www.amazon.es/dp/B08HD7M8FH?tag=topinalambricos-21&linkCode=osi&th=1&psc=1","Images":{"Primary":{"Small":{"Height":75,"URL":"https://m.media-amazon.com/images/I/41wFxuXrNxL._SL75_.jpg","Width":75}}},"ItemInfo":{"ByLineInfo":{"Brand":{"DisplayValue":"Cikonielf","Label":"Brand","Locale":"es_ES"},"Manufacturer":{"DisplayValue":"Cikonielf","Label":"Manufacturer","Locale":"es_ES"}},"Title":{"DisplayValue":"10 unids/caja, billetera en forma de V, cinturón, recortador de borde de esquina, herramienta de perforación, herramientas de artesanía de cuero, perforadora para correa, bolso, billetera","Label":"Title","Locale":"es_ES"}},"Offers":{"Summaries":[{"Condition":{"Value":"New"},"LowestPrice":{"Amount":11.25,"Currency":"EUR","DisplayAmount":"11,25 €"}}]}},{"ASIN":"B085LJD4L5","DetailPageURL":"https://www.amazon.es/dp/B085LJD4L5?tag=topinalambricos-21&linkCode=osi&th=1&psc=1","Images":{"Primary":{"Small":{"Height":75,"URL":"https://m.media-amazon.com/images/I/41UiaU+N2rL._SL75_.jpg","Width":75}}},"ItemInfo":{"ByLineInfo":{"Brand":{"DisplayValue":"Hongzer","Label":"Brand","Locale":"es_ES"},"Manufacturer":{"DisplayValue":"Hongzer","Label":"Manufacturer","Locale":"es_ES"}},"Title":{"DisplayValue":"Troquel de corte de cuero en forma de corazón, 7 piezas 20-50 mm Molde de corte artesanal de cuero DIY en forma de corazón encantador, herramientas de artesanía de cuero","Label":"Title","Locale":"es_ES"}},"Offers":{"Summaries":[{"Condition":{"Value":"New"},"LowestPrice":{"Amount":24.25,"Currency":"EUR","DisplayAmount":"24,25 €"}}]}},{"ASIN":"B0BMPVN7TV","DetailPageURL":"https://www.amazon.es/dp/B0BMPVN7TV?tag=topinalambricos-21&linkCode=osi&th=1&psc=1","Images":{"Primary":{"Small":{"Height":75,"URL":"https://m.media-amazon.com/images/I/21jIluA4WTL._SL75_.jpg","Width":75}}},"ItemInfo":{"ByLineInfo":{"Brand":{"DisplayValue":"sourcing map","Label":"Brand","Locale":"es_ES"},"Manufacturer":{"DisplayValue":"sourcing map","Label":"Manufacturer","Locale":"es_ES"}},"Title":{"DisplayValue":"sourcing map Ojal Agujero Punzón Herramienta Troquel 1,5mm Ojal Manual Colocador Hueco Punzón para Cuero Artesanía Ropa Bolso Tela Cortina","Label":"Title","Locale":"es_ES"}},"Offers":{"Summaries":[{"Condition":{"Value":"New"},"LowestPrice":{"Amount":7.99,"Currency":"EUR","DisplayAmount":"7,99 €"}}]}}],"SearchURL":"https://www.amazon.es/s?k=troqueles+cuero&rh=n%3A4358254031%2Cp_n_availability%3A-1&tag=topinalambricos-21&linkCode=osi","TotalResultCount":498}},"272":{"SearchResult":{"Items":[{"ASIN":"B086STYRDG","DetailPageURL":"https://www.amazon.es/dp/B086STYRDG?tag=topinalambricos-21&linkCode=osi&th=1&psc=1","Images":{"Primary":{"Small":{"Height":75,"URL":"https://m.media-amazon.com/images/I/51FsjJlgkNL._SL75_.jpg","Width":75}}},"ItemInfo":{"ByLineInfo":{"Brand":{"DisplayValue":"GOLRISEN","Label":"Brand","Locale":"es_ES"},"Manufacturer":{"DisplayValue":"GOLRISEN","Label":"Manufacturer","Locale":"es_ES"}},"Title":{"DisplayValue":"GOLRISEN 36 Piezas Sellos para Cuero de Letras y Números Herramientas Estampadas para Cuero Sello de Acero para Cuero de 6,5 mm con Mango Troquel de Golpe para Grabar Cuero para Hacer Manualidades","Label":"Title","Locale":"es_ES"}},"Offers":{"Summaries":[{"Condition":{"Value":"New"},"LowestPrice":{"Amount":15.99,"Currency":"EUR","DisplayAmount":"15,99 €"}}]}},{"ASIN":"B07LB79N36","DetailPageURL":"https://www.amazon.es/dp/B07LB79N36?tag=topinalambricos-21&linkCode=osi&th=1&psc=1","Images":{"Primary":{"Small":{"Height":49,"URL":"https://m.media-amazon.com/images/I/31bwRdCdA7L._SL75_.jpg","Width":75}}},"ItemInfo":{"ByLineInfo":{"Brand":{"DisplayValue":"CLUB4BRANDS","Label":"Brand","Locale":"es_ES"},"Manufacturer":{"DisplayValue":"CLUB4BRANDS","Label":"Manufacturer","Locale":"es_ES"}},"Title":{"DisplayValue":"Recortes de cuero - restos de cuero marrón, restos de cuero, tamaños grandes, ideal para bolsos, zapatos, reparaciones, decoraciones, manualidades, 1 kg, tamaño A4","Label":"Title","Locale":"es_ES"}},"Offers":{"Summaries":[{"Condition":{"Value":"New"},"LowestPrice":{"Amount":26.99,"Currency":"EUR","DisplayAmount":"26,99 €"}}]}},{"ASIN":"B0783J7PFM","DetailPageURL":"https://www.amazon.es/dp/B0783J7PFM?tag=topinalambricos-21&linkCode=osi&th=1&psc=1","Images":{"Primary":{"Small":{"Height":75,"URL":"https://m.media-amazon.com/images/I/51NhfcrMEiL._SL75_.jpg","Width":71}}},"ItemInfo":{"ByLineInfo":{"Brand":{"DisplayValue":"Amazon Basics","Label":"Brand","Locale":"es_ES"},"Manufacturer":{"DisplayValue":"Amazon","Label":"Manufacturer","Locale":"es_ES"}},"Title":{"DisplayValue":"Amazon Basics - Juego de sellos de metal y de piel - 3,81 mm","Label":"Title","Locale":"es_ES"}},"Offers":{"Summaries":[{"Condition":{"Value":"New"},"LowestPrice":{"Amount":20.89,"Currency":"EUR","DisplayAmount":"20,89 €"}},{"Condition":{"Value":"Used"},"LowestPrice":{"Amount":16.8,"Currency":"EUR","DisplayAmount":"16,80 €"}}]}},{"ASIN":"B09TVKSN9G","DetailPageURL":"https://www.amazon.es/dp/B09TVKSN9G?tag=topinalambricos-21&linkCode=osi&th=1&psc=1","Images":{"Primary":{"Small":{"Height":75,"URL":"https://m.media-amazon.com/images/I/51VTkRMmeLL._SL75_.jpg","Width":75}}},"ItemInfo":{"ByLineInfo":{"Brand":{"DisplayValue":"OLYCRAFT","Label":"Brand","Locale":"es_ES"},"Manufacturer":{"DisplayValue":"OLYCRAFT","Label":"Manufacturer","Locale":"es_ES"}},"Title":{"DisplayValue":"OLYCRAFT Marca de madera personalizada Hierro Latón Marca de cuero Sello de hierro Logotipo con cabeza de hierro y mango de madera para artesanías de carpintería - Varios tamaños opcionales","Label":"Title","Locale":"es_ES"}},"Offers":{"Summaries":[{"Condition":{"Value":"New"},"LowestPrice":{"Amount":35.39,"Currency":"EUR","DisplayAmount":"35,39 €"}}]}},{"ASIN":"B09RZX31WX","DetailPageURL":"https://www.amazon.es/dp/B09RZX31WX?tag=topinalambricos-21&linkCode=osi&th=1&psc=1","Images":{"Primary":{"Small":{"Height":75,"URL":"https://m.media-amazon.com/images/I/41xHG+y-dRL._SL75_.jpg","Width":75}}},"ItemInfo":{"ByLineInfo":{"Brand":{"DisplayValue":"Glorex","Label":"Brand","Locale":"es_ES"},"Manufacturer":{"DisplayValue":"Glorex","Label":"Manufacturer","Locale":"es_ES"}},"Title":{"DisplayValue":"Glorex Juego de 12 Sellos de combustión con Diferentes Formas de latón, para atornillar Pebaro, para Quemar Madera, Cuero, Corcho y Otros Materiales, Color Dorado (6 1671 003)","Label":"Title","Locale":"es_ES"}},"Offers":{"Summaries":[{"Condition":{"Value":"New"},"LowestPrice":{"Amount":30.29,"Currency":"EUR","DisplayAmount":"30,29 €"}}]}},{"ASIN":"B09RZSNSBC","DetailPageURL":"https://www.amazon.es/dp/B09RZSNSBC?tag=topinalambricos-21&linkCode=osi&th=1&psc=1","Images":{"Primary":{"Small":{"Height":75,"URL":"https://m.media-amazon.com/images/I/41WbMAgle4L._SL75_.jpg","Width":75}}},"ItemInfo":{"ByLineInfo":{"Brand":{"DisplayValue":"Glorex","Label":"Brand","Locale":"es_ES"},"Manufacturer":{"DisplayValue":"Glorex","Label":"Manufacturer","Locale":"es_ES"}},"Title":{"DisplayValue":"Glorex Pebaro 6 1671 006 - Juego de Sellos de combustión (16 Piezas, con números y Caracteres de latón, para atornillar para Pebaro, para Quemar Madera, Cuero, Corcho y Otros Materiales)","Label":"Title","Locale":"es_ES"}},"Offers":{"Summaries":[{"Condition":{"Value":"Used"},"LowestPrice":{"Amount":29.38,"Currency":"EUR","DisplayAmount":"29,38 €"}},{"Condition":{"Value":"New"},"LowestPrice":{"Amount":30.29,"Currency":"EUR","DisplayAmount":"30,29 €"}}]}},{"ASIN":"B07ZKWYGWY","DetailPageURL":"https://www.amazon.es/dp/B07ZKWYGWY?tag=topinalambricos-21&linkCode=osi&th=1&psc=1","Images":{"Primary":{"Small":{"Height":75,"URL":"https://m.media-amazon.com/images/I/41ymZN4JN+L._SL75_.jpg","Width":75}}},"ItemInfo":{"ByLineInfo":{"Brand":{"DisplayValue":"Hztyyier","Label":"Brand","Locale":"es_ES"},"Manufacturer":{"DisplayValue":"Hztyyier","Label":"Manufacturer","Locale":"es_ES"}},"Title":{"DisplayValue":"32Pcs Leathercraft Sellos de metal Juego de punzones Acero aleado Estampados artesanales de cuero estampado Herramientas para cinturón de cuero Bolsa Sombrero Zapatos Marca artesanal(#1)","Label":"Title","Locale":"es_ES"}},"Offers":{"Summaries":[{"Condition":{"Value":"New"},"LowestPrice":{"Amount":16.66,"Currency":"EUR","DisplayAmount":"16,66 €"}}]}},{"ASIN":"B08P44PQDJ","DetailPageURL":"https://www.amazon.es/dp/B08P44PQDJ?tag=topinalambricos-21&linkCode=osi&th=1&psc=1","Images":{"Primary":{"Small":{"Height":75,"URL":"https://m.media-amazon.com/images/I/51sAcSB4oCL._SL75_.jpg","Width":75}}},"ItemInfo":{"ByLineInfo":{"Brand":{"DisplayValue":"OLYCRAFT","Label":"Brand","Locale":"es_ES"},"Manufacturer":{"DisplayValue":"OLYCRAFT","Label":"Manufacturer","Locale":"es_ES"}},"Title":{"DisplayValue":"OLYCRAFT Wood Branding Iron Logotipo Personalizado 1.2 Sello de Cuero con Diseño de Hierro BBQ Sello Térmico con Mango de Madera para Carpintería Y Diseño Artesanal - Árbol de la Vida","Label":"Title","Locale":"es_ES"}},"Offers":{"Summaries":[{"Condition":{"Value":"New"},"LowestPrice":{"Amount":30.29,"Currency":"EUR","DisplayAmount":"30,29 €"}}]}},{"ASIN":"B0BCQX848K","DetailPageURL":"https://www.amazon.es/dp/B0BCQX848K?tag=topinalambricos-21&linkCode=osi&th=1&psc=1","Images":{"Primary":{"Small":{"Height":75,"URL":"https://m.media-amazon.com/images/I/51EP0Upyf5L._SL75_.jpg","Width":75}}},"ItemInfo":{"ByLineInfo":{"Brand":{"DisplayValue":"HEEPDD","Label":"Brand","Locale":"es_ES"},"Manufacturer":{"DisplayValue":"HEEPDD","Label":"Manufacturer","Locale":"es_ES"}},"Title":{"DisplayValue":"HEEPDD Kit de Artesanía en Cuero de 20 Piezas, Herramienta de Tallado de Cuero para Fabricantes de Sillas de Montar para Profesionales para Principiantes en Artesanía en Cuero","Label":"Title","Locale":"es_ES"}},"Offers":{"Summaries":[{"Condition":{"Value":"New"},"LowestPrice":{"Amount":16.43,"Currency":"EUR","DisplayAmount":"16,43 €"}}]}},{"ASIN":"B09CHC4HQM","DetailPageURL":"https://www.amazon.es/dp/B09CHC4HQM?tag=topinalambricos-21&linkCode=osi&th=1&psc=1","Images":{"Primary":{"Small":{"Height":75,"URL":"https://m.media-amazon.com/images/I/41XOE7jwajL._SL75_.jpg","Width":75}}},"ItemInfo":{"ByLineInfo":{"Brand":{"DisplayValue":"EXCEART","Label":"Brand","Locale":"es_ES"},"Manufacturer":{"DisplayValue":"EXCEART","Label":"Manufacturer","Locale":"es_ES"}},"Title":{"DisplayValue":"EXCEART Dorado de Sellos de Mayúsculas de Sellos de de Cuero Artesanía de Estampado de Cuero para DIY Arte Arte 1","Label":"Title","Locale":"es_ES"}},"Offers":{"Summaries":[{"Condition":{"Value":"New"},"LowestPrice":{"Amount":14.96,"Currency":"EUR","DisplayAmount":"14,96 €"}}]}}],"SearchURL":"https://www.amazon.es/s?k=pirograbado+cuero&rh=n%3A4358251031%2Cp_n_availability%3A-1&tag=topinalambricos-21&linkCode=osi","TotalResultCount":18}},"273":{"SearchResult":{"Items":[{"ASIN":"B001E456SM","DetailPageURL":"https://www.amazon.es/dp/B001E456SM?tag=topinalambricos-21&linkCode=osi&th=1&psc=1","Images":{"Primary":{"Small":{"Height":73,"URL":"https://m.media-amazon.com/images/I/512L31N+FCL._SL75_.jpg","Width":75}}},"ItemInfo":{"ByLineInfo":{"Brand":{"DisplayValue":"BGS","Label":"Brand","Locale":"es_ES"},"Manufacturer":{"DisplayValue":"BGS","Label":"Manufacturer","Locale":"es_ES"}},"Title":{"DisplayValue":"BGS 566 | Juego de sacabocados | 5 - 35 mm | 14 piezas","Label":"Title","Locale":"es_ES"}},"Offers":{"Summaries":[{"Condition":{"Value":"New"},"LowestPrice":{"Amount":39.5,"Currency":"EUR","DisplayAmount":"39,50 €"}}]}},{"ASIN":"B000PTQ9YM","DetailPageURL":"https://www.amazon.es/dp/B000PTQ9YM?tag=topinalambricos-21&linkCode=osi&th=1&psc=1","Images":{"Primary":{"Small":{"Height":75,"URL":"https://m.media-amazon.com/images/I/51yh7juj3xL._SL75_.jpg","Width":73}}},"ItemInfo":{"ByLineInfo":{"Brand":{"DisplayValue":"BGS","Label":"Brand","Locale":"es_ES"},"Manufacturer":{"DisplayValue":"BGS","Label":"Manufacturer","Locale":"es_ES"}},"Title":{"DisplayValue":"BGS 565 | Juego de sacabocados | 3 - 12 mm | 9 piezas","Label":"Title","Locale":"es_ES"}},"Offers":{"Summaries":[{"Condition":{"Value":"New"},"LowestPrice":{"Amount":14.46,"Currency":"EUR","DisplayAmount":"14,46 €"}}]}},{"ASIN":"B019OS0TA4","DetailPageURL":"https://www.amazon.es/dp/B019OS0TA4?tag=topinalambricos-21&linkCode=osi&th=1&psc=1","Images":{"Primary":{"Small":{"Height":75,"URL":"https://m.media-amazon.com/images/I/51mZTvhLgVL._SL75_.jpg","Width":75}}},"ItemInfo":{"ByLineInfo":{"Brand":{"DisplayValue":"S&R","Label":"Brand","Locale":"es_ES"},"Manufacturer":{"DisplayValue":"S&R Industriewerkzeuge GmbH","Label":"Manufacturer","Locale":"es_ES"}},"Title":{"DisplayValue":"S&R Alicate Sacabocados para Agujeros Cinturones y Cuero. MADE IN GERMANY. Punzones de 2/2,5/3 /3,5/4 /4,5 mm","Label":"Title","Locale":"es_ES"}},"Offers":{"Summaries":[{"Condition":{"Value":"New"},"LowestPrice":{"Amount":16.9,"Currency":"EUR","DisplayAmount":"16,90 €"}}]}},{"ASIN":"B08Q7CLP85","DetailPageURL":"https://www.amazon.es/dp/B08Q7CLP85?tag=topinalambricos-21&linkCode=osi&th=1&psc=1","Images":{"Primary":{"Small":{"Height":70,"URL":"https://m.media-amazon.com/images/I/51GIp5qwntL._SL75_.jpg","Width":75}}},"ItemInfo":{"ByLineInfo":{"Brand":{"DisplayValue":"Spurtar","Label":"Brand","Locale":"es_ES"},"Manufacturer":{"DisplayValue":"Spurtar","Label":"Manufacturer","Locale":"es_ES"}},"Title":{"DisplayValue":"Spurtar 9 Piezas Sacabocados Cuero 2,5-10mm Juego de Punzón Hueco Redondos de Acero para Perforar Agujeros Cinturon Juntas de Relojes con Bolsa de Almacenamiento - Negro","Label":"Title","Locale":"es_ES"}},"Offers":{"Summaries":[{"Condition":{"Value":"New"},"LowestPrice":{"Amount":11.99,"Currency":"EUR","DisplayAmount":"11,99 €"}}]}},{"ASIN":"B07W4N5D32","DetailPageURL":"https://www.amazon.es/dp/B07W4N5D32?tag=topinalambricos-21&linkCode=osi&th=1&psc=1","Images":{"Primary":{"Small":{"Height":75,"URL":"https://m.media-amazon.com/images/I/41BbOcpleAL._SL75_.jpg","Width":75}}},"ItemInfo":{"ByLineInfo":{"Brand":{"DisplayValue":"Diyife","Label":"Brand","Locale":"es_ES"},"Manufacturer":{"DisplayValue":"Diyife","Label":"Manufacturer","Locale":"es_ES"}},"Title":{"DisplayValue":"Alicate Sacabocados para Cinturones y Cuero, [Juego Completo] Diyife Agujero Perforadora Punzón de Cinturón, Herramienta de Alicate para Trabajo Pesado Múltiple Tamaño para Tarjeta, Goma, (Azul)","Label":"Title","Locale":"es_ES"}},"Offers":{"Summaries":[{"Condition":{"Value":"New"},"LowestPrice":{"Amount":14.99,"Currency":"EUR","DisplayAmount":"14,99 €"}}]}},{"ASIN":"B01L6RYQUK","DetailPageURL":"https://www.amazon.es/dp/B01L6RYQUK?tag=topinalambricos-21&linkCode=osi&th=1&psc=1","Images":{"Primary":{"Small":{"Height":75,"URL":"https://m.media-amazon.com/images/I/41xOPZZLgdL._SL75_.jpg","Width":75}}},"ItemInfo":{"ByLineInfo":{"Brand":{"DisplayValue":"WORKPRO","Label":"Brand","Locale":"es_ES"},"Manufacturer":{"DisplayValue":"Hangzhou Greatstar Tools","Label":"Manufacturer","Locale":"es_ES"}},"Title":{"DisplayValue":"WORKPRO Alicates Sacabocado Agujero, Perforadora Puzones de 6 Tamaños 3.5-7.5 mm(Redondos,Rectangulares, Ovaladas),Sacador para Cuero Piel Cinturones Correas con 6 Placas","Label":"Title","Locale":"es_ES"}},"Offers":{"Summaries":[{"Condition":{"Value":"New"},"LowestPrice":{"Amount":13.99,"Currency":"EUR","DisplayAmount":"13,99 €"}}]}},{"ASIN":"B09P65BQDH","DetailPageURL":"https://www.amazon.es/dp/B09P65BQDH?tag=topinalambricos-21&linkCode=osi&th=1&psc=1","Images":{"Primary":{"Small":{"Height":75,"URL":"https://m.media-amazon.com/images/I/51r5i65V5wL._SL75_.jpg","Width":75}}},"ItemInfo":{"ByLineInfo":{"Brand":{"DisplayValue":"Preciva","Label":"Brand","Locale":"es_ES"},"Manufacturer":{"DisplayValue":"Preciva","Label":"Manufacturer","Locale":"es_ES"}},"Title":{"DisplayValue":"Agujero Cinturon, Preciva Sacabocados Cuero Agujero para Cuero y Cinturones, Perforadora Puzones Cabeza Giratoria con 6 Punzones Agujeros Sólidos en Forma de V","Label":"Title","Locale":"es_ES"}},"Offers":{"Summaries":[{"Condition":{"Value":"New"},"LowestPrice":{"Amount":20.99,"Currency":"EUR","DisplayAmount":"20,99 €"}}]}},{"ASIN":"B01M6ZDP85","DetailPageURL":"https://www.amazon.es/dp/B01M6ZDP85?tag=topinalambricos-21&linkCode=osi&th=1&psc=1","Images":{"Primary":{"Small":{"Height":75,"URL":"https://m.media-amazon.com/images/I/41DP3ocYIUL._SL75_.jpg","Width":66}}},"ItemInfo":{"ByLineInfo":{"Brand":{"DisplayValue":"Tuecompra S.L.","Label":"Brand","Locale":"es_ES"},"Manufacturer":{"DisplayValue":"Tuecompra S.L.","Label":"Manufacturer","Locale":"es_ES"}},"Title":{"DisplayValue":"SACABOCADOS INTERCAMBIABLE A GOLPE 14 PIEZAS","Label":"Title","Locale":"es_ES"}},"Offers":{"Summaries":[{"Condition":{"Value":"New"},"LowestPrice":{"Amount":29.49,"Currency":"EUR","DisplayAmount":"29,49 €"}}]}},{"ASIN":"B07TSDLXLY","DetailPageURL":"https://www.amazon.es/dp/B07TSDLXLY?tag=topinalambricos-21&linkCode=osi&th=1&psc=1","Images":{"Primary":{"Small":{"Height":56,"URL":"https://m.media-amazon.com/images/I/31+rRUgrImL._SL75_.jpg","Width":75}}},"ItemInfo":{"ByLineInfo":{"Brand":{"DisplayValue":"RIEGOLUX","Label":"Brand","Locale":"es_ES"},"Manufacturer":{"DisplayValue":"RIEGOLUX","Label":"Manufacturer","Locale":"es_ES"}},"Title":{"DisplayValue":"Riegolux 291230 Goteo Sacabocados Perforación, 3 mm","Label":"Title","Locale":"es_ES"}},"Offers":{"Summaries":[{"Condition":{"Value":"New"},"LowestPrice":{"Amount":6.95,"Currency":"EUR","DisplayAmount":"6,95 €"}}]}},{"ASIN":"B003XMX270","DetailPageURL":"https://www.amazon.es/dp/B003XMX270?tag=topinalambricos-21&linkCode=osi&th=1&psc=1","Images":{"Primary":{"Small":{"Height":61,"URL":"https://m.media-amazon.com/images/I/51qanTH3CgL._SL75_.jpg","Width":75}}},"ItemInfo":{"ByLineInfo":{"Brand":{"DisplayValue":"Mannesmann","Label":"Brand","Locale":"es_ES"},"Manufacturer":{"DisplayValue":"Brüder Mannesmann Werkzeuge","Label":"Manufacturer","Locale":"es_ES"}},"Title":{"DisplayValue":"Mannesmann - M 667 - Unidad perforada 9 piezas","Label":"Title","Locale":"es_ES"}},"Offers":{"Summaries":[{"Condition":{"Value":"New"},"LowestPrice":{"Amount":11.37,"Currency":"EUR","DisplayAmount":"11,37 €"}}]}}],"SearchURL":"https://www.amazon.es/s?k=sacabocados&rh=p_n_availability%3A-1&tag=topinalambricos-21&linkCode=osi","TotalResultCount":306}},"274":{"SearchResult":{"Items":[{"ASIN":"B07LBCM6RS","DetailPageURL":"https://www.amazon.es/dp/B07LBCM6RS?tag=topinalambricos-21&linkCode=osi&th=1&psc=1","Images":{"Primary":{"Small":{"Height":71,"URL":"https://m.media-amazon.com/images/I/51knG9bzGJL._SL75_.jpg","Width":75}}},"ItemInfo":{"ByLineInfo":{"Brand":{"DisplayValue":"LAKII","Label":"Brand","Locale":"es_ES"},"Manufacturer":{"DisplayValue":"LAKII","Label":"Manufacturer","Locale":"es_ES"}},"Title":{"DisplayValue":"LAKII 180 Set 2 tamaños de cuero tapa doble remache Remaches Tachuelas Metal tubular con 3 piezas de fijación para DIY remaches de cobre herramienta de reemplazo, 3 colores oro, plata y bronce","Label":"Title","Locale":"es_ES"}},"Offers":{"Summaries":[{"Condition":{"Value":"New"},"LowestPrice":{"Amount":11.99,"Currency":"EUR","DisplayAmount":"11,99 €"}}]}},{"ASIN":"B0BWMPSVK3","DetailPageURL":"https://www.amazon.es/dp/B0BWMPSVK3?tag=topinalambricos-21&linkCode=osi&th=1&psc=1","Images":{"Primary":{"Small":{"Height":74,"URL":"https://m.media-amazon.com/images/I/71JEy8vYIPL._SL75_.jpg","Width":75}}},"ItemInfo":{"ByLineInfo":{"Brand":{"DisplayValue":"KBRAKSI","Label":"Brand","Locale":"es_ES"},"Manufacturer":{"DisplayValue":"KBRAKSI","Label":"Manufacturer","Locale":"es_ES"}},"Title":{"DisplayValue":"KBRAKSI 300 Piezas Remache de Doble Tapa 3 tamaños de Remaches de Cuero Remaches de Metal Tachuelas Cuero Remaches con 3 Herramientas de Fijación para Artesanía de Decoración Jeans Cinturón 3 colores","Label":"Title","Locale":"es_ES"}},"Offers":{"Summaries":[{"Condition":{"Value":"New"},"LowestPrice":{"Amount":12.99,"Currency":"EUR","DisplayAmount":"12,99 €"}}]}},{"ASIN":"B0B8YG6MZW","DetailPageURL":"https://www.amazon.es/dp/B0B8YG6MZW?tag=topinalambricos-21&linkCode=osi&th=1&psc=1","Images":{"Primary":{"Small":{"Height":75,"URL":"https://m.media-amazon.com/images/I/51wslds0PXL._SL75_.jpg","Width":75}}},"ItemInfo":{"ByLineInfo":{"Brand":{"DisplayValue":"Prasacco","Label":"Brand","Locale":"es_ES"},"Manufacturer":{"DisplayValue":"Prasacco","Label":"Manufacturer","Locale":"es_ES"}},"Title":{"DisplayValue":"Prasacco 200 remaches de cuero de 8 mm, remaches tubulares de metal para bolsos, bolsos, bolsos, zapatos, cinturones, reparación de manualidades de cuero (dorado, plateado)","Label":"Title","Locale":"es_ES"}},"Offers":{"Summaries":[{"Condition":{"Value":"New"},"LowestPrice":{"Amount":5.93,"Currency":"EUR","DisplayAmount":"5,93 €"}}]}},{"ASIN":"B07S6F4PNR","DetailPageURL":"https://www.amazon.es/dp/B07S6F4PNR?tag=topinalambricos-21&linkCode=osi&th=1&psc=1","Images":{"Primary":{"Small":{"Height":75,"URL":"https://m.media-amazon.com/images/I/51V3MBPAfHL._SL75_.jpg","Width":75}}},"ItemInfo":{"ByLineInfo":{"Brand":{"DisplayValue":"DECARETA","Label":"Brand","Locale":"es_ES"},"Manufacturer":{"DisplayValue":"DECARETA","Label":"Manufacturer","Locale":"es_ES"}},"Title":{"DisplayValue":"DECARETA 100 Piezas Remaches Punk Plateado,Cono Picos con Tornillo,Remaches Tachuelas DIY Craft Cool Punk Para la Decoración en Bolsas de Bricolaje Pulseras de Cuero Ropa Zapatos Etc (Silver)","Label":"Title","Locale":"es_ES"}},"Offers":{"Summaries":[{"Condition":{"Value":"New"},"LowestPrice":{"Amount":9.99,"Currency":"EUR","DisplayAmount":"9,99 €"}}]}},{"ASIN":"B07P6PK176","DetailPageURL":"https://www.amazon.es/dp/B07P6PK176?tag=topinalambricos-21&linkCode=osi&th=1&psc=1","Images":{"Primary":{"Small":{"Height":70,"URL":"https://m.media-amazon.com/images/I/61L51-L4EML._SL75_.jpg","Width":75}}},"ItemInfo":{"ByLineInfo":{"Brand":{"DisplayValue":"siismi","Label":"Brand","Locale":"es_ES"},"Manufacturer":{"DisplayValue":"SIISMI","Label":"Manufacturer","Locale":"es_ES"}},"Title":{"DisplayValue":"SIISMI 180 Set 2 Tamaños de Remaches de Cuero Remache de Doble Tapa Pernos con 3 Piezas de Herramienta de Reparación para DIY Artesanía de Cuero, Reemplazo de Remache, 3 colores oro, plata y bronce.","Label":"Title","Locale":"es_ES"}},"Offers":{"Summaries":[{"Condition":{"Value":"New"},"LowestPrice":{"Amount":10.98,"Currency":"EUR","DisplayAmount":"10,98 €"}}]}},{"ASIN":"B06WD68W7S","DetailPageURL":"https://www.amazon.es/dp/B06WD68W7S?tag=topinalambricos-21&linkCode=osi&th=1&psc=1","Images":{"Primary":{"Small":{"Height":75,"URL":"https://m.media-amazon.com/images/I/51XMjmNPkbL._SL75_.jpg","Width":75}}},"ItemInfo":{"ByLineInfo":{"Brand":{"DisplayValue":"Duokon","Label":"Brand","Locale":"es_ES"},"Manufacturer":{"DisplayValue":"Yosoo","Label":"Manufacturer","Locale":"es_ES"}},"Title":{"DisplayValue":"Remaches de botón de metal, 10 piezas Remache de latón plateado para manualidades en cuero Remache de metal con anillo de tracción Hebilla para bolsos Cinturones Pulseras de cuero Zapatos Botas Bolsos","Label":"Title","Locale":"es_ES"}},"Offers":{"Summaries":[{"Condition":{"Value":"New"},"LowestPrice":{"Amount":10.85,"Currency":"EUR","DisplayAmount":"10,85 €"}}]}},{"ASIN":"B088M9FPCL","DetailPageURL":"https://www.amazon.es/dp/B088M9FPCL?tag=topinalambricos-21&linkCode=osi&th=1&psc=1","Images":{"Primary":{"Small":{"Height":75,"URL":"https://m.media-amazon.com/images/I/61bN+DfPOXL._SL75_.jpg","Width":75}}},"ItemInfo":{"ByLineInfo":{"Brand":{"DisplayValue":"ZARRS","Label":"Brand","Locale":"es_ES"},"Manufacturer":{"DisplayValue":"ZARRS","Label":"Manufacturer","Locale":"es_ES"}},"Title":{"DisplayValue":"Remaches de Cuero,300 Piezas Remache de Doble Tapa con 3 Herramientas de Fijación para Manualidades de Cuero,Cinturón 3 Tamaños(Oro,Plata y Bronce)","Label":"Title","Locale":"es_ES"}},"Offers":{"Summaries":[{"Condition":{"Value":"New"},"LowestPrice":{"Amount":13.87,"Currency":"EUR","DisplayAmount":"13,87 €"}}]}},{"ASIN":"B08GBZT49Y","DetailPageURL":"https://www.amazon.es/dp/B08GBZT49Y?tag=topinalambricos-21&linkCode=osi&th=1&psc=1","Images":{"Primary":{"Small":{"Height":75,"URL":"https://m.media-amazon.com/images/I/41u+7AtAD0L._SL75_.jpg","Width":75}}},"ItemInfo":{"ByLineInfo":{"Brand":{"DisplayValue":"Pssopp","Label":"Brand","Locale":"es_ES"},"Manufacturer":{"DisplayValue":"Fdit","Label":"Manufacturer","Locale":"es_ES"}},"Title":{"DisplayValue":"30 juegos de tachuelas de estrella de Metal formas de estrella de plata remaches de Metal Punk Rock artesanía ropa de cuero picos ropa decoración de estilo Punk","Label":"Title","Locale":"es_ES"}},"Offers":{"Summaries":[{"Condition":{"Value":"New"},"LowestPrice":{"Amount":13.39,"Currency":"EUR","DisplayAmount":"13,39 €"}}]}},{"ASIN":"B07FNL784P","DetailPageURL":"https://www.amazon.es/dp/B07FNL784P?tag=topinalambricos-21&linkCode=osi&th=1&psc=1","Images":{"Primary":{"Small":{"Height":75,"URL":"https://m.media-amazon.com/images/I/51ENeLCkTUL._SL75_.jpg","Width":75}}},"ItemInfo":{"ByLineInfo":{"Brand":{"DisplayValue":"PH PandaHall","Label":"Brand","Locale":"es_ES"},"Manufacturer":{"DisplayValue":"PH PandaHall","Label":"Manufacturer","Locale":"es_ES"}},"Title":{"DisplayValue":"PandaHall - Juego de 120 remaches de 8 mm, color turquesa, con accesorios de acero inoxidable y aluminio, para bolso, bolsos, botas, decoración de artesanías de cuero, platino","Label":"Title","Locale":"es_ES"}},"Offers":{"Summaries":[{"Condition":{"Value":"New"},"LowestPrice":{"Amount":16.59,"Currency":"EUR","DisplayAmount":"16,59 €"}}]}},{"ASIN":"B07YHWDYGW","DetailPageURL":"https://www.amazon.es/dp/B07YHWDYGW?tag=topinalambricos-21&linkCode=osi&th=1&psc=1","Images":{"Primary":{"Small":{"Height":75,"URL":"https://m.media-amazon.com/images/I/4172tRhfPFL._SL75_.jpg","Width":75}}},"ItemInfo":{"ByLineInfo":{"Brand":{"DisplayValue":"PandaHall","Label":"Brand","Locale":"es_ES"},"Manufacturer":{"DisplayValue":"PandaHall","Label":"Manufacturer","Locale":"es_ES"}},"Title":{"DisplayValue":"PandaHall 40 Juegos de Remaches de aleación de 4 Colores de Tornillo Dorado con Espiga de Metal para artesanía en Cuero, Remaches para Bolso de Mano, Zapatos de Punk, Rock, Cuero, Manualidades","Label":"Title","Locale":"es_ES"}},"Offers":{"Summaries":[{"Condition":{"Value":"New"},"LowestPrice":{"Amount":11.99,"Currency":"EUR","DisplayAmount":"11,99 €"}}]}}],"SearchURL":"https://www.amazon.es/s?k=remaches&rh=n%3A4358254031%2Cp_n_availability%3A-1&tag=topinalambricos-21&linkCode=osi","TotalResultCount":1000}},"275":{"SearchResult":{"Items":[{"ASIN":"B08V4QZDND","DetailPageURL":"https://www.amazon.es/dp/B08V4QZDND?tag=topinalambricos-21&linkCode=osi&th=1&psc=1","Images":{"Primary":{"Small":{"Height":75,"URL":"https://m.media-amazon.com/images/I/51ZwlfYid2L._SL75_.jpg","Width":75}}},"ItemInfo":{"ByLineInfo":{"Brand":{"DisplayValue":"Homsyway","Label":"Brand","Locale":"es_ES"},"Manufacturer":{"DisplayValue":"Homsyway","Label":"Manufacturer","Locale":"es_ES"}},"Title":{"DisplayValue":"600 pieza Pyramid Square Studs 8/12/15 mm Remaches espiga LiceCraft Punk Head Nailhead Studs, para bolsas Cinturón ropa Zapatos de ropa DIY Proyectos, con abono de perforación y dedal(Bronce,Plata)","Label":"Title","Locale":"es_ES"}},"Offers":{"Summaries":[{"Condition":{"Value":"New"},"LowestPrice":{"Amount":11.99,"Currency":"EUR","DisplayAmount":"11,99 €"}}]}},{"ASIN":"B07S6F4PNR","DetailPageURL":"https://www.amazon.es/dp/B07S6F4PNR?tag=topinalambricos-21&linkCode=osi&th=1&psc=1","Images":{"Primary":{"Small":{"Height":75,"URL":"https://m.media-amazon.com/images/I/51V3MBPAfHL._SL75_.jpg","Width":75}}},"ItemInfo":{"ByLineInfo":{"Brand":{"DisplayValue":"DECARETA","Label":"Brand","Locale":"es_ES"},"Manufacturer":{"DisplayValue":"DECARETA","Label":"Manufacturer","Locale":"es_ES"}},"Title":{"DisplayValue":"DECARETA 100 Piezas Remaches Punk Plateado,Cono Picos con Tornillo,Remaches Tachuelas DIY Craft Cool Punk Para la Decoración en Bolsas de Bricolaje Pulseras de Cuero Ropa Zapatos Etc (Silver)","Label":"Title","Locale":"es_ES"}},"Offers":{"Summaries":[{"Condition":{"Value":"New"},"LowestPrice":{"Amount":9.99,"Currency":"EUR","DisplayAmount":"9,99 €"}}]}},{"ASIN":"B09DCXR36X","DetailPageURL":"https://www.amazon.es/dp/B09DCXR36X?tag=topinalambricos-21&linkCode=osi&th=1&psc=1","Images":{"Primary":{"Small":{"Height":75,"URL":"https://m.media-amazon.com/images/I/41CsXuWybgL._SL75_.jpg","Width":75}}},"ItemInfo":{"ByLineInfo":{"Brand":{"DisplayValue":"Sweieoni","Label":"Brand","Locale":"es_ES"},"Manufacturer":{"DisplayValue":"Sweieoni","Label":"Manufacturer","Locale":"es_ES"}},"Title":{"DisplayValue":"Sweieoni Tachuelas para Ropa 150 Piezas Remaches Punk Tachuelas Decorativas para Ropa con Tornillo, para la Decoración en Bolsas de Bricolaje Cazadoras de Cuero Ropa Zapatos (Plateado)","Label":"Title","Locale":"es_ES"}},"Offers":{"Summaries":[{"Condition":{"Value":"New"},"LowestPrice":{"Amount":13.98,"Currency":"EUR","DisplayAmount":"13,98 €"}}]}},{"ASIN":"B07LBCM6RS","DetailPageURL":"https://www.amazon.es/dp/B07LBCM6RS?tag=topinalambricos-21&linkCode=osi&th=1&psc=1","Images":{"Primary":{"Small":{"Height":71,"URL":"https://m.media-amazon.com/images/I/51knG9bzGJL._SL75_.jpg","Width":75}}},"ItemInfo":{"ByLineInfo":{"Brand":{"DisplayValue":"LAKII","Label":"Brand","Locale":"es_ES"},"Manufacturer":{"DisplayValue":"LAKII","Label":"Manufacturer","Locale":"es_ES"}},"Title":{"DisplayValue":"LAKII 180 Set 2 tamaños de cuero tapa doble remache Remaches Tachuelas Metal tubular con 3 piezas de fijación para DIY remaches de cobre herramienta de reemplazo, 3 colores oro, plata y bronce","Label":"Title","Locale":"es_ES"}},"Offers":{"Summaries":[{"Condition":{"Value":"New"},"LowestPrice":{"Amount":11.99,"Currency":"EUR","DisplayAmount":"11,99 €"}}]}},{"ASIN":"B072B9PQYX","DetailPageURL":"https://www.amazon.es/dp/B072B9PQYX?tag=topinalambricos-21&linkCode=osi&th=1&psc=1","Images":{"Primary":{"Small":{"Height":75,"URL":"https://m.media-amazon.com/images/I/61dzBva75+L._SL75_.jpg","Width":75}}},"ItemInfo":{"ByLineInfo":{"Brand":{"DisplayValue":"ULTNICE","Label":"Brand","Locale":"es_ES"},"Manufacturer":{"DisplayValue":"ULTNICE","Label":"Manufacturer","Locale":"es_ES"}},"Title":{"DisplayValue":"ultnice 100 unidades 6 mm rundnieten metal Remaches para DIY Zapatos de piel pulsera","Label":"Title","Locale":"es_ES"}},"Offers":{"Summaries":[{"Condition":{"Value":"New"},"LowestPrice":{"Amount":6.99,"Currency":"EUR","DisplayAmount":"6,99 €"}}]}},{"ASIN":"B08QMVCF9Q","DetailPageURL":"https://www.amazon.es/dp/B08QMVCF9Q?tag=topinalambricos-21&linkCode=osi&th=1&psc=1","Images":{"Primary":{"Small":{"Height":75,"URL":"https://m.media-amazon.com/images/I/51dZoJOXYlL._SL75_.jpg","Width":75}}},"ItemInfo":{"ByLineInfo":{"Brand":{"DisplayValue":"AYWFEY","Label":"Brand","Locale":"es_ES"},"Manufacturer":{"DisplayValue":"AYWFEY","Label":"Manufacturer","Locale":"es_ES"}},"Title":{"DisplayValue":"AYWFEY 120 pares de espigas de cono de bala, tachuelas metálicas con tornillos tachuelas metálicas con tornillos para manualidades en cuero remaches geniales ropa punk zapatos bolsa cinturón chaqueta","Label":"Title","Locale":"es_ES"}},"Offers":{"Summaries":[{"Condition":{"Value":"New"},"LowestPrice":{"Amount":10.99,"Currency":"EUR","DisplayAmount":"10,99 €"}}]}},{"ASIN":"B08SLV5R7Q","DetailPageURL":"https://www.amazon.es/dp/B08SLV5R7Q?tag=topinalambricos-21&linkCode=osi&th=1&psc=1","Images":{"Primary":{"Small":{"Height":75,"URL":"https://m.media-amazon.com/images/I/31LpjtoK-XL._SL75_.jpg","Width":75}}},"ItemInfo":{"ByLineInfo":{"Brand":{"DisplayValue":"Hztyyier","Label":"Brand","Locale":"es_ES"},"Manufacturer":{"DisplayValue":"Hztyyier","Label":"Manufacturer","Locale":"es_ES"}},"Title":{"DisplayValue":"400 juegos de tachuelas de punta cuadrada de cuatro mandíbulas, remaches de punta cuadrada para manualidades en cuero DIY, tachuelas de punta cuadrada(5mm-Bronce)","Label":"Title","Locale":"es_ES"}},"Offers":{"Summaries":[{"Condition":{"Value":"New"},"LowestPrice":{"Amount":8.42,"Currency":"EUR","DisplayAmount":"8,42 €"}}]}},{"ASIN":"B01IJAYRYC","DetailPageURL":"https://www.amazon.es/dp/B01IJAYRYC?tag=topinalambricos-21&linkCode=osi&th=1&psc=1","Images":{"Primary":{"Small":{"Height":75,"URL":"https://m.media-amazon.com/images/I/51JdtUrfFiL._SL75_.jpg","Width":75}}},"ItemInfo":{"ByLineInfo":{"Brand":{"DisplayValue":"KAKOO","Label":"Brand","Locale":"es_ES"},"Manufacturer":{"DisplayValue":"KAKOO","Label":"Manufacturer","Locale":"es_ES"}},"Title":{"DisplayValue":"KAKOO 306pcs Remache Doble Tapa Herramienta de reparación de 3 tomaño y Kit de Herramienta de fijación con Dos Agujero rasante para artesanía de decoración, Jeans, cinturón","Label":"Title","Locale":"es_ES"}},"Offers":{"Summaries":[{"Condition":{"Value":"New"},"LowestPrice":{"Amount":15.99,"Currency":"EUR","DisplayAmount":"15,99 €"}}]}},{"ASIN":"B0BWQTJM5Z","DetailPageURL":"https://www.amazon.es/dp/B0BWQTJM5Z?tag=topinalambricos-21&linkCode=osi&th=1&psc=1","Images":{"Primary":{"Small":{"Height":75,"URL":"https://m.media-amazon.com/images/I/61pncFCpKVL._SL75_.jpg","Width":75}}},"ItemInfo":{"ByLineInfo":{"Brand":{"DisplayValue":"Guidre","Label":"Brand","Locale":"es_ES"},"Manufacturer":{"DisplayValue":"Guidre","Label":"Manufacturer","Locale":"es_ES"}},"Title":{"DisplayValue":"Guidre 200 Piezas Remaches Punk Plateado,Cono Picos con Tornillo,Remaches Tachuelas DIY Craft Cool Punk para la Decoración en Bolsas de Bricolaje Pulseras de Cuero Ropa Zapatos Etc (Silver/Oro)","Label":"Title","Locale":"es_ES"}},"Offers":{"Summaries":[{"Condition":{"Value":"New"},"LowestPrice":{"Amount":10.99,"Currency":"EUR","DisplayAmount":"10,99 €"}}]}},{"ASIN":"B07XD8HX8T","DetailPageURL":"https://www.amazon.es/dp/B07XD8HX8T?tag=topinalambricos-21&linkCode=osi&th=1&psc=1","Images":{"Primary":{"Small":{"Height":75,"URL":"https://m.media-amazon.com/images/I/41sozi9ZdgL._SL75_.jpg","Width":75}}},"ItemInfo":{"ByLineInfo":{"Brand":{"DisplayValue":"Healifty","Label":"Brand","Locale":"es_ES"},"Manufacturer":{"DisplayValue":"Healifty","Label":"Manufacturer","Locale":"es_ES"}},"Title":{"DisplayValue":"Healifty 100 piezas tachuelas planas remaches de cuero tachuelas pegamento en tachuelas para bolsos artesanales ropa cinturón zapatos plata","Label":"Title","Locale":"es_ES"}},"Offers":{"Summaries":[{"Condition":{"Value":"New"},"LowestPrice":{"Amount":10.29,"Currency":"EUR","DisplayAmount":"10,29 €"}}]}}],"SearchURL":"https://www.amazon.es/s?k=tachuelas&rh=n%3A4358254031%2Cp_n_availability%3A-1&tag=topinalambricos-21&linkCode=osi","TotalResultCount":780}},"277":{"SearchResult":{"Items":[{"ASIN":"B01N3TBHR8","DetailPageURL":"https://www.amazon.es/dp/B01N3TBHR8?tag=topinalambricos-21&linkCode=osi&th=1&psc=1","Images":{"Primary":{"Small":{"Height":75,"URL":"https://m.media-amazon.com/images/I/31HP+-PqgdL._SL75_.jpg","Width":75}}},"ItemInfo":{"ByLineInfo":{"Brand":{"DisplayValue":"vidaXL","Label":"Brand","Locale":"es_ES"},"Manufacturer":{"DisplayValue":"vidaXL","Label":"Manufacturer","Locale":"es_ES"}},"Title":{"DisplayValue":"vidaXL Sofá Tipo Chesterfield Negro 3 Plazas Revestimiento de Cuero Artificial","Label":"Title","Locale":"es_ES"}},"Offers":{"Summaries":[{"Condition":{"Value":"New"},"LowestPrice":{"Amount":358.33,"Currency":"EUR","DisplayAmount":"358,33 €"}}]}},{"ASIN":"B077G314L1","DetailPageURL":"https://www.amazon.es/dp/B077G314L1?tag=topinalambricos-21&linkCode=osi&th=1&psc=1","Images":{"Primary":{"Small":{"Height":75,"URL":"https://m.media-amazon.com/images/I/41odSIVeegL._SL75_.jpg","Width":75}}},"ItemInfo":{"ByLineInfo":{"Brand":{"DisplayValue":"vidaXL","Label":"Brand","Locale":"es_ES"},"Manufacturer":{"DisplayValue":"vidaXL","Label":"Manufacturer","Locale":"es_ES"}},"Title":{"DisplayValue":"vidaXL Sofá Chesterfield 2 Plaza Cuero Artificial Marrón Sillón Asiento Mueble","Label":"Title","Locale":"es_ES"}},"Offers":{"Summaries":[{"Condition":{"Value":"New"},"LowestPrice":{"Amount":363.22,"Currency":"EUR","DisplayAmount":"363,22 €"}}]}},{"ASIN":"B0BJ9ZL8S8","DetailPageURL":"https://www.amazon.es/dp/B0BJ9ZL8S8?tag=topinalambricos-21&linkCode=osi&th=1&psc=1","Images":{"Primary":{"Small":{"Height":75,"URL":"https://m.media-amazon.com/images/I/31NPYlVRM9L._SL75_.jpg","Width":75}}},"ItemInfo":{"ByLineInfo":{"Brand":{"DisplayValue":"Tidyard","Label":"Brand","Locale":"es_ES"},"Manufacturer":{"DisplayValue":"Tidyard","Label":"Manufacturer","Locale":"es_ES"}},"Title":{"DisplayValue":"Tidyard Sofá Tipo Chesterfield Sofá Chesterfield Artificial Sofá Chester Sillón Asiento Mueble de 3 plazas,Sofá de Sala Lujo de Moda de Cuero Artificial Negro","Label":"Title","Locale":"es_ES"}},"Offers":{"Summaries":[{"Condition":{"Value":"New"},"LowestPrice":{"Amount":438.99,"Currency":"EUR","DisplayAmount":"438,99 €"}}]}},{"ASIN":"B01MRH6IKN","DetailPageURL":"https://www.amazon.es/dp/B01MRH6IKN?tag=topinalambricos-21&linkCode=osi&th=1&psc=1","Images":{"Primary":{"Small":{"Height":75,"URL":"https://m.media-amazon.com/images/I/31-+Mh4e71L._SL75_.jpg","Width":75}}},"ItemInfo":{"ByLineInfo":{"Brand":{"DisplayValue":"vidaXL","Label":"Brand","Locale":"es_ES"},"Manufacturer":{"DisplayValue":"vidaXL","Label":"Manufacturer","Locale":"es_ES"}},"Title":{"DisplayValue":"vidaXL Sofá Moderno de 3 Plazas de Cuero Artificial Negro Sillón de Salón Casa","Label":"Title","Locale":"es_ES"}},"Offers":{"Summaries":[{"Condition":{"Value":"New"},"LowestPrice":{"Amount":268.08,"Currency":"EUR","DisplayAmount":"268,08 €"}}]}},{"ASIN":"B0BNN6QPKC","DetailPageURL":"https://www.amazon.es/dp/B0BNN6QPKC?tag=topinalambricos-21&linkCode=osi&th=1&psc=1","Images":{"Primary":{"Small":{"Height":75,"URL":"https://m.media-amazon.com/images/I/31bzZYIVqJL._SL75_.jpg","Width":75}}},"ItemInfo":{"ByLineInfo":{"Brand":{"DisplayValue":"vidaXL","Label":"Brand","Locale":"es_ES"},"Manufacturer":{"DisplayValue":"vidaXL","Label":"Manufacturer","Locale":"es_ES"}},"Title":{"DisplayValue":"vidaXL Sofá de 2 Plazas Asiento Respaldo Salón Sala de Estar Dormitorio Almohada Cojines Reposabrazos Patas de Cuero Sintético Color Capuchino 120 cm","Label":"Title","Locale":"es_ES"}},"Offers":{"Summaries":[{"Condition":{"Value":"New"},"LowestPrice":{"Amount":223.99,"Currency":"EUR","DisplayAmount":"223,99 €"}}]}},{"ASIN":"B0713WSCBD","DetailPageURL":"https://www.amazon.es/dp/B0713WSCBD?tag=topinalambricos-21&linkCode=osi&th=1&psc=1","Images":{"Primary":{"Small":{"Height":75,"URL":"https://m.media-amazon.com/images/I/312zQ9j9nTL._SL75_.jpg","Width":75}}},"ItemInfo":{"ByLineInfo":{"Brand":{"DisplayValue":"vidaXL","Label":"Brand","Locale":"es_ES"},"Manufacturer":{"DisplayValue":"vidaXL","Label":"Manufacturer","Locale":"es_ES"}},"Title":{"DisplayValue":"vidaXL Sofá Chesterfield Esquina 6 Plazas Cuero Artificial 260x205x73 cm Negro","Label":"Title","Locale":"es_ES"}},"Offers":{"Summaries":[{"Condition":{"Value":"New"},"LowestPrice":{"Amount":790.78,"Currency":"EUR","DisplayAmount":"790,78 €"}}]}},{"ASIN":"B07842L61R","DetailPageURL":"https://www.amazon.es/dp/B07842L61R?tag=topinalambricos-21&linkCode=osi&th=1&psc=1","Images":{"Primary":{"Small":{"Height":75,"URL":"https://m.media-amazon.com/images/I/31utA+pRCWL._SL75_.jpg","Width":75}}},"ItemInfo":{"ByLineInfo":{"Brand":{"DisplayValue":"vidaXL","Label":"Brand","Locale":"es_ES"},"Manufacturer":{"DisplayValue":"vidaXL","Label":"Manufacturer","Locale":"es_ES"}},"Title":{"DisplayValue":"vidaXL Sofá Chesterfield 5 Plazas Lujoso Cuero Artificial Marrón Sillón Esquina","Label":"Title","Locale":"es_ES"}},"Offers":{"Summaries":[{"Condition":{"Value":"New"},"LowestPrice":{"Amount":648.64,"Currency":"EUR","DisplayAmount":"648,64 €"}}]}},{"ASIN":"B0BNMVFPGV","DetailPageURL":"https://www.amazon.es/dp/B0BNMVFPGV?tag=topinalambricos-21&linkCode=osi&th=1&psc=1","Images":{"Primary":{"Small":{"Height":75,"URL":"https://m.media-amazon.com/images/I/21P1KJhP-XL._SL75_.jpg","Width":75}}},"ItemInfo":{"ByLineInfo":{"Brand":{"DisplayValue":"vidaXL","Label":"Brand","Locale":"es_ES"},"Manufacturer":{"DisplayValue":"vidaXL","Label":"Manufacturer","Locale":"es_ES"}},"Title":{"DisplayValue":"vidaXL Sofá de 2 Plazas Asiento Respaldo Salón Sala de Estar Dormitorio Almohada Cojines Tapizado Reposabrazos de Cuero Sintético Crema 140 cm","Label":"Title","Locale":"es_ES"}},"Offers":{"Summaries":[{"Condition":{"Value":"New"},"LowestPrice":{"Amount":205.99,"Currency":"EUR","DisplayAmount":"205,99 €"}}]}},{"ASIN":"B0BB2JX5M7","DetailPageURL":"https://www.amazon.es/dp/B0BB2JX5M7?tag=topinalambricos-21&linkCode=osi&th=1&psc=1","Images":{"Primary":{"Small":{"Height":75,"URL":"https://m.media-amazon.com/images/I/31G3B6TeRuL._SL75_.jpg","Width":75}}},"ItemInfo":{"ByLineInfo":{"Brand":{"DisplayValue":"vidaXL","Label":"Brand","Locale":"es_ES"},"Manufacturer":{"DisplayValue":"vidaXL","Label":"Manufacturer","Locale":"es_ES"}},"Title":{"DisplayValue":"vidaXL Sofá Diván de 2 Plazas Cuero Sintético Gris Invitado Salón Convertibles","Label":"Title","Locale":"es_ES"}},"Offers":{"Summaries":[{"Condition":{"Value":"New"},"LowestPrice":{"Amount":149.99,"Currency":"EUR","DisplayAmount":"149,99 €"}}]}},{"ASIN":"B09V2DJD5Y","DetailPageURL":"https://www.amazon.es/dp/B09V2DJD5Y?tag=topinalambricos-21&linkCode=osi&th=1&psc=1","Images":{"Primary":{"Small":{"Height":75,"URL":"https://m.media-amazon.com/images/I/21b445cNx0L._SL75_.jpg","Width":75}}},"ItemInfo":{"ByLineInfo":{"Brand":{"DisplayValue":"Festnjght","Label":"Brand","Locale":"es_ES"},"Manufacturer":{"DisplayValue":"Festnjght","Label":"Manufacturer","Locale":"es_ES"}},"Title":{"DisplayValue":"Festnjght Sofá Cama 2 Plazas 200 x 84,5 x 69 cm, Sofá Cama Moderno de Salon, Cuero Sintético Eesistente Las Grietas y Acolchado Grueso y Suave, Convierte Fácilmente (Rojo Vino Tinto)","Label":"Title","Locale":"es_ES"}},"Offers":{"Summaries":[{"Condition":{"Value":"New"},"LowestPrice":{"Amount":187.99,"Currency":"EUR","DisplayAmount":"187,99 €"}}]}}],"SearchURL":"https://www.amazon.es/s?k=sofa+cuero&rh=n%3A2822922031%2Cp_n_availability%3A-1&tag=topinalambricos-21&linkCode=osi","TotalResultCount":1000}},"278":{"SearchResult":{"Items":[{"ASIN":"B07GZJG5W6","DetailPageURL":"https://www.amazon.es/dp/B07GZJG5W6?tag=topinalambricos-21&linkCode=osi&th=1&psc=1","Images":{"Primary":{"Small":{"Height":75,"URL":"https://m.media-amazon.com/images/I/21cxSrPF6YL._SL75_.jpg","Width":75}}},"ItemInfo":{"ByLineInfo":{"Brand":{"DisplayValue":"vidaXL","Label":"Brand","Locale":"es_ES"},"Manufacturer":{"DisplayValue":"vidaXL","Label":"Manufacturer","Locale":"es_ES"}},"Title":{"DisplayValue":"vidaXL Sofá Chesterfield en Forma L Cuero Artificial Blanco Mobiliario Hogar","Label":"Title","Locale":"es_ES"}},"Offers":{"Summaries":[{"Condition":{"Value":"New"},"LowestPrice":{"Amount":544.07,"Currency":"EUR","DisplayAmount":"544,07 €"}}]}},{"ASIN":"B01N8X32E0","DetailPageURL":"https://www.amazon.es/dp/B01N8X32E0?tag=topinalambricos-21&linkCode=osi&th=1&psc=1","Images":{"Primary":{"Small":{"Height":75,"URL":"https://m.media-amazon.com/images/I/31MBNv6RASS._SL75_.jpg","Width":75}}},"ItemInfo":{"ByLineInfo":{"Brand":{"DisplayValue":"vidaXL","Label":"Brand","Locale":"es_ES"},"Manufacturer":{"DisplayValue":"vidaXL","Label":"Manufacturer","Locale":"es_ES"}},"Title":{"DisplayValue":"vidaXL Sofá Moderno de 2 Plazas Cuero Artificial Blanco Sillón de Salón Casa","Label":"Title","Locale":"es_ES"}},"Offers":{"Summaries":[{"Condition":{"Value":"New"},"LowestPrice":{"Amount":199.95,"Currency":"EUR","DisplayAmount":"199,95 €"}}]}},{"ASIN":"B08KH5SD6Q","DetailPageURL":"https://www.amazon.es/dp/B08KH5SD6Q?tag=topinalambricos-21&linkCode=osi&th=1&psc=1","Images":{"Primary":{"Small":{"Height":75,"URL":"https://m.media-amazon.com/images/I/21x4-jK9TnL._SL75_.jpg","Width":75}}},"ItemInfo":{"ByLineInfo":{"Brand":{"DisplayValue":"vidaXL","Label":"Brand","Locale":"es_ES"},"Manufacturer":{"DisplayValue":"vidaXL","Label":"Manufacturer","Locale":"es_ES"}},"Title":{"DisplayValue":"vidaXL Sofá de 2 Plazas Sillón Silla Asiento Dormitorio Salón Sala de Estar Cojines Acolchado Suave Cómodo Elegante Sencillo de Cuero Sintético Blanco","Label":"Title","Locale":"es_ES"}},"Offers":{"Summaries":[{"Condition":{"Value":"New"},"LowestPrice":{"Amount":234.56,"Currency":"EUR","DisplayAmount":"234,56 €"}}]}},{"ASIN":"B07BHMHTD3","DetailPageURL":"https://www.amazon.es/dp/B07BHMHTD3?tag=topinalambricos-21&linkCode=osi&th=1&psc=1","Images":{"Primary":{"Small":{"Height":75,"URL":"https://m.media-amazon.com/images/I/51CdxO5RfUL._SL75_.jpg","Width":75}}},"ItemInfo":{"ByLineInfo":{"Brand":{"DisplayValue":"Festnight","Label":"Brand","Locale":"es_ES"},"Manufacturer":{"DisplayValue":"Festnight","Label":"Manufacturer","Locale":"es_ES"}},"Title":{"DisplayValue":"Festnight Sofa de Piel con 3 Asientos Blanco 188 x 122 x 77 cm","Label":"Title","Locale":"es_ES"}},"Offers":{"Summaries":[{"Condition":{"Value":"New"},"LowestPrice":{"Amount":464.99,"Currency":"EUR","DisplayAmount":"464,99 €"}}]}},{"ASIN":"B01G1R3H7I","DetailPageURL":"https://www.amazon.es/dp/B01G1R3H7I?tag=topinalambricos-21&linkCode=osi&th=1&psc=1","Images":{"Primary":{"Small":{"Height":75,"URL":"https://m.media-amazon.com/images/I/31LlUOlPRCS._SL75_.jpg","Width":75}}},"ItemInfo":{"ByLineInfo":{"Brand":{"DisplayValue":"vidaXL","Label":"Brand","Locale":"es_ES"},"Manufacturer":{"DisplayValue":"vidaXL","Label":"Manufacturer","Locale":"es_ES"}},"Title":{"DisplayValue":"vidaXL Sofá Cama Reclinable con 2 Cojines Madera Cuero Sintético Blanco Crema","Label":"Title","Locale":"es_ES"}},"Offers":{"Summaries":[{"Condition":{"Value":"New"},"LowestPrice":{"Amount":177.5,"Currency":"EUR","DisplayAmount":"177,50 €"}}]}},{"ASIN":"B07NBYDM8K","DetailPageURL":"https://www.amazon.es/dp/B07NBYDM8K?tag=topinalambricos-21&linkCode=osi&th=1&psc=1","Images":{"Primary":{"Small":{"Height":75,"URL":"https://m.media-amazon.com/images/I/31SzENq+2HL._SL75_.jpg","Width":75}}},"ItemInfo":{"ByLineInfo":{"Brand":{"DisplayValue":"vidaXL","Label":"Brand","Locale":"es_ES"},"Manufacturer":{"DisplayValue":"vidaXL","Label":"Manufacturer","Locale":"es_ES"}},"Title":{"DisplayValue":"vidaXL Sofá 2 Plazas Cuero Sintético Blanco Gris Oscuro Asiento Sillón Silla","Label":"Title","Locale":"es_ES"}},"Offers":{"Summaries":[{"Condition":{"Value":"New"},"LowestPrice":{"Amount":221.9,"Currency":"EUR","DisplayAmount":"221,90 €"}}]}},{"ASIN":"B0B8ZJJR9J","DetailPageURL":"https://www.amazon.es/dp/B0B8ZJJR9J?tag=topinalambricos-21&linkCode=osi&th=1&psc=1","Images":{"Primary":{"Small":{"Height":75,"URL":"https://m.media-amazon.com/images/I/41LZZ5e9JZL._SL75_.jpg","Width":75}}},"ItemInfo":{"ByLineInfo":{"Brand":{"DisplayValue":"Mogou","Label":"Brand","Locale":"es_ES"},"Manufacturer":{"DisplayValue":"Mogou","Label":"Manufacturer","Locale":"es_ES"}},"Title":{"DisplayValue":"Mogou Sofá de 2 plazas, Sofa Cama, Sofas De Salon, Sillón Sofá Cama, Sofas Modernos, de Cuero Artificial Negro","Label":"Title","Locale":"es_ES"}},"Offers":{"Summaries":[{"Condition":{"Value":"New"},"LowestPrice":{"Amount":237.88,"Currency":"EUR","DisplayAmount":"237,88 €"}}]}},{"ASIN":"B00A2Y1C9W","DetailPageURL":"https://www.amazon.es/dp/B00A2Y1C9W?tag=topinalambricos-21&linkCode=osi&th=1&psc=1","Images":{"Primary":{"Small":{"Height":75,"URL":"https://m.media-amazon.com/images/I/31jqsSznAkL._SL75_.jpg","Width":75}}},"ItemInfo":{"ByLineInfo":{"Brand":{"DisplayValue":"vidaXL","Label":"Brand","Locale":"es_ES"},"Manufacturer":{"DisplayValue":"vidaXL","Label":"Manufacturer","Locale":"es_ES"}},"Title":{"DisplayValue":"vidaXL Diván Sofá Chaise Lounge Cuero Artificial Blanco Crema Sillón Elegante","Label":"Title","Locale":"es_ES"}},"Offers":{"Summaries":[{"Condition":{"Value":"New"},"LowestPrice":{"Amount":358.57,"Currency":"EUR","DisplayAmount":"358,57 €"}}]}},{"ASIN":"B01N05NAR9","DetailPageURL":"https://www.amazon.es/dp/B01N05NAR9?tag=topinalambricos-21&linkCode=osi&th=1&psc=1","Images":{"Primary":{"Small":{"Height":75,"URL":"https://m.media-amazon.com/images/I/31Nz-10Z57L._SL75_.jpg","Width":75}}},"ItemInfo":{"ByLineInfo":{"Brand":{"DisplayValue":"vidaXL","Label":"Brand","Locale":"es_ES"},"Manufacturer":{"DisplayValue":"vidaXL","Label":"Manufacturer","Locale":"es_ES"}},"Title":{"DisplayValue":"vidaXL Sofá seccional en L de Cuero Artificial 3 Asientos Blanco Mueble de casa","Label":"Title","Locale":"es_ES"}},"Offers":{"Summaries":[{"Condition":{"Value":"New"},"LowestPrice":{"Amount":386.84,"Currency":"EUR","DisplayAmount":"386,84 €"}}]}},{"ASIN":"B0711B4JJ5","DetailPageURL":"https://www.amazon.es/dp/B0711B4JJ5?tag=topinalambricos-21&linkCode=osi&th=1&psc=1","Images":{"Primary":{"Small":{"Height":75,"URL":"https://m.media-amazon.com/images/I/21E2biNrOsL._SL75_.jpg","Width":75}}},"ItemInfo":{"ByLineInfo":{"Brand":{"DisplayValue":"vidaXL","Label":"Brand","Locale":"es_ES"},"Manufacturer":{"DisplayValue":"vidaXL","Label":"Manufacturer","Locale":"es_ES"}},"Title":{"DisplayValue":"vidaXL Sofá Chesterfield 5 Plazas Cuero Artificial Blanco Sillón Asiento Silla","Label":"Title","Locale":"es_ES"}},"Offers":{"Summaries":[{"Condition":{"Value":"New"},"LowestPrice":{"Amount":626.0,"Currency":"EUR","DisplayAmount":"626,00 €"}}]}}],"SearchURL":"https://www.amazon.es/s?k=sofa+cuero+blanco&rh=n%3A2822922031%2Cp_n_availability%3A-1&tag=topinalambricos-21&linkCode=osi","TotalResultCount":419}},"279":{"SearchResult":{"Items":[{"ASIN":"B077G314L1","DetailPageURL":"https://www.amazon.es/dp/B077G314L1?tag=topinalambricos-21&linkCode=osi&th=1&psc=1","Images":{"Primary":{"Small":{"Height":75,"URL":"https://m.media-amazon.com/images/I/41odSIVeegL._SL75_.jpg","Width":75}}},"ItemInfo":{"ByLineInfo":{"Brand":{"DisplayValue":"vidaXL","Label":"Brand","Locale":"es_ES"},"Manufacturer":{"DisplayValue":"vidaXL","Label":"Manufacturer","Locale":"es_ES"}},"Title":{"DisplayValue":"vidaXL Sofá Chesterfield 2 Plaza Cuero Artificial Marrón Sillón Asiento Mueble","Label":"Title","Locale":"es_ES"}},"Offers":{"Summaries":[{"Condition":{"Value":"New"},"LowestPrice":{"Amount":363.22,"Currency":"EUR","DisplayAmount":"363,22 €"}}]}},{"ASIN":"B077N4MG2G","DetailPageURL":"https://www.amazon.es/dp/B077N4MG2G?tag=topinalambricos-21&linkCode=osi&th=1&psc=1","Images":{"Primary":{"Small":{"Height":75,"URL":"https://m.media-amazon.com/images/I/41ZlbYoGieL._SL75_.jpg","Width":75}}},"ItemInfo":{"ByLineInfo":{"Brand":{"DisplayValue":"vidaXL","Label":"Brand","Locale":"es_ES"},"Manufacturer":{"DisplayValue":"vidaXL","Label":"Manufacturer","Locale":"es_ES"}},"Title":{"DisplayValue":"vidaXL Sofá de Estilo Chesterfield de 3 Plazas Cuero Artificial Marrón Sillón","Label":"Title","Locale":"es_ES"}},"Offers":{"Summaries":[{"Condition":{"Value":"New"},"LowestPrice":{"Amount":677.23,"Currency":"EUR","DisplayAmount":"677,23 €"}}]}},{"ASIN":"B09Y537QJ6","DetailPageURL":"https://www.amazon.es/dp/B09Y537QJ6?tag=topinalambricos-21&linkCode=osi&th=1&psc=1","Images":{"Primary":{"Small":{"Height":75,"URL":"https://m.media-amazon.com/images/I/51Ple5-X57S._SL75_.jpg","Width":75}}},"ItemInfo":{"ByLineInfo":{"Brand":{"DisplayValue":"LEMROE","Label":"Brand","Locale":"es_ES"},"Manufacturer":{"DisplayValue":"LEMROE","Label":"Manufacturer","Locale":"es_ES"}},"Title":{"DisplayValue":"LEMROE Sofás de salón 2 plazas Cuero de imitación Sofa Cama pequeño con 2 Cojines para salón y Comedor Dormitorio Mueble Moderno (Marrón Claro, 2 plazas)","Label":"Title","Locale":"es_ES"}},"Offers":{"Summaries":[{"Condition":{"Value":"New"},"LowestPrice":{"Amount":129.99,"Currency":"EUR","DisplayAmount":"129,99 €"}}]}},{"ASIN":"B07842L61R","DetailPageURL":"https://www.amazon.es/dp/B07842L61R?tag=topinalambricos-21&linkCode=osi&th=1&psc=1","Images":{"Primary":{"Small":{"Height":75,"URL":"https://m.media-amazon.com/images/I/31utA+pRCWL._SL75_.jpg","Width":75}}},"ItemInfo":{"ByLineInfo":{"Brand":{"DisplayValue":"vidaXL","Label":"Brand","Locale":"es_ES"},"Manufacturer":{"DisplayValue":"vidaXL","Label":"Manufacturer","Locale":"es_ES"}},"Title":{"DisplayValue":"vidaXL Sofá Chesterfield 5 Plazas Lujoso Cuero Artificial Marrón Sillón Esquina","Label":"Title","Locale":"es_ES"}},"Offers":{"Summaries":[{"Condition":{"Value":"New"},"LowestPrice":{"Amount":648.64,"Currency":"EUR","DisplayAmount":"648,64 €"}}]}},{"ASIN":"B0BNN9BKN1","DetailPageURL":"https://www.amazon.es/dp/B0BNN9BKN1?tag=topinalambricos-21&linkCode=osi&th=1&psc=1","Images":{"Primary":{"Small":{"Height":75,"URL":"https://m.media-amazon.com/images/I/311RTP+JniL._SL75_.jpg","Width":75}}},"ItemInfo":{"ByLineInfo":{"Brand":{"DisplayValue":"vidaXL","Label":"Brand","Locale":"es_ES"},"Manufacturer":{"DisplayValue":"vidaXL","Label":"Manufacturer","Locale":"es_ES"}},"Title":{"DisplayValue":"vidaXL Sofá de 2 Plazas Asiento Respaldo Salón Sala de Estar Dormitorio Mueble Almohada Cojines Reposabrazos Patas de Cuero Sintético Marrón 120 cm","Label":"Title","Locale":"es_ES"}},"Offers":{"Summaries":[{"Condition":{"Value":"New"},"LowestPrice":{"Amount":191.99,"Currency":"EUR","DisplayAmount":"191,99 €"}}]}},{"ASIN":"B09B9WS4LW","DetailPageURL":"https://www.amazon.es/dp/B09B9WS4LW?tag=topinalambricos-21&linkCode=osi&th=1&psc=1","Images":{"Primary":{"Small":{"Height":49,"URL":"https://m.media-amazon.com/images/I/31O1DD+EVfL._SL75_.jpg","Width":75}}},"ItemInfo":{"ByLineInfo":{"Brand":{"DisplayValue":"SWEET SOFA","Label":"Brand","Locale":"es_ES"},"Manufacturer":{"DisplayValue":"SWEET SOFA","Label":"Manufacturer","Locale":"es_ES"}},"Title":{"DisplayValue":"SWEET SOFA® - Sofá Chaise Longue Cama Luca, Sofá 3 plazas Convertible en Cama Doble, Tapizado (Marrón)","Label":"Title","Locale":"es_ES"}},"Offers":{"Summaries":[{"Condition":{"Value":"New"},"LowestPrice":{"Amount":399.99,"Currency":"EUR","DisplayAmount":"399,99 €"}}]}},{"ASIN":"B0BNMYLGJL","DetailPageURL":"https://www.amazon.es/dp/B0BNMYLGJL?tag=topinalambricos-21&linkCode=osi&th=1&psc=1","Images":{"Primary":{"Small":{"Height":75,"URL":"https://m.media-amazon.com/images/I/31k2kVurYvL._SL75_.jpg","Width":75}}},"ItemInfo":{"ByLineInfo":{"Brand":{"DisplayValue":"vidaXL","Label":"Brand","Locale":"es_ES"},"Manufacturer":{"DisplayValue":"vidaXL","Label":"Manufacturer","Locale":"es_ES"}},"Title":{"DisplayValue":"vidaXL Sofá de 2 Plazas Asiento Respaldo Salón Sala de Estar Dormitorio Almohada Cojines Tapizado Reposabrazos de Cuero Sintético Marrón 140 cm","Label":"Title","Locale":"es_ES"}},"Offers":{"Summaries":[{"Condition":{"Value":"New"},"LowestPrice":{"Amount":198.99,"Currency":"EUR","DisplayAmount":"198,99 €"}}]}},{"ASIN":"B00HFRK6SC","DetailPageURL":"https://www.amazon.es/dp/B00HFRK6SC?tag=topinalambricos-21&linkCode=osi&th=1&psc=1","Images":{"Primary":{"Small":{"Height":75,"URL":"https://m.media-amazon.com/images/I/41EqEZidbZL._SL75_.jpg","Width":75}}},"ItemInfo":{"ByLineInfo":{"Brand":{"DisplayValue":"Veelar","Label":"Brand","Locale":"es_ES"},"Manufacturer":{"DisplayValue":"Veelar","Label":"Manufacturer","Locale":"es_ES"}},"Title":{"DisplayValue":"Veelar Cine imitación de Cuero Moderno sofá Cama con 3 Bebidas Mesa, Piel sintética, marrón, 3 Asientos","Label":"Title","Locale":"es_ES"}},"Offers":{"Summaries":[{"Condition":{"Value":"New"},"LowestPrice":{"Amount":418.42,"Currency":"EUR","DisplayAmount":"418,42 €"}}]}},{"ASIN":"B0C59FQNDF","DetailPageURL":"https://www.amazon.es/dp/B0C59FQNDF?tag=topinalambricos-21&linkCode=osi&th=1&psc=1","Images":{"Primary":{"Small":{"Height":75,"URL":"https://m.media-amazon.com/images/I/41dv3aWd99L._SL75_.jpg","Width":75}}},"ItemInfo":{"ByLineInfo":{"Brand":{"DisplayValue":"Solycarpa","Label":"Brand","Locale":"es_ES"},"Manufacturer":{"DisplayValue":"Solycarpa","Label":"Manufacturer","Locale":"es_ES"}},"Title":{"DisplayValue":"Solycarpa Sofá Chésterfield de Cuero Marrón, de 2 Plazas. Elegante, Clásico y de Calidad, Diseño Vintage Sofisticado para Salón, Eventos y Hogar.","Label":"Title","Locale":"es_ES"}},"Offers":{"Summaries":[{"Condition":{"Value":"New"},"LowestPrice":{"Amount":579.95,"Currency":"EUR","DisplayAmount":"579,95 €"}}]}},{"ASIN":"B07QF8D4BM","DetailPageURL":"https://www.amazon.es/dp/B07QF8D4BM?tag=topinalambricos-21&linkCode=osi&th=1&psc=1","Images":{"Primary":{"Small":{"Height":75,"URL":"https://m.media-amazon.com/images/I/51Ikqs+TxVL._SL75_.jpg","Width":75}}},"ItemInfo":{"ByLineInfo":{"Brand":{"DisplayValue":"Tidyard","Label":"Brand","Locale":"es_ES"},"Manufacturer":{"DisplayValue":"Tidyard","Label":"Manufacturer","Locale":"es_ES"}},"Title":{"DisplayValue":"Tidyard Sofá de Esquina Chesterfield 5 Plazas,Sofá de Salón con Estructura de Madera para Hogar o Oficina,Estilo de Lujo y Clase,Tapicería de Cuero Artificial,205x205x73cm Marrón","Label":"Title","Locale":"es_ES"}},"Offers":{"Summaries":[{"Condition":{"Value":"New"},"LowestPrice":{"Amount":805.99,"Currency":"EUR","DisplayAmount":"805,99 €"}}]}}],"SearchURL":"https://www.amazon.es/s?k=sofa+cuero+marron&rh=n%3A2822922031%2Cp_n_availability%3A-1&tag=topinalambricos-21&linkCode=osi","TotalResultCount":354}},"280":{"SearchResult":{"Items":[{"ASIN":"B01N3TBHR8","DetailPageURL":"https://www.amazon.es/dp/B01N3TBHR8?tag=topinalambricos-21&linkCode=osi&th=1&psc=1","Images":{"Primary":{"Small":{"Height":75,"URL":"https://m.media-amazon.com/images/I/31HP+-PqgdL._SL75_.jpg","Width":75}}},"ItemInfo":{"ByLineInfo":{"Brand":{"DisplayValue":"vidaXL","Label":"Brand","Locale":"es_ES"},"Manufacturer":{"DisplayValue":"vidaXL","Label":"Manufacturer","Locale":"es_ES"}},"Title":{"DisplayValue":"vidaXL Sofá Tipo Chesterfield Negro 3 Plazas Revestimiento de Cuero Artificial","Label":"Title","Locale":"es_ES"}},"Offers":{"Summaries":[{"Condition":{"Value":"New"},"LowestPrice":{"Amount":358.33,"Currency":"EUR","DisplayAmount":"358,33 €"}}]}},{"ASIN":"B0713WSCBD","DetailPageURL":"https://www.amazon.es/dp/B0713WSCBD?tag=topinalambricos-21&linkCode=osi&th=1&psc=1","Images":{"Primary":{"Small":{"Height":75,"URL":"https://m.media-amazon.com/images/I/312zQ9j9nTL._SL75_.jpg","Width":75}}},"ItemInfo":{"ByLineInfo":{"Brand":{"DisplayValue":"vidaXL","Label":"Brand","Locale":"es_ES"},"Manufacturer":{"DisplayValue":"vidaXL","Label":"Manufacturer","Locale":"es_ES"}},"Title":{"DisplayValue":"vidaXL Sofá Chesterfield Esquina 6 Plazas Cuero Artificial 260x205x73 cm Negro","Label":"Title","Locale":"es_ES"}},"Offers":{"Summaries":[{"Condition":{"Value":"New"},"LowestPrice":{"Amount":790.78,"Currency":"EUR","DisplayAmount":"790,78 €"}}]}},{"ASIN":"B01MRH6IKN","DetailPageURL":"https://www.amazon.es/dp/B01MRH6IKN?tag=topinalambricos-21&linkCode=osi&th=1&psc=1","Images":{"Primary":{"Small":{"Height":75,"URL":"https://m.media-amazon.com/images/I/31-+Mh4e71L._SL75_.jpg","Width":75}}},"ItemInfo":{"ByLineInfo":{"Brand":{"DisplayValue":"vidaXL","Label":"Brand","Locale":"es_ES"},"Manufacturer":{"DisplayValue":"vidaXL","Label":"Manufacturer","Locale":"es_ES"}},"Title":{"DisplayValue":"vidaXL Sofá Moderno de 3 Plazas de Cuero Artificial Negro Sillón de Salón Casa","Label":"Title","Locale":"es_ES"}},"Offers":{"Summaries":[{"Condition":{"Value":"New"},"LowestPrice":{"Amount":268.08,"Currency":"EUR","DisplayAmount":"268,08 €"}}]}},{"ASIN":"B07GZGTGF9","DetailPageURL":"https://www.amazon.es/dp/B07GZGTGF9?tag=topinalambricos-21&linkCode=osi&th=1&psc=1","Images":{"Primary":{"Small":{"Height":75,"URL":"https://m.media-amazon.com/images/I/31fqvsBaxsL._SL75_.jpg","Width":75}}},"ItemInfo":{"ByLineInfo":{"Brand":{"DisplayValue":"vidaXL","Label":"Brand","Locale":"es_ES"},"Manufacturer":{"DisplayValue":"vidaXL","Label":"Manufacturer","Locale":"es_ES"}},"Title":{"DisplayValue":"vidaXL Sofá Chesterfield en Forma L Cuero Artificial Negro Mobiliario Hogar","Label":"Title","Locale":"es_ES"}},"Offers":{"Summaries":[{"Condition":{"Value":"New"},"LowestPrice":{"Amount":561.67,"Currency":"EUR","DisplayAmount":"561,67 €"}}]}},{"ASIN":"B077N5NW83","DetailPageURL":"https://www.amazon.es/dp/B077N5NW83?tag=topinalambricos-21&linkCode=osi&th=1&psc=1","Images":{"Primary":{"Small":{"Height":75,"URL":"https://m.media-amazon.com/images/I/31jtgOUKdCL._SL75_.jpg","Width":75}}},"ItemInfo":{"ByLineInfo":{"Brand":{"DisplayValue":"vidaXL","Label":"Brand","Locale":"es_ES"},"Manufacturer":{"DisplayValue":"vidaXL","Label":"Manufacturer","Locale":"es_ES"}},"Title":{"DisplayValue":"vidaXL Sofá Chesterfield 5 Plazas de Cuero Artificial Negro Sillón de Esquina","Label":"Title","Locale":"es_ES"}},"Offers":{"Summaries":[{"Condition":{"Value":"New"},"LowestPrice":{"Amount":662.79,"Currency":"EUR","DisplayAmount":"662,79 €"}}]}},{"ASIN":"B0BJ9ZL8S8","DetailPageURL":"https://www.amazon.es/dp/B0BJ9ZL8S8?tag=topinalambricos-21&linkCode=osi&th=1&psc=1","Images":{"Primary":{"Small":{"Height":75,"URL":"https://m.media-amazon.com/images/I/31NPYlVRM9L._SL75_.jpg","Width":75}}},"ItemInfo":{"ByLineInfo":{"Brand":{"DisplayValue":"Tidyard","Label":"Brand","Locale":"es_ES"},"Manufacturer":{"DisplayValue":"Tidyard","Label":"Manufacturer","Locale":"es_ES"}},"Title":{"DisplayValue":"Tidyard Sofá Tipo Chesterfield Sofá Chesterfield Artificial Sofá Chester Sillón Asiento Mueble de 3 plazas,Sofá de Sala Lujo de Moda de Cuero Artificial Negro","Label":"Title","Locale":"es_ES"}},"Offers":{"Summaries":[{"Condition":{"Value":"New"},"LowestPrice":{"Amount":438.99,"Currency":"EUR","DisplayAmount":"438,99 €"}}]}},{"ASIN":"B01MQFRY50","DetailPageURL":"https://www.amazon.es/dp/B01MQFRY50?tag=topinalambricos-21&linkCode=osi&th=1&psc=1","Images":{"Primary":{"Small":{"Height":75,"URL":"https://m.media-amazon.com/images/I/31vTzsziy+L._SL75_.jpg","Width":75}}},"ItemInfo":{"ByLineInfo":{"Brand":{"DisplayValue":"vidaXL","Label":"Brand","Locale":"es_ES"},"Manufacturer":{"DisplayValue":"vidaXL","Label":"Manufacturer","Locale":"es_ES"}},"Title":{"DisplayValue":"vidaXL Sofá Tipo Chesterfield 2 Plazas Revestimiento de Cuero Artificial Negro","Label":"Title","Locale":"es_ES"}},"Offers":{"Summaries":[{"Condition":{"Value":"New"},"LowestPrice":{"Amount":376.52,"Currency":"EUR","DisplayAmount":"376,52 €"}}]}},{"ASIN":"B079X4RYBG","DetailPageURL":"https://www.amazon.es/dp/B079X4RYBG?tag=topinalambricos-21&linkCode=osi&th=1&psc=1","Images":{"Primary":{"Small":{"Height":56,"URL":"https://m.media-amazon.com/images/I/41Vw-0d099L._SL75_.jpg","Width":75}}},"ItemInfo":{"ByLineInfo":{"Brand":{"DisplayValue":"Bagno Italia","Label":"Brand","Locale":"es_ES"},"Manufacturer":{"DisplayValue":"BAGNO ITALIA","Label":"Manufacturer","Locale":"es_ES"}},"Title":{"DisplayValue":"Bagno Italia Sofá Cama Reclinable 180x97x36 en Cuero Artificial Negro, 3 Puestos con Sistema antivuelco","Label":"Title","Locale":"es_ES"}},"Offers":{"Summaries":[{"Condition":{"Value":"New"},"LowestPrice":{"Amount":320.0,"Currency":"EUR","DisplayAmount":"320,00 €"}}]}},{"ASIN":"B07R73RVG6","DetailPageURL":"https://www.amazon.es/dp/B07R73RVG6?tag=topinalambricos-21&linkCode=osi&th=1&psc=1","Images":{"Primary":{"Small":{"Height":75,"URL":"https://m.media-amazon.com/images/I/41eYf20MCfL._SL75_.jpg","Width":75}}},"ItemInfo":{"ByLineInfo":{"Brand":{"DisplayValue":"Adec Group","Label":"Brand","Locale":"es_ES"},"Manufacturer":{"DisplayValue":"Adec","Label":"Manufacturer","Locale":"es_ES"}},"Title":{"DisplayValue":"Chesterfield, Sofa de Tres Plazas, Sillon Descanso, 3 Personas, Acabado en Simil Piel Color Negro y Capitone, Medidas: 211 cm (Largo) x 84 cm (Fondo) x 75 cm (Alto)","Label":"Title","Locale":"es_ES"}},"Offers":{"Summaries":[{"Condition":{"Value":"New"},"LowestPrice":{"Amount":922.9,"Currency":"EUR","DisplayAmount":"922,90 €"}}]}},{"ASIN":"B07H2CPML9","DetailPageURL":"https://www.amazon.es/dp/B07H2CPML9?tag=topinalambricos-21&linkCode=osi&th=1&psc=1","Images":{"Primary":{"Small":{"Height":75,"URL":"https://m.media-amazon.com/images/I/313vPfE+mvL._SL75_.jpg","Width":75}}},"ItemInfo":{"ByLineInfo":{"Brand":{"DisplayValue":"vidaXL","Label":"Brand","Locale":"es_ES"},"Manufacturer":{"DisplayValue":"vidaXL","Label":"Manufacturer","Locale":"es_ES"}},"Title":{"DisplayValue":"vidaXL Sofá Chesterfield Forma L Cuero Artificial Negro Sillón Asiento Mueble","Label":"Title","Locale":"es_ES"}},"Offers":{"Summaries":[{"Condition":{"Value":"New"},"LowestPrice":{"Amount":561.68,"Currency":"EUR","DisplayAmount":"561,68 €"}}]}}],"SearchURL":"https://www.amazon.es/s?k=sofa+cuero+negro&rh=n%3A2822922031%2Cp_n_availability%3A-1&tag=topinalambricos-21&linkCode=osi","TotalResultCount":505}},"281":{"SearchResult":{"Items":[{"ASIN":"B01GCNXCD0","DetailPageURL":"https://www.amazon.es/dp/B01GCNXCD0?tag=topinalambricos-21&linkCode=osi&th=1&psc=1","Images":{"Primary":{"Small":{"Height":75,"URL":"https://m.media-amazon.com/images/I/311WFgIYYrL._SL75_.jpg","Width":75}}},"ItemInfo":{"ByLineInfo":{"Brand":{"DisplayValue":"vidaXL","Label":"Brand","Locale":"es_ES"},"Manufacturer":{"DisplayValue":"vidaXL","Label":"Manufacturer","Locale":"es_ES"}},"Title":{"DisplayValue":"vidaXL Sofá Cama Reclinable Cojines Madera Cuero Sintético Sillón para Dormir","Label":"Title","Locale":"es_ES"}},"Offers":{"Summaries":[{"Condition":{"Value":"New"},"LowestPrice":{"Amount":181.99,"Currency":"EUR","DisplayAmount":"181,99 €"}}]}},{"ASIN":"B0B27SKLXD","DetailPageURL":"https://www.amazon.es/dp/B0B27SKLXD?tag=topinalambricos-21&linkCode=osi&th=1&psc=1","Images":{"Primary":{"Small":{"Height":75,"URL":"https://m.media-amazon.com/images/I/41PXXYpC0DL._SL75_.jpg","Width":75}}},"ItemInfo":{"ByLineInfo":{"Brand":{"DisplayValue":"CANLAY","Label":"Brand","Locale":"es_ES"}},"Title":{"DisplayValue":"CANLAY Sofá Modular de 3 plazas, Sillon Cama, Sofas para Salon Modernos, Comoda Salon, Sofa Cama Salon, Sofás De Salon, de Cuero Artificial Blanco","Label":"Title","Locale":"es_ES"}},"Offers":{"Summaries":[{"Condition":{"Value":"New"},"LowestPrice":{"Amount":459.52,"Currency":"EUR","DisplayAmount":"459,52 €"}}]}},{"ASIN":"B0B6FS8V2G","DetailPageURL":"https://www.amazon.es/dp/B0B6FS8V2G?tag=topinalambricos-21&linkCode=osi&th=1&psc=1","Images":{"Primary":{"Small":{"Height":75,"URL":"https://m.media-amazon.com/images/I/310d5bt0-1L._SL75_.jpg","Width":75}}},"ItemInfo":{"ByLineInfo":{"Brand":{"DisplayValue":"MUEBLIX.COM","Label":"Brand","Locale":"es_ES"},"Manufacturer":{"DisplayValue":"Mueblix","Label":"Manufacturer","Locale":"es_ES"}},"Title":{"DisplayValue":"MUEBLIX.COM | Sofa Cama Poveda 3 Plazas | Sofas de Salón Modernos | Sofa Cama Apertura Click Clack | Tapizado en Polipiel | Sofa de Diseño | Color Gris","Label":"Title","Locale":"es_ES"}},"Offers":{"Summaries":[{"Condition":{"Value":"New"},"LowestPrice":{"Amount":249.0,"Currency":"EUR","DisplayAmount":"249,00 €"}}]}},{"ASIN":"B079X4RYBG","DetailPageURL":"https://www.amazon.es/dp/B079X4RYBG?tag=topinalambricos-21&linkCode=osi&th=1&psc=1","Images":{"Primary":{"Small":{"Height":56,"URL":"https://m.media-amazon.com/images/I/41Vw-0d099L._SL75_.jpg","Width":75}}},"ItemInfo":{"ByLineInfo":{"Brand":{"DisplayValue":"Bagno Italia","Label":"Brand","Locale":"es_ES"},"Manufacturer":{"DisplayValue":"BAGNO ITALIA","Label":"Manufacturer","Locale":"es_ES"}},"Title":{"DisplayValue":"Bagno Italia Sofá Cama Reclinable 180x97x36 en Cuero Artificial Negro, 3 Puestos con Sistema antivuelco","Label":"Title","Locale":"es_ES"}},"Offers":{"Summaries":[{"Condition":{"Value":"New"},"LowestPrice":{"Amount":320.0,"Currency":"EUR","DisplayAmount":"320,00 €"}}]}},{"ASIN":"B01MRH6IKN","DetailPageURL":"https://www.amazon.es/dp/B01MRH6IKN?tag=topinalambricos-21&linkCode=osi&th=1&psc=1","Images":{"Primary":{"Small":{"Height":75,"URL":"https://m.media-amazon.com/images/I/31-+Mh4e71L._SL75_.jpg","Width":75}}},"ItemInfo":{"ByLineInfo":{"Brand":{"DisplayValue":"vidaXL","Label":"Brand","Locale":"es_ES"},"Manufacturer":{"DisplayValue":"vidaXL","Label":"Manufacturer","Locale":"es_ES"}},"Title":{"DisplayValue":"vidaXL Sofá Moderno de 3 Plazas de Cuero Artificial Negro Sillón de Salón Casa","Label":"Title","Locale":"es_ES"}},"Offers":{"Summaries":[{"Condition":{"Value":"New"},"LowestPrice":{"Amount":268.08,"Currency":"EUR","DisplayAmount":"268,08 €"}}]}},{"ASIN":"B0BJ9ZL8S8","DetailPageURL":"https://www.amazon.es/dp/B0BJ9ZL8S8?tag=topinalambricos-21&linkCode=osi&th=1&psc=1","Images":{"Primary":{"Small":{"Height":75,"URL":"https://m.media-amazon.com/images/I/31NPYlVRM9L._SL75_.jpg","Width":75}}},"ItemInfo":{"ByLineInfo":{"Brand":{"DisplayValue":"Tidyard","Label":"Brand","Locale":"es_ES"},"Manufacturer":{"DisplayValue":"Tidyard","Label":"Manufacturer","Locale":"es_ES"}},"Title":{"DisplayValue":"Tidyard Sofá Tipo Chesterfield Sofá Chesterfield Artificial Sofá Chester Sillón Asiento Mueble de 3 plazas,Sofá de Sala Lujo de Moda de Cuero Artificial Negro","Label":"Title","Locale":"es_ES"}},"Offers":{"Summaries":[{"Condition":{"Value":"New"},"LowestPrice":{"Amount":438.99,"Currency":"EUR","DisplayAmount":"438,99 €"}}]}},{"ASIN":"B00CIPYY0M","DetailPageURL":"https://www.amazon.es/dp/B00CIPYY0M?tag=topinalambricos-21&linkCode=osi&th=1&psc=1","Images":{"Primary":{"Small":{"Height":46,"URL":"https://m.media-amazon.com/images/I/31-sUo11jCL._SL75_.jpg","Width":75}}},"ItemInfo":{"ByLineInfo":{"Brand":{"DisplayValue":"AC Design Furniture","Label":"Brand","Locale":"es_ES"},"Manufacturer":{"DisplayValue":"AC Design Furniture","Label":"Manufacturer","Locale":"es_ES"}},"Title":{"DisplayValue":"AC Design Furniture Jasper Sofá Cama Negro Piel Sintética, con 3 Posiciones Reclinables, Moderno de 3 Plazas sin Reposabrazos, Tapizado con Patas Cromadas, L: 196 x A: 91 x P: 98 cm","Label":"Title","Locale":"es_ES"}},"Offers":{"Summaries":[{"Condition":{"Value":"New"},"LowestPrice":{"Amount":432.83,"Currency":"EUR","DisplayAmount":"432,83 €"}}]}},{"ASIN":"B08W25RNGV","DetailPageURL":"https://www.amazon.es/dp/B08W25RNGV?tag=topinalambricos-21&linkCode=osi&th=1&psc=1","Images":{"Primary":{"Small":{"Height":49,"URL":"https://m.media-amazon.com/images/I/215XeROkJrL._SL75_.jpg","Width":75}}},"ItemInfo":{"ByLineInfo":{"Brand":{"DisplayValue":"SWEET SOFA","Label":"Brand","Locale":"es_ES"},"Manufacturer":{"DisplayValue":"SWEET SOFA","Label":"Manufacturer","Locale":"es_ES"}},"Title":{"DisplayValue":"SWEET SOFA®- Sofá Chaiselongue Mika, sofá de 3 plazas con pouff Reversible en tapizado en Tela Antimanchas. - Marrón","Label":"Title","Locale":"es_ES"}},"Offers":{"Summaries":[{"Condition":{"Value":"New"},"LowestPrice":{"Amount":369.99,"Currency":"EUR","DisplayAmount":"369,99 €"}}]}},{"ASIN":"B0C2CMQGFG","DetailPageURL":"https://www.amazon.es/dp/B0C2CMQGFG?tag=topinalambricos-21&linkCode=osi&th=1&psc=1","Images":{"Primary":{"Small":{"Height":75,"URL":"https://m.media-amazon.com/images/I/418KOuwXrbL._SL75_.jpg","Width":75}}},"ItemInfo":{"ByLineInfo":{"Brand":{"DisplayValue":"Festnight","Label":"Brand","Locale":"es_ES"},"Manufacturer":{"DisplayValue":"Festnight","Label":"Manufacturer","Locale":"es_ES"}},"Title":{"DisplayValue":"Festnight Sofá Diván con Cojines, Sofa Chaise Longue de Salón, Sofá Individual Pequeño, Sofá Cama de Madera y Cuero Sintético, con Cojines y Cojín de Cabeza, Negro 118x55x57 cm","Label":"Title","Locale":"es_ES"}},"Offers":{"Summaries":[{"Condition":{"Value":"New"},"LowestPrice":{"Amount":184.99,"Currency":"EUR","DisplayAmount":"184,99 €"}}]}},{"ASIN":"B09DFLJK2N","DetailPageURL":"https://www.amazon.es/dp/B09DFLJK2N?tag=topinalambricos-21&linkCode=osi&th=1&psc=1","Images":{"Primary":{"Small":{"Height":75,"URL":"https://m.media-amazon.com/images/I/31V1eirHPdL._SL75_.jpg","Width":75}}},"ItemInfo":{"ByLineInfo":{"Brand":{"DisplayValue":"Cigopx","Label":"Brand","Locale":"es_ES"},"Manufacturer":{"DisplayValue":"Cigopx","Label":"Manufacturer","Locale":"es_ES"}},"Title":{"DisplayValue":"Cigopx Sofá Cama con Dos Almohadas Ajustable Cuero Artificial Negro","Label":"Title","Locale":"es_ES"}},"Offers":{"Summaries":[{"Condition":{"Value":"New"},"LowestPrice":{"Amount":200.17,"Currency":"EUR","DisplayAmount":"200,17 €"}}]}}],"SearchURL":"https://www.amazon.es/s?k=sofa+cama+cuero&rh=n%3A2822691031%2Cp_n_availability%3A-1&tag=topinalambricos-21&linkCode=osi","TotalResultCount":1000}},"282":{"SearchResult":{"Items":[{"ASIN":"B0BN8PVLVB","DetailPageURL":"https://www.amazon.es/dp/B0BN8PVLVB?tag=topinalambricos-21&linkCode=osi&th=1&psc=1","Images":{"Primary":{"Small":{"Height":75,"URL":"https://m.media-amazon.com/images/I/31SbIvIyvQL._SL75_.jpg","Width":75}}},"ItemInfo":{"ByLineInfo":{"Brand":{"DisplayValue":"T-LoVendo","Label":"Brand","Locale":"es_ES"},"Manufacturer":{"DisplayValue":"T-LoVendo","Label":"Manufacturer","Locale":"es_ES"}},"Title":{"DisplayValue":"T-LoVendo TLV-AM-PC21-BLACK Sillón de Oficina Altura Ajustable Cuero Sintético Acolchada Reclinable Silla Director, Negro, Universal","Label":"Title","Locale":"es_ES"}},"Offers":{"Summaries":[{"Condition":{"Value":"New"},"LowestPrice":{"Amount":99.99,"Currency":"EUR","DisplayAmount":"99,99 €"}}]}},{"ASIN":"B0C65PWV3B","DetailPageURL":"https://www.amazon.es/dp/B0C65PWV3B?tag=topinalambricos-21&linkCode=osi&th=1&psc=1","Images":{"Primary":{"Small":{"Height":75,"URL":"https://m.media-amazon.com/images/I/412sisXjyYL._SL75_.jpg","Width":75}}},"ItemInfo":{"ByLineInfo":{"Brand":{"DisplayValue":"I LOVE FACE","Label":"Brand","Locale":"es_ES"},"Manufacturer":{"DisplayValue":"I LOVE FACE","Label":"Manufacturer","Locale":"es_ES"}},"Title":{"DisplayValue":"I LOVE FACE Juego de 4 Sillas de Comedor de Cuero de PU de Estilo Retro de Mediados de Siglo con Patas Metálicas Tipo Madera, Juego de Sillas Laterales de Esquina para Sala de Comedor Café, Marrón","Label":"Title","Locale":"es_ES"}},"Offers":{"Summaries":[{"Condition":{"Value":"New"},"LowestPrice":{"Amount":109.99,"Currency":"EUR","DisplayAmount":"109,99 € (27,50 € / unidad)","PricePerUnit":27.5}}]}},{"ASIN":"B09QC9HQ4M","DetailPageURL":"https://www.amazon.es/dp/B09QC9HQ4M?tag=topinalambricos-21&linkCode=osi&th=1&psc=1","Images":{"Primary":{"Small":{"Height":75,"URL":"https://m.media-amazon.com/images/I/51MXvSWarhL._SL75_.jpg","Width":75}}},"ItemInfo":{"ByLineInfo":{"Brand":{"DisplayValue":"WAHSON OFFICE CHAIRS","Label":"Brand","Locale":"es_ES"},"Manufacturer":{"DisplayValue":"WAHSON OFFICE CHAIRS","Label":"Manufacturer","Locale":"es_ES"}},"Title":{"DisplayValue":"Wahson Juego de 2 Sillas Comedor de Cuero con Respaldo Sillas de Cocina con Patas Negras, Sillas de Salón Giratorias Modernas para Sala de Estar/Cocina/Hogar/Restaurante (Marrón)","Label":"Title","Locale":"es_ES"}},"Offers":{"Summaries":[{"Condition":{"Value":"New"},"LowestPrice":{"Amount":179.99,"Currency":"EUR","DisplayAmount":"179,99 € (90,00 € / unidad)","PricePerUnit":90.0}}]}},{"ASIN":"B07T8CXKN4","DetailPageURL":"https://www.amazon.es/dp/B07T8CXKN4?tag=topinalambricos-21&linkCode=osi&th=1&psc=1","Images":{"Primary":{"Small":{"Height":75,"URL":"https://m.media-amazon.com/images/I/41sPU+2EdJL._SL75_.jpg","Width":75}}},"ItemInfo":{"ByLineInfo":{"Brand":{"DisplayValue":"WOLTU","Label":"Brand","Locale":"es_ES"},"Manufacturer":{"DisplayValue":"WOLTU","Label":"Manufacturer","Locale":"es_ES"}},"Title":{"DisplayValue":"WOLTU 2X Sillas Cocina Silla Tapizada en Cuero Artificial Silla Nórdica Vintage Silla Salón Silla Metal Taburete de Oficina Sillas de Comedor Silla Respaldo de Escritorio Gris BH140gr-2","Label":"Title","Locale":"es_ES"}},"Offers":{"Summaries":[{"Condition":{"Value":"New"},"LowestPrice":{"Amount":153.99,"Currency":"EUR","DisplayAmount":"153,99 €"}}]}},{"ASIN":"B097YXZ8TX","DetailPageURL":"https://www.amazon.es/dp/B097YXZ8TX?tag=topinalambricos-21&linkCode=osi&th=1&psc=1","Images":{"Primary":{"Small":{"Height":75,"URL":"https://m.media-amazon.com/images/I/41TYHlgbaTL._SL75_.jpg","Width":66}}},"ItemInfo":{"ByLineInfo":{"Brand":{"DisplayValue":"Orbit Art Gallery","Label":"Brand","Locale":"es_ES"},"Manufacturer":{"DisplayValue":"Orbit Art Gallery","Label":"Manufacturer","Locale":"es_ES"}},"Title":{"DisplayValue":"Orbit Art Gallery Sillas de cuero para sala de estar, diseño de mariposa, de piel marrón, hecho a mano con marco de hierro plegable recubierto de polvo","Label":"Title","Locale":"es_ES"}},"Offers":{"Summaries":[{"Condition":{"Value":"New"},"LowestPrice":{"Amount":139.0,"Currency":"EUR","DisplayAmount":"139,00 €"}}]}},{"ASIN":"B014DVNZH6","DetailPageURL":"https://www.amazon.es/dp/B014DVNZH6?tag=topinalambricos-21&linkCode=osi&th=1&psc=1","Images":{"Primary":{"Small":{"Height":75,"URL":"https://m.media-amazon.com/images/I/41GLRMjxeVL._SL75_.jpg","Width":75}}},"ItemInfo":{"ByLineInfo":{"Brand":{"DisplayValue":"Albatros","Label":"Brand","Locale":"es_ES"},"Manufacturer":{"DisplayValue":"Albatros","Label":"Manufacturer","Locale":"es_ES"}},"Title":{"DisplayValue":"Albatros 2698 MILANO Set de 6 sillas de comedor, negro","Label":"Title","Locale":"es_ES"}},"Offers":{"Summaries":[{"Condition":{"Value":"New"},"LowestPrice":{"Amount":159.95,"Currency":"EUR","DisplayAmount":"159,95 € (26,66 € / unidad)","PricePerUnit":26.66}}]}},{"ASIN":"B0877Y99GX","DetailPageURL":"https://www.amazon.es/dp/B0877Y99GX?tag=topinalambricos-21&linkCode=osi&th=1&psc=1","Images":{"Primary":{"Small":{"Height":75,"URL":"https://m.media-amazon.com/images/I/416kGlo7kRL._SL75_.jpg","Width":75}}},"ItemInfo":{"ByLineInfo":{"Brand":{"DisplayValue":"WOLTU","Label":"Brand","Locale":"es_ES"},"Manufacturer":{"DisplayValue":"WOLTU","Label":"Manufacturer","Locale":"es_ES"}},"Title":{"DisplayValue":"WOLTU 2X Sillas de Comedor Nordicas Estilo Vintage Juego de 2, Sillas de Cocina Sillas Tapizadas en Cuero Sintetico, Aspecto de Cuero Antiguo Estructura de Metal Sillas Comedor Marrón Claro BH210hbr-2","Label":"Title","Locale":"es_ES"}},"Offers":{"Summaries":[{"Condition":{"Value":"New"},"LowestPrice":{"Amount":135.99,"Currency":"EUR","DisplayAmount":"135,99 €"}}]}},{"ASIN":"B087M9JL2V","DetailPageURL":"https://www.amazon.es/dp/B087M9JL2V?tag=topinalambricos-21&linkCode=osi&th=1&psc=1","Images":{"Primary":{"Small":{"Height":75,"URL":"https://m.media-amazon.com/images/I/412h5z+yItL._SL75_.jpg","Width":75}}},"ItemInfo":{"ByLineInfo":{"Brand":{"DisplayValue":"WOLTU","Label":"Brand","Locale":"es_ES"},"Manufacturer":{"DisplayValue":"WOLTU","Label":"Manufacturer","Locale":"es_ES"}},"Title":{"DisplayValue":"WOLTU 1x Sillas Cocina Cuero Sintético Sillas de Comedor Nordicas Silla de Diseño Paquete de 1, Silla de Cocina Silla de Escritorio Tapizada con Reposabrazos, Estructura de Metal Marrón BH251br-1","Label":"Title","Locale":"es_ES"}},"Offers":{"Summaries":[{"Condition":{"Value":"New"},"LowestPrice":{"Amount":96.99,"Currency":"EUR","DisplayAmount":"96,99 €"}}]}},{"ASIN":"B09J559YZ2","DetailPageURL":"https://www.amazon.es/dp/B09J559YZ2?tag=topinalambricos-21&linkCode=osi&th=1&psc=1","Images":{"Primary":{"Small":{"Height":75,"URL":"https://m.media-amazon.com/images/I/417wqx+2vdL._SL75_.jpg","Width":75}}},"ItemInfo":{"ByLineInfo":{"Brand":{"DisplayValue":"Anth","Label":"Brand","Locale":"es_ES"},"Manufacturer":{"DisplayValue":"Anth","Label":"Manufacturer","Locale":"es_ES"}},"Title":{"DisplayValue":"Sillas Comedor Pack 2 Elegantes, Sillas de Cocina con Respaldo Alto de 58,5 cm, Sillas Comedor de Cuero PVC para Cocina, Comedor, Jardín (2, Blanco Negro)","Label":"Title","Locale":"es_ES"}},"Offers":{"Summaries":[{"Condition":{"Value":"New"},"LowestPrice":{"Amount":73.12,"Currency":"EUR","DisplayAmount":"73,12 €"}}]}},{"ASIN":"B08DCYBQSX","DetailPageURL":"https://www.amazon.es/dp/B08DCYBQSX?tag=topinalambricos-21&linkCode=osi&th=1&psc=1","Images":{"Primary":{"Small":{"Height":75,"URL":"https://m.media-amazon.com/images/I/316Dn452QVL._SL75_.jpg","Width":75}}},"ItemInfo":{"ByLineInfo":{"Brand":{"DisplayValue":"jiexi","Label":"Brand","Locale":"es_ES"},"Manufacturer":{"DisplayValue":"jc","Label":"Manufacturer","Locale":"es_ES"}},"Title":{"DisplayValue":"Silla de comedor original de sirena para el hogar escandinavo para adultos sillas de escritorio de ocio creativo de cuero bar mostrador asiento (paquete de 2) (negro)","Label":"Title","Locale":"es_ES"}},"Offers":{"Summaries":[{"Condition":{"Value":"New"},"LowestPrice":{"Amount":165.0,"Currency":"EUR","DisplayAmount":"165,00 € (82,50 € / unidad)","PricePerUnit":82.5}}]}}],"SearchURL":"https://www.amazon.es/s?k=cuero&rh=n%3A2822769031%2Cp_n_availability%3A-1&tag=topinalambricos-21&linkCode=osi","TotalResultCount":1000}},"283":{"SearchResult":{"Items":[{"ASIN":"B095WJ3QTT","DetailPageURL":"https://www.amazon.es/dp/B095WJ3QTT?tag=topinalambricos-21&linkCode=osi&th=1&psc=1","Images":{"Primary":{"Small":{"Height":75,"URL":"https://m.media-amazon.com/images/I/51Ml3r6C2iL._SL75_.jpg","Width":75}}},"ItemInfo":{"ByLineInfo":{"Brand":{"DisplayValue":"WAHSON OFFICE CHAIRS","Label":"Brand","Locale":"es_ES"},"Manufacturer":{"DisplayValue":"WAHSON OFFICE CHAIRS","Label":"Manufacturer","Locale":"es_ES"}},"Title":{"DisplayValue":"Wahson Sillón Butaca de Dormitorio con Patas Metálicas Negras, Silla de Ocio Vintaje con Apoyabrazos,Silla Cuero Elegante Moderna para Comedor/Habitacion/Salón/Sala de Estudio(Marrón)","Label":"Title","Locale":"es_ES"}},"Offers":{"Summaries":[{"Condition":{"Value":"New"},"LowestPrice":{"Amount":125.99,"Currency":"EUR","DisplayAmount":"125,99 €"}}]}},{"ASIN":"B071NV5GYV","DetailPageURL":"https://www.amazon.es/dp/B071NV5GYV?tag=topinalambricos-21&linkCode=osi&th=1&psc=1","Images":{"Primary":{"Small":{"Height":75,"URL":"https://m.media-amazon.com/images/I/41cQV-QrL6S._SL75_.jpg","Width":75}}},"ItemInfo":{"ByLineInfo":{"Brand":{"DisplayValue":"vidaXL","Label":"Brand","Locale":"es_ES"},"Manufacturer":{"DisplayValue":"vidaXL","Label":"Manufacturer","Locale":"es_ES"}},"Title":{"DisplayValue":"vidaXL Silla Mariposa de Cuero Verdadero Marrón BFK Butterfly Cómodo Asiento","Label":"Title","Locale":"es_ES"}},"Offers":{"Summaries":[{"Condition":{"Value":"New"},"LowestPrice":{"Amount":90.2,"Currency":"EUR","DisplayAmount":"90,20 €"}}]}},{"ASIN":"B09R1M12HL","DetailPageURL":"https://www.amazon.es/dp/B09R1M12HL?tag=topinalambricos-21&linkCode=osi&th=1&psc=1","Images":{"Primary":{"Small":{"Height":75,"URL":"https://m.media-amazon.com/images/I/51Z-pOWecbL._SL75_.jpg","Width":75}}},"ItemInfo":{"ByLineInfo":{"Brand":{"DisplayValue":"HomeMiYN","Label":"Brand","Locale":"es_ES"},"Manufacturer":{"DisplayValue":"HomeMiYN","Label":"Manufacturer","Locale":"es_ES"}},"Title":{"DisplayValue":"Silla Sillón de Cuero Moderna Silla Butaca de Ocio Individual Sillones de Estilo nórdico,Sillón para Lectura de Diseño Vintage Silla Relax de Lectura para Salón/Dormitorio","Label":"Title","Locale":"es_ES"}},"Offers":{"Summaries":[{"Condition":{"Value":"New"},"LowestPrice":{"Amount":229.99,"Currency":"EUR","DisplayAmount":"229,99 €"}}]}},{"ASIN":"B01I1RYYPA","DetailPageURL":"https://www.amazon.es/dp/B01I1RYYPA?tag=topinalambricos-21&linkCode=osi&th=1&psc=1","Images":{"Primary":{"Small":{"Height":75,"URL":"https://m.media-amazon.com/images/I/51OZ8WKFhRL._SL75_.jpg","Width":75}}},"ItemInfo":{"ByLineInfo":{"Brand":{"DisplayValue":"MIADOMODO","Label":"Brand","Locale":"es_ES"},"Manufacturer":{"DisplayValue":"CSSEL003A0bn0000","Label":"Manufacturer","Locale":"es_ES"}},"Title":{"DisplayValue":"MIADOMODO Sillón Chesterfield | Tapizado en Cuero Artificial con Patas de Madera, Set y Color a Elegir | Butaca de Piel Sintética para Dormitorio y Salón, Sofá Chester 1 Plaza (1 Pieza, Marrón)","Label":"Title","Locale":"es_ES"}},"Offers":{"Summaries":[{"Condition":{"Value":"New"},"LowestPrice":{"Amount":119.95,"Currency":"EUR","DisplayAmount":"119,95 €"}}]}},{"ASIN":"B0BR7DFZBJ","DetailPageURL":"https://www.amazon.es/dp/B0BR7DFZBJ?tag=topinalambricos-21&linkCode=osi&th=1&psc=1","Images":{"Primary":{"Small":{"Height":75,"URL":"https://m.media-amazon.com/images/I/41xcVmbgo+L._SL75_.jpg","Width":75}}},"ItemInfo":{"ByLineInfo":{"Brand":{"DisplayValue":"Yaheetech","Label":"Brand","Locale":"es_ES"},"Manufacturer":{"DisplayValue":"Yaheetech","Label":"Manufacturer","Locale":"es_ES"}},"Title":{"DisplayValue":"Yaheetech Sillón de Piel Sintética para Salón Sillón Relax con Resplado Pata Madera Sillón para Sala de Estar Oficina Recepción Marrón Oscuro","Label":"Title","Locale":"es_ES"}},"Offers":{"Summaries":[{"Condition":{"Value":"New"},"LowestPrice":{"Amount":129.99,"Currency":"EUR","DisplayAmount":"129,99 €"}}]}},{"ASIN":"B07N39WT3X","DetailPageURL":"https://www.amazon.es/dp/B07N39WT3X?tag=topinalambricos-21&linkCode=osi&th=1&psc=1","Images":{"Primary":{"Small":{"Height":75,"URL":"https://m.media-amazon.com/images/I/41D0qNs-MXL._SL75_.jpg","Width":75}}},"ItemInfo":{"ByLineInfo":{"Brand":{"DisplayValue":"vidaXL","Label":"Brand","Locale":"es_ES"},"Manufacturer":{"DisplayValue":"vidaXL","Label":"Manufacturer","Locale":"es_ES"}},"Title":{"DisplayValue":"vidaXL Sillón Vintage Retro Cuero Madera Acacia Silla Salón Comedor Habitación","Label":"Title","Locale":"es_ES"}},"Offers":{"Summaries":[{"Condition":{"Value":"New"},"LowestPrice":{"Amount":193.06,"Currency":"EUR","DisplayAmount":"193,06 €"}}]}},{"ASIN":"B00ODJENXE","DetailPageURL":"https://www.amazon.es/dp/B00ODJENXE?tag=topinalambricos-21&linkCode=osi&th=1&psc=1","Images":{"Primary":{"Small":{"Height":75,"URL":"https://m.media-amazon.com/images/I/41YyOr4lgPL._SL75_.jpg","Width":75}}},"ItemInfo":{"ByLineInfo":{"Brand":{"DisplayValue":"vidaXL","Label":"Brand","Locale":"es_ES"},"Manufacturer":{"DisplayValue":"vidaXL","Label":"Manufacturer","Locale":"es_ES"}},"Title":{"DisplayValue":"vidaXL Sillón Cuadrado Salón Forma Cubo Cuero Artificial Marrón Patas Cromadas","Label":"Title","Locale":"es_ES"}},"Offers":{"Summaries":[{"Condition":{"Value":"New"},"LowestPrice":{"Amount":207.53,"Currency":"EUR","DisplayAmount":"207,53 €"}}]}},{"ASIN":"B079GTV45P","DetailPageURL":"https://www.amazon.es/dp/B079GTV45P?tag=topinalambricos-21&linkCode=osi&th=1&psc=1","Images":{"Primary":{"Small":{"Height":75,"URL":"https://m.media-amazon.com/images/I/41jBMc3sXLL._SL75_.jpg","Width":75}}},"ItemInfo":{"ByLineInfo":{"Brand":{"DisplayValue":"MIADOMODO","Label":"Brand","Locale":"es_ES"},"Manufacturer":{"DisplayValue":"FF Europe","Label":"Manufacturer","Locale":"es_ES"}},"Title":{"DisplayValue":"MIADOMODO Sillón Chesterfield | Tapizado en Cuero Artificial con Patas de Madera, Set y Color a Elegir | Butaca de Piel Sintética para Dormitorio y Salón, Sofá Chester 1 Plaza (1 Pieza, Blanco)","Label":"Title","Locale":"es_ES"}},"Offers":{"Summaries":[{"Condition":{"Value":"New"},"LowestPrice":{"Amount":129.95,"Currency":"EUR","DisplayAmount":"129,95 €"}}]}},{"ASIN":"B01N3PP4O7","DetailPageURL":"https://www.amazon.es/dp/B01N3PP4O7?tag=topinalambricos-21&linkCode=osi&th=1&psc=1","Images":{"Primary":{"Small":{"Height":75,"URL":"https://m.media-amazon.com/images/I/21vMKaCL7+L._SL75_.jpg","Width":75}}},"ItemInfo":{"ByLineInfo":{"Brand":{"DisplayValue":"vidaXL","Label":"Brand","Locale":"es_ES"},"Manufacturer":{"DisplayValue":"vidaXL","Label":"Manufacturer","Locale":"es_ES"}},"Title":{"DisplayValue":"vidaXL Sillón Blanco de Cuero Artificial Elegante Lujoso reposabrazos Izquierdo","Label":"Title","Locale":"es_ES"}},"Offers":{"Summaries":[{"Condition":{"Value":"New"},"LowestPrice":{"Amount":181.99,"Currency":"EUR","DisplayAmount":"181,99 €"}}]}},{"ASIN":"B01N3UJEM2","DetailPageURL":"https://www.amazon.es/dp/B01N3UJEM2?tag=topinalambricos-21&linkCode=osi&th=1&psc=1","Images":{"Primary":{"Small":{"Height":75,"URL":"https://m.media-amazon.com/images/I/31C740NWJIL._SL75_.jpg","Width":49}}},"ItemInfo":{"ByLineInfo":{"Brand":{"DisplayValue":"CLP","Label":"Brand","Locale":"es_ES"},"Manufacturer":{"DisplayValue":"CLP","Label":"Manufacturer","Locale":"es_ES"}},"Title":{"DisplayValue":"CLP Silla De Salón Octavia En Simil Cuero I Sillón De Dormitorio En Chesterfield Look, Color:Gris, Color del Marco:Acero Inoxidable","Label":"Title","Locale":"es_ES"}},"Offers":{"Summaries":[{"Condition":{"Value":"New"},"LowestPrice":{"Amount":191.9,"Currency":"EUR","DisplayAmount":"191,90 €"}}]}}],"SearchURL":"https://www.amazon.es/s?k=sillones+cuero&rh=n%3A2822907031%2Cp_n_availability%3A-1&tag=topinalambricos-21&linkCode=osi","TotalResultCount":1000}},"284":{"SearchResult":{"Items":[{"ASIN":"B07DHZL7M7","DetailPageURL":"https://www.amazon.es/dp/B07DHZL7M7?tag=topinalambricos-21&linkCode=osi&th=1&psc=1","Images":{"Primary":{"Small":{"Height":75,"URL":"https://m.media-amazon.com/images/I/31iYrurwa1L._SL75_.jpg","Width":49}}},"ItemInfo":{"ByLineInfo":{"Brand":{"DisplayValue":"CLP","Label":"Brand","Locale":"es_ES"},"Manufacturer":{"DisplayValue":"CLP","Label":"Manufacturer","Locale":"es_ES"}},"Title":{"DisplayValue":"CLP Silla De Comedor Cassidy En Simil Cuero I Silla De Visita con Respaldo I Butaca De Salón Nórdica con Base De 4 Patas De Madera I Color:, Color:Negro, Color del Marco:Nuez","Label":"Title","Locale":"es_ES"}},"Offers":{"Summaries":[{"Condition":{"Value":"New"},"LowestPrice":{"Amount":120.9,"Currency":"EUR","DisplayAmount":"120,90 €"}}]}},{"ASIN":"B00ESZ30Z0","DetailPageURL":"https://www.amazon.es/dp/B00ESZ30Z0?tag=topinalambricos-21&linkCode=osi&th=1&psc=1","Images":{"Primary":{"Small":{"Height":75,"URL":"https://m.media-amazon.com/images/I/51QFHd0YEYL._SL75_.jpg","Width":75}}},"ItemInfo":{"ByLineInfo":{"Brand":{"DisplayValue":"MIADOMODO","Label":"Brand","Locale":"es_ES"},"Manufacturer":{"DisplayValue":"Miadomodo","Label":"Manufacturer","Locale":"es_ES"}},"Title":{"DisplayValue":"MIADOMODO Sillón Chesterfield | Tapizado en Cuero Artificial con Patas de Madera, Set y Color a Elegir | Butaca de Piel Sintética para Dormitorio y Salón, Sofá Chester 1 Plaza (1 Pieza, Marrón)","Label":"Title","Locale":"es_ES"}},"Offers":{"Summaries":[{"Condition":{"Value":"New"},"LowestPrice":{"Amount":114.95,"Currency":"EUR","DisplayAmount":"114,95 €"}}]}},{"ASIN":"B01G9FOL6S","DetailPageURL":"https://www.amazon.es/dp/B01G9FOL6S?tag=topinalambricos-21&linkCode=osi&th=1&psc=1","Images":{"Primary":{"Small":{"Height":75,"URL":"https://m.media-amazon.com/images/I/31oODork9ML._SL75_.jpg","Width":71}}},"ItemInfo":{"ByLineInfo":{"Brand":{"DisplayValue":"CLP","Label":"Brand","Locale":"es_ES"},"Manufacturer":{"DisplayValue":"CLP","Label":"Manufacturer","Locale":"es_ES"}},"Title":{"DisplayValue":"CLP Silla Cantiléver Attila Tapizada En Cuero Sintético & con Base De Metal I Silla Conferencia con Reposabrazos, Color:Blanco","Label":"Title","Locale":"es_ES"}},"Offers":{"Summaries":[{"Condition":{"Value":"New"},"LowestPrice":{"Amount":147.9,"Currency":"EUR","DisplayAmount":"147,90 €"}}]}},{"ASIN":"B00778FJ6S","DetailPageURL":"https://www.amazon.es/dp/B00778FJ6S?tag=topinalambricos-21&linkCode=osi&th=1&psc=1","Images":{"Primary":{"Small":{"Height":75,"URL":"https://m.media-amazon.com/images/I/41IZttC11ML._SL75_.jpg","Width":48}}},"ItemInfo":{"ByLineInfo":{"Brand":{"DisplayValue":"Kare","Label":"Brand","Locale":"es_ES"},"Manufacturer":{"DisplayValue":"KARE","Label":"Manufacturer","Locale":"es_ES"}},"Title":{"DisplayValue":"Kare  Lazy Silla De Relax, Cuero, Marrón, 100 Cm","Label":"Title","Locale":"es_ES"}},"Offers":{"Summaries":[{"Condition":{"Value":"New"},"LowestPrice":{"Amount":683.3,"Currency":"EUR","DisplayAmount":"683,30 €"}}]}},{"ASIN":"B0718YPVNS","DetailPageURL":"https://www.amazon.es/dp/B0718YPVNS?tag=topinalambricos-21&linkCode=osi&th=1&psc=1","Images":{"Primary":{"Small":{"Height":75,"URL":"https://m.media-amazon.com/images/I/41oGPUJH80L._SL75_.jpg","Width":75}}},"ItemInfo":{"ByLineInfo":{"Brand":{"DisplayValue":"vidaXL","Label":"Brand","Locale":"es_ES"},"Manufacturer":{"DisplayValue":"vidaXL","Label":"Manufacturer","Locale":"es_ES"}},"Title":{"DisplayValue":"vidaXL Sillón de Salón de Cuero Artificial Marrón Silla Sofá Asiento Acolchado","Label":"Title","Locale":"es_ES"}},"Offers":{"Summaries":[{"Condition":{"Value":"New"},"LowestPrice":{"Amount":196.01,"Currency":"EUR","DisplayAmount":"196,01 €"}}]}},{"ASIN":"B01KFL0PAS","DetailPageURL":"https://www.amazon.es/dp/B01KFL0PAS?tag=topinalambricos-21&linkCode=osi&th=1&psc=1","Images":{"Primary":{"Small":{"Height":75,"URL":"https://m.media-amazon.com/images/I/51Ey2aa9TaL._SL75_.jpg","Width":75}}},"ItemInfo":{"ByLineInfo":{"Brand":{"DisplayValue":"MIADOMODO","Label":"Brand","Locale":"es_ES"},"Manufacturer":{"DisplayValue":"Miadomodo","Label":"Manufacturer","Locale":"es_ES"}},"Title":{"DisplayValue":"MIADOMODO Sillón Chesterfield | Tapizado en Cuero Artificial con Patas de Madera, Set y Color a Elegir | Butaca de Piel Sintética para Dormitorio y Salón, Sofá Chester 1 Plaza (1 Pieza, Dorado)","Label":"Title","Locale":"es_ES"}},"Offers":{"Summaries":[{"Condition":{"Value":"New"},"LowestPrice":{"Amount":119.95,"Currency":"EUR","DisplayAmount":"119,95 €"}}]}},{"ASIN":"B01C5YZCNS","DetailPageURL":"https://www.amazon.es/dp/B01C5YZCNS?tag=topinalambricos-21&linkCode=osi&th=1&psc=1","Images":{"Primary":{"Small":{"Height":75,"URL":"https://m.media-amazon.com/images/I/51XhnqOqJxL._SL75_.jpg","Width":75}}},"ItemInfo":{"ByLineInfo":{"Brand":{"DisplayValue":"MIADOMODO","Label":"Brand","Locale":"es_ES"},"Manufacturer":{"DisplayValue":"Miadomodo","Label":"Manufacturer","Locale":"es_ES"}},"Title":{"DisplayValue":"MIADOMODO Sillón Chesterfield | Tapizado en Cuero Artificial con Patas de Madera, Set y Color a Elegir | Butaca de Piel Sintética para Dormitorio y Salón, Sofá Chester 1 Plaza (Juego de 2, Marrón)","Label":"Title","Locale":"es_ES"}},"Offers":{"Summaries":[{"Condition":{"Value":"New"},"LowestPrice":{"Amount":245.95,"Currency":"EUR","DisplayAmount":"245,95 €"}}]}},{"ASIN":"B0BVZTC694","DetailPageURL":"https://www.amazon.es/dp/B0BVZTC694?tag=topinalambricos-21&linkCode=osi&th=1&psc=1","Images":{"Primary":{"Small":{"Height":75,"URL":"https://m.media-amazon.com/images/I/51VJDvwrUxL._SL75_.jpg","Width":75}}},"ItemInfo":{"ByLineInfo":{"Brand":{"DisplayValue":"GAOJZHER","Label":"Brand","Locale":"es_ES"},"Manufacturer":{"DisplayValue":"GAOJZHER","Label":"Manufacturer","Locale":"es_ES"}},"Title":{"DisplayValue":"Butaca Lectura，Sillas Características De La Sala De Estar Moderna Medieval, Con Piernas Metálicas Giratorias, Sillas De Sala De Estar Blandas, Sofás Individuales De Cuero Pu, Para Sa(Color:Marrón)","Label":"Title","Locale":"es_ES"}},"Offers":{"Summaries":[{"Condition":{"Value":"New"},"LowestPrice":{"Amount":490.85,"Currency":"EUR","DisplayAmount":"490,85 €"}}]}},{"ASIN":"B01C5Y1HF0","DetailPageURL":"https://www.amazon.es/dp/B01C5Y1HF0?tag=topinalambricos-21&linkCode=osi&th=1&psc=1","Images":{"Primary":{"Small":{"Height":75,"URL":"https://m.media-amazon.com/images/I/51R1LJJMHiL._SL75_.jpg","Width":75}}},"ItemInfo":{"ByLineInfo":{"Brand":{"DisplayValue":"MIADOMODO","Label":"Brand","Locale":"es_ES"},"Manufacturer":{"DisplayValue":"Miadomodo","Label":"Manufacturer","Locale":"es_ES"}},"Title":{"DisplayValue":"MIADOMODO Sillón Chesterfield-Tapizado en Cuero Artificial con Patas de Madera, Set y Color a Elegir | Butaca de Piel Sintética para Dormitorio y Salón, Sofá Chester 1 Plaza (Juego de 2, Marrón)","Label":"Title","Locale":"es_ES"}},"Offers":{"Summaries":[{"Condition":{"Value":"New"},"LowestPrice":{"Amount":238.95,"Currency":"EUR","DisplayAmount":"238,95 €"}}]}},{"ASIN":"B01I1ITZZ8","DetailPageURL":"https://www.amazon.es/dp/B01I1ITZZ8?tag=topinalambricos-21&linkCode=osi&th=1&psc=1","Images":{"Primary":{"Small":{"Height":75,"URL":"https://m.media-amazon.com/images/I/31tXUdbzzGL._SL75_.jpg","Width":75}}},"ItemInfo":{"ByLineInfo":{"Brand":{"DisplayValue":"Duhome","Label":"Brand","Locale":"es_ES"},"Manufacturer":{"DisplayValue":"Duhome","Label":"Manufacturer","Locale":"es_ES"}},"Title":{"DisplayValue":"Duhome Sillon Lounge Club de Cuero sintético Silla butaca Giratorio Ajuste de Altura seleccion de Color 509A, Color:Blanco, Material:Cuero Artificial","Label":"Title","Locale":"es_ES"}},"Offers":{"Summaries":[{"Condition":{"Value":"New"},"LowestPrice":{"Amount":97.99,"Currency":"EUR","DisplayAmount":"97,99 €"}}]}}],"SearchURL":"https://www.amazon.es/s?k=cuero&rh=n%3A2822914031%2Cp_n_availability%3A-1&tag=topinalambricos-21&linkCode=osi","TotalResultCount":132}},"285":{"SearchResult":{"Items":[{"ASIN":"B07T7WG49Y","DetailPageURL":"https://www.amazon.es/dp/B07T7WG49Y?tag=topinalambricos-21&linkCode=osi&th=1&psc=1","Images":{"Primary":{"Small":{"Height":75,"URL":"https://m.media-amazon.com/images/I/41elYA4BtjL._SL75_.jpg","Width":75}}},"ItemInfo":{"ByLineInfo":{"Brand":{"DisplayValue":"vidaXL","Label":"Brand","Locale":"es_ES"},"Manufacturer":{"DisplayValue":"vidaXL","Label":"Manufacturer","Locale":"es_ES"}},"Title":{"DisplayValue":"vidaXL Puf Cuero Auténtico de Cabra Asientos Sillones Sofás Salón Comedor Sala de Estar Decoración Interiores Casa Hogar Sillas Diseño 60x30 cm Marrón","Label":"Title","Locale":"es_ES"}},"Offers":{"Summaries":[{"Condition":{"Value":"New"},"LowestPrice":{"Amount":116.47,"Currency":"EUR","DisplayAmount":"116,47 €"}}]}},{"ASIN":"B07T7VNW17","DetailPageURL":"https://www.amazon.es/dp/B07T7VNW17?tag=topinalambricos-21&linkCode=osi&th=1&psc=1","Images":{"Primary":{"Small":{"Height":75,"URL":"https://m.media-amazon.com/images/I/41c3sqEEuJL._SL75_.jpg","Width":75}}},"ItemInfo":{"ByLineInfo":{"Brand":{"DisplayValue":"vidaXL","Label":"Brand","Locale":"es_ES"},"Manufacturer":{"DisplayValue":"vidaXL","Label":"Manufacturer","Locale":"es_ES"}},"Title":{"DisplayValue":"vidaXL Puf Cuero Genuino de Cabra Asientos Sillones Sillas Sofás Salón Comedor Sala de Estar Decoración Casa Hogar 40x40x40 cm Marrón Oscuro","Label":"Title","Locale":"es_ES"}},"Offers":{"Summaries":[{"Condition":{"Value":"New"},"LowestPrice":{"Amount":103.95,"Currency":"EUR","DisplayAmount":"103,95 €"}}]}},{"ASIN":"B077S1XQWN","DetailPageURL":"https://www.amazon.es/dp/B077S1XQWN?tag=topinalambricos-21&linkCode=osi&th=1&psc=1","Images":{"Primary":{"Small":{"Height":75,"URL":"https://m.media-amazon.com/images/I/51vG4ChxzYL._SL75_.jpg","Width":75}}},"ItemInfo":{"ByLineInfo":{"Brand":{"DisplayValue":"Horus Artesanía de Egipto","Label":"Brand","Locale":"es_ES"}},"Title":{"DisplayValue":"Puf, Pouf de Cuero Modelo marroquí Hecho a Mano. Mide 45 cm de diámetro y 23 cm de Alto Aproximadamente. Se Vende vacío. Se rellena con Papel de periódicos, Trapos o Goma Espuma. …","Label":"Title","Locale":"es_ES"}},"Offers":{"Summaries":[{"Condition":{"Value":"New"},"LowestPrice":{"Amount":58.0,"Currency":"EUR","DisplayAmount":"58,00 €"}}]}},{"ASIN":"B09PNH482F","DetailPageURL":"https://www.amazon.es/dp/B09PNH482F?tag=topinalambricos-21&linkCode=osi&th=1&psc=1","Images":{"Primary":{"Small":{"Height":75,"URL":"https://m.media-amazon.com/images/I/41Kuaw51ZCL._SL75_.jpg","Width":75}}},"ItemInfo":{"ByLineInfo":{"Brand":{"DisplayValue":"AC ANGEL CERDÁ","Label":"Brand","Locale":"es_ES"},"Manufacturer":{"DisplayValue":"ANGEL CERDÁ","Label":"Manufacturer","Locale":"es_ES"}},"Title":{"DisplayValue":"Angel CERDÁ - Puff tapizado en Tela Gris y Estructura de Madera Color Roble. con asa de Cuero marrón para Abrir Espacio de Almacenamiento. Convertible en mesita Auxiliar","Label":"Title","Locale":"es_ES"}},"Offers":{"Summaries":[{"Condition":{"Value":"New"},"LowestPrice":{"Amount":148.4,"Currency":"EUR","DisplayAmount":"148,40 €"}}]}},{"ASIN":"B08NYDWY1C","DetailPageURL":"https://www.amazon.es/dp/B08NYDWY1C?tag=topinalambricos-21&linkCode=osi&th=1&psc=1","Images":{"Primary":{"Small":{"Height":75,"URL":"https://m.media-amazon.com/images/I/51xV+EnrBVL._SL75_.jpg","Width":75}}},"ItemInfo":{"ByLineInfo":{"Brand":{"DisplayValue":"MLUPODY","Label":"Brand","Locale":"es_ES"},"Manufacturer":{"DisplayValue":"WWZ","Label":"Manufacturer","Locale":"es_ES"}},"Title":{"DisplayValue":"MLUPODY Funda de cojín de Cuero Artificial de sin Relleno, otomana,sillón puf,Taburete,(vacíos y nuevos) (marrón)","Label":"Title","Locale":"es_ES"}},"Offers":{"Summaries":[{"Condition":{"Value":"New"},"LowestPrice":{"Amount":63.99,"Currency":"EUR","DisplayAmount":"63,99 €"}}]}},{"ASIN":"B08CCFF6X4","DetailPageURL":"https://www.amazon.es/dp/B08CCFF6X4?tag=topinalambricos-21&linkCode=osi&th=1&psc=1","Images":{"Primary":{"Small":{"Height":75,"URL":"https://m.media-amazon.com/images/I/31iYyfKwNHL._SL75_.jpg","Width":75}}},"ItemInfo":{"ByLineInfo":{"Brand":{"DisplayValue":"Horus Artesanía de Egipto","Label":"Brand","Locale":"es_ES"},"Manufacturer":{"DisplayValue":"Horus Artesanía de Egipto","Label":"Manufacturer","Locale":"es_ES"}},"Title":{"DisplayValue":"Puf reposa-pies Relleno marroquí fassi de Cuero autentico Hecho a Mano por los Mejores Artesanos de Fez (Amarillo)","Label":"Title","Locale":"es_ES"}},"Offers":{"Summaries":[{"Condition":{"Value":"New"},"LowestPrice":{"Amount":88.0,"Currency":"EUR","DisplayAmount":"88,00 €"}}]}},{"ASIN":"B00AC19KZI","DetailPageURL":"https://www.amazon.es/dp/B00AC19KZI?tag=topinalambricos-21&linkCode=osi&th=1&psc=1","Images":{"Primary":{"Small":{"Height":75,"URL":"https://m.media-amazon.com/images/I/31VIUgIgn3L._SL75_.jpg","Width":75}}},"ItemInfo":{"ByLineInfo":{"Brand":{"DisplayValue":"Icon","Label":"Brand","Locale":"es_ES"},"Manufacturer":{"DisplayValue":"Bean Bag Bazaar®","Label":"Manufacturer","Locale":"es_ES"}},"Title":{"DisplayValue":"Icon Valencia Cuero Real Sillón Reclinable, Negro,90cm x 70cm, Puff Vintage de Cuero Auténtico para Adultos, Grande Puff para Zonas de Estar con Relleno Incluido","Label":"Title","Locale":"es_ES"}},"Offers":{"Summaries":[{"Condition":{"Value":"New"},"LowestPrice":{"Amount":299.99,"Currency":"EUR","DisplayAmount":"299,99 €"}}]}},{"ASIN":"B07B9DWZ6X","DetailPageURL":"https://www.amazon.es/dp/B07B9DWZ6X?tag=topinalambricos-21&linkCode=osi&th=1&psc=1","Images":{"Primary":{"Small":{"Height":66,"URL":"https://m.media-amazon.com/images/I/51oKV5T7b+L._SL75_.jpg","Width":75}}},"ItemInfo":{"ByLineInfo":{"Brand":{"DisplayValue":"Etnico Arredo","Label":"Brand","Locale":"es_ES"},"Manufacturer":{"DisplayValue":"Artigianato Marocco","Label":"Manufacturer","Locale":"es_ES"}},"Title":{"DisplayValue":"Puf puff marroquí Marruecos de cuero auténtico Oriental étnico reposapiés","Label":"Title","Locale":"es_ES"}},"Offers":{"Summaries":[{"Condition":{"Value":"New"},"LowestPrice":{"Amount":59.0,"Currency":"EUR","DisplayAmount":"59,00 €"}}]}},{"ASIN":"B07K2L28TG","DetailPageURL":"https://www.amazon.es/dp/B07K2L28TG?tag=topinalambricos-21&linkCode=osi&th=1&psc=1","Images":{"Primary":{"Small":{"Height":75,"URL":"https://m.media-amazon.com/images/I/51kqLgCIgYL._SL75_.jpg","Width":75}}},"ItemInfo":{"ByLineInfo":{"Brand":{"DisplayValue":"Moroccan Leather","Label":"Brand","Locale":"es_ES"},"Manufacturer":{"DisplayValue":"Moroccan Leather","Label":"Manufacturer","Locale":"es_ES"}},"Title":{"DisplayValue":"Puf de cuero marroquí – Puf de cuero hecho a mano – Puf marrón oscuro – reposapiés otomano – 100% piel natural – sin relleno","Label":"Title","Locale":"es_ES"}},"Offers":{"Summaries":[{"Condition":{"Value":"New"},"LowestPrice":{"Amount":79.0,"Currency":"EUR","DisplayAmount":"79,00 €"}}]}},{"ASIN":"B01N6SKDA1","DetailPageURL":"https://www.amazon.es/dp/B01N6SKDA1?tag=topinalambricos-21&linkCode=osi&th=1&psc=1","Images":{"Primary":{"Small":{"Height":67,"URL":"https://m.media-amazon.com/images/I/51TeKb-ACjL._SL75_.jpg","Width":75}}},"ItemInfo":{"ByLineInfo":{"Brand":{"DisplayValue":"moroccanmasterpiece","Label":"Brand","Locale":"es_ES"},"Manufacturer":{"DisplayValue":"moroccanmasterpiece","Label":"Manufacturer","Locale":"es_ES"}},"Title":{"DisplayValue":"Puf Pouf Hecho a Mano en Fez, Marrakech Cuero autentico reposa-pies vacío.","Label":"Title","Locale":"es_ES"}},"Offers":{"Summaries":[{"Condition":{"Value":"New"},"LowestPrice":{"Amount":55.0,"Currency":"EUR","DisplayAmount":"55,00 €"}}]}}],"SearchURL":"https://www.amazon.es/s?k=cuero&rh=n%3A2822903031%2Cp_n_availability%3A-1&tag=topinalambricos-21&linkCode=osi","TotalResultCount":774}},"286":{"SearchResult":{"Items":[{"ASIN":"B0B74LPRQX","DetailPageURL":"https://www.amazon.es/dp/B0B74LPRQX?tag=topinalambricos-21&linkCode=osi&th=1&psc=1","Images":{"Primary":{"Small":{"Height":75,"URL":"https://m.media-amazon.com/images/I/31PWyn0b1cL._SL75_.jpg","Width":75}}},"ItemInfo":{"ByLineInfo":{"Brand":{"DisplayValue":"FATIVO","Label":"Brand","Locale":"es_ES"},"Manufacturer":{"DisplayValue":"FATIVO","Label":"Manufacturer","Locale":"es_ES"}},"Title":{"DisplayValue":"FATIVO Juego de Sillas de Bar de Cocina: 2 Taburetes de Cuero Sillas de Desayuno de Altura Ajustable Asiento de Elevación Giratorio Alto Muebles para Hogar Pub Mostrador de Isla, Marrón","Label":"Title","Locale":"es_ES"}},"Offers":{"Summaries":[{"Condition":{"Value":"New"},"LowestPrice":{"Amount":199.98,"Currency":"EUR","DisplayAmount":"199,98 €"}}]}},{"ASIN":"B07KT6WPVV","DetailPageURL":"https://www.amazon.es/dp/B07KT6WPVV?tag=topinalambricos-21&linkCode=osi&th=1&psc=1","Images":{"Primary":{"Small":{"Height":51,"URL":"https://m.media-amazon.com/images/I/41NWTGA5JwL._SL75_.jpg","Width":75}}},"ItemInfo":{"ByLineInfo":{"Brand":{"DisplayValue":"CLP","Label":"Brand","Locale":"es_ES"},"Manufacturer":{"DisplayValue":"CLP","Label":"Manufacturer","Locale":"es_ES"}},"Title":{"DisplayValue":"Set 2X Taburetes de Bar Kingston en Cuero Sintético I 2X Taburetes Regulables en Altura & Giratorias I Color:, Color:Nuez/Negro","Label":"Title","Locale":"es_ES"}},"Offers":{"Summaries":[{"Condition":{"Value":"New"},"LowestPrice":{"Amount":239.0,"Currency":"EUR","DisplayAmount":"239,00 € (119,50 € / unidad)","PricePerUnit":119.5}}]}},{"ASIN":"B07FKPQZRW","DetailPageURL":"https://www.amazon.es/dp/B07FKPQZRW?tag=topinalambricos-21&linkCode=osi&th=1&psc=1","Images":{"Primary":{"Small":{"Height":75,"URL":"https://m.media-amazon.com/images/I/316ET34jBkS._SL75_.jpg","Width":75}}},"ItemInfo":{"ByLineInfo":{"Brand":{"DisplayValue":"IntimaTe WM Heart","Label":"Brand","Locale":"es_ES"},"Manufacturer":{"DisplayValue":"LIANSHENG","Label":"Manufacturer","Locale":"es_ES"}},"Title":{"DisplayValue":"IntimaTe WM Heart 2 x Taburete de Bar con Alto Respaldo Regulable en Altura Taburete Giratorio de Cuero Artificial Reposapiés y Base Cromado, para Bar, Cocina, Hogar (Blanco 1)","Label":"Title","Locale":"es_ES"}},"Offers":{"Summaries":[{"Condition":{"Value":"New"},"LowestPrice":{"Amount":103.49,"Currency":"EUR","DisplayAmount":"103,49 €"}}]}},{"ASIN":"B08BRMTWYW","DetailPageURL":"https://www.amazon.es/dp/B08BRMTWYW?tag=topinalambricos-21&linkCode=osi&th=1&psc=1","Images":{"Primary":{"Small":{"Height":75,"URL":"https://m.media-amazon.com/images/I/31ruk7urAQL._SL75_.jpg","Width":75}}},"ItemInfo":{"ByLineInfo":{"Brand":{"DisplayValue":"Lestarain","Label":"Brand","Locale":"es_ES"},"Manufacturer":{"DisplayValue":"Lestarain","Label":"Manufacturer","Locale":"es_ES"}},"Title":{"DisplayValue":"Lestarain 1X Taburetes Alto Cocina Regulable en Altura Taburetes de Bar con Respaldo Cuero Sintético+Plástico Sillas Altas Taburete Giratorio para Estudio, Trabajo, Oficina Gris","Label":"Title","Locale":"es_ES"}},"Offers":{"Summaries":[{"Condition":{"Value":"New"},"LowestPrice":{"Amount":60.99,"Currency":"EUR","DisplayAmount":"60,99 €"}}]}},{"ASIN":"B00LBVTU8K","DetailPageURL":"https://www.amazon.es/dp/B00LBVTU8K?tag=topinalambricos-21&linkCode=osi&th=1&psc=1","Images":{"Primary":{"Small":{"Height":75,"URL":"https://m.media-amazon.com/images/I/41rbEbfN44L._SL75_.jpg","Width":75}}},"ItemInfo":{"ByLineInfo":{"Brand":{"DisplayValue":"SONGMICS","Label":"Brand","Locale":"es_ES"},"Manufacturer":{"DisplayValue":"Songmics","Label":"Manufacturer","Locale":"es_ES"}},"Title":{"DisplayValue":"SONGMICS Taburete Giratorio Sobre Ruedas, Taburete Rodante Regulable, 46-58 cm, Asiento Tapizado de Cuero Sintético, para Trabajo, Estudio, Oficina, Clínica, Negro LJB61B","Label":"Title","Locale":"es_ES"}},"Offers":{"Summaries":[{"Condition":{"Value":"New"},"LowestPrice":{"Amount":40.99,"Currency":"EUR","DisplayAmount":"40,99 €"}},{"Condition":{"Value":"Used"},"LowestPrice":{"Amount":30.74,"Currency":"EUR","DisplayAmount":"30,74 €"}}]}},{"ASIN":"B08QZ6HVDL","DetailPageURL":"https://www.amazon.es/dp/B08QZ6HVDL?tag=topinalambricos-21&linkCode=osi&th=1&psc=1","Images":{"Primary":{"Small":{"Height":75,"URL":"https://m.media-amazon.com/images/I/41eVm-x2eTL._SL75_.jpg","Width":75}}},"ItemInfo":{"ByLineInfo":{"Brand":{"DisplayValue":"FURWOO","Label":"Brand","Locale":"es_ES"},"Manufacturer":{"DisplayValue":"FURWOO","Label":"Manufacturer","Locale":"es_ES"}},"Title":{"DisplayValue":"FURWOO Taburete Vertical Redondo para salón de Belleza de Cuero sintético con Respaldo de Altura Ajustable y rotación Adecuada para el hogar, Cocina, Bar, peluquería (Negro)","Label":"Title","Locale":"es_ES"}},"Offers":{"Summaries":[{"Condition":{"Value":"New"},"LowestPrice":{"Amount":55.0,"Currency":"EUR","DisplayAmount":"55,00 €"}}]}},{"ASIN":"B08CZBFRJQ","DetailPageURL":"https://www.amazon.es/dp/B08CZBFRJQ?tag=topinalambricos-21&linkCode=osi&th=1&psc=1","Images":{"Primary":{"Small":{"Height":75,"URL":"https://m.media-amazon.com/images/I/41iu823RuRL._SL75_.jpg","Width":75}}},"ItemInfo":{"ByLineInfo":{"Brand":{"DisplayValue":"EUGAD","Label":"Brand","Locale":"es_ES"},"Manufacturer":{"DisplayValue":"EUGAD","Label":"Manufacturer","Locale":"es_ES"}},"Title":{"DisplayValue":"EUGAD Taburete de Bar con Respaldo Taburete de Diseño Juego de 2 Taburete Bistro Giratorio 360°Ajustable Altura Cuero Sintético Marrón Oscuro 0668BY-2","Label":"Title","Locale":"es_ES"}},"Offers":{"Summaries":[{"Condition":{"Value":"New"},"LowestPrice":{"Amount":128.99,"Currency":"EUR","DisplayAmount":"128,99 €"}}]}},{"ASIN":"B071FLWXX8","DetailPageURL":"https://www.amazon.es/dp/B071FLWXX8?tag=topinalambricos-21&linkCode=osi&th=1&psc=1","Images":{"Primary":{"Small":{"Height":75,"URL":"https://m.media-amazon.com/images/I/41teEuoBmPL._SL75_.jpg","Width":75}}},"ItemInfo":{"ByLineInfo":{"Brand":{"DisplayValue":"WOLTU","Label":"Brand","Locale":"es_ES"},"Manufacturer":{"DisplayValue":"WOLTU","Label":"Manufacturer","Locale":"es_ES"}},"Title":{"DisplayValue":"WOLTU 1x Taburetes de Bar con Respaldo, Marco de Madera Maciza Imitación de Cuero, para Cocina, Bar Sillas de Bar Taburetes Alto Cocina Sillas Altas Gris BH45gr-1","Label":"Title","Locale":"es_ES"}},"Offers":{"Summaries":[{"Condition":{"Value":"New"},"LowestPrice":{"Amount":61.99,"Currency":"EUR","DisplayAmount":"61,99 €"}}]}},{"ASIN":"B099F37B19","DetailPageURL":"https://www.amazon.es/dp/B099F37B19?tag=topinalambricos-21&linkCode=osi&th=1&psc=1","Images":{"Primary":{"Small":{"Height":75,"URL":"https://m.media-amazon.com/images/I/41IICSWViPS._SL75_.jpg","Width":75}}},"ItemInfo":{"ByLineInfo":{"Brand":{"DisplayValue":"Anth","Label":"Brand","Locale":"es_ES"},"Manufacturer":{"DisplayValue":"Anth","Label":"Manufacturer","Locale":"es_ES"}},"Title":{"DisplayValue":"Pack 2 Taburetes Altos de Cocina con Respaldo y Reposapiés en Acero Cromado, Regulable en Altura, Taburetes de Bar Giratorios de Cuero Sintético, Altura del Respaldo 38cm (2, Camel-Blanco)","Label":"Title","Locale":"es_ES"}},"Offers":{"Summaries":[{"Condition":{"Value":"New"},"LowestPrice":{"Amount":95.83,"Currency":"EUR","DisplayAmount":"95,83 € (47,92 € / unidad)","PricePerUnit":47.92}}]}},{"ASIN":"B08BRT6RQH","DetailPageURL":"https://www.amazon.es/dp/B08BRT6RQH?tag=topinalambricos-21&linkCode=osi&th=1&psc=1","Images":{"Primary":{"Small":{"Height":75,"URL":"https://m.media-amazon.com/images/I/41AiinBc+WL._SL75_.jpg","Width":75}}},"ItemInfo":{"ByLineInfo":{"Brand":{"DisplayValue":"EUGAD","Label":"Brand","Locale":"es_ES"},"Manufacturer":{"DisplayValue":"EUGAD","Label":"Manufacturer","Locale":"es_ES"}},"Title":{"DisplayValue":"EUGAD 2X Taburetes de Bar Regulable en Altura Taburetes Altos Cocina Paquete de 2 Taburete de Oficina Giratorio en Cuero Sintético+Plástico Sillas Bar Cocina Negro","Label":"Title","Locale":"es_ES"}},"Offers":{"Summaries":[{"Condition":{"Value":"New"},"LowestPrice":{"Amount":109.99,"Currency":"EUR","DisplayAmount":"109,99 €"}}]}}],"SearchURL":"https://www.amazon.es/s?k=taburete+cuero&rh=n%3A2822854031%2Cp_n_availability%3A-1&tag=topinalambricos-21&linkCode=osi","TotalResultCount":1000}},"287":{"SearchResult":{"Items":[{"ASIN":"B0BP2PG5FK","DetailPageURL":"https://www.amazon.es/dp/B0BP2PG5FK?tag=topinalambricos-21&linkCode=osi&th=1&psc=1","Images":{"Primary":{"Small":{"Height":75,"URL":"https://m.media-amazon.com/images/I/21gL1JeIhFL._SL75_.jpg","Width":75}}},"ItemInfo":{"ByLineInfo":{"Brand":{"DisplayValue":"vidaXL","Label":"Brand","Locale":"es_ES"},"Manufacturer":{"DisplayValue":"vidaXL","Label":"Manufacturer","Locale":"es_ES"}},"Title":{"DisplayValue":"vidaXL Cabecero Cama Tapizado Acolchado Antimancha Protector Cubierto Elástico Prueba Polvo Funda Dormitorio de Cuero Sintético Crema 90x5x78/88 cm","Label":"Title","Locale":"es_ES"}},"Offers":{"Summaries":[{"Condition":{"Value":"New"},"LowestPrice":{"Amount":41.99,"Currency":"EUR","DisplayAmount":"41,99 €"}}]}},{"ASIN":"B09646LW3H","DetailPageURL":"https://www.amazon.es/dp/B09646LW3H?tag=topinalambricos-21&linkCode=osi&th=1&psc=1","Images":{"Primary":{"Small":{"Height":75,"URL":"https://m.media-amazon.com/images/I/41O1L9xRBaS._SL75_.jpg","Width":75}}},"ItemInfo":{"ByLineInfo":{"Brand":{"DisplayValue":"TFBH","Label":"Brand","Locale":"es_ES"},"Manufacturer":{"DisplayValue":"TongFaZhiZaoXiaoShouBu","Label":"Manufacturer","Locale":"es_ES"}},"Title":{"DisplayValue":"TFBH Elástica Funda para Cabecera De Cama Individual/Doble Cubierta De Cabecero Forro Polar Grueso Fundas Protectoras Decoración para Respaldo De Hierro/Cuero/Madera,White-Length:90-110cm","Label":"Title","Locale":"es_ES"}},"Offers":{"Summaries":[{"Condition":{"Value":"New"},"LowestPrice":{"Amount":15.99,"Currency":"EUR","DisplayAmount":"15,99 €"}}]}},{"ASIN":"B0BQYJ1W2F","DetailPageURL":"https://www.amazon.es/dp/B0BQYJ1W2F?tag=topinalambricos-21&linkCode=osi&th=1&psc=1","Images":{"Primary":{"Small":{"Height":75,"URL":"https://m.media-amazon.com/images/I/11bmVZ3yKhL._SL75_.jpg","Width":75}}},"ItemInfo":{"ByLineInfo":{"Brand":{"DisplayValue":"vidaXL","Label":"Brand","Locale":"es_ES"},"Manufacturer":{"DisplayValue":"vidaXL","Label":"Manufacturer","Locale":"es_ES"}},"Title":{"DisplayValue":"vidaXL Cabecero con Luces LED Cabecero de Cama Cabezal Tapizado para Cama de Matrimonio Mueble Dormitorio Interior Cuero Sintético Blanco 200x5x78/88 cm","Label":"Title","Locale":"es_ES"}},"Offers":{"Summaries":[{"Condition":{"Value":"New"},"LowestPrice":{"Amount":71.99,"Currency":"EUR","DisplayAmount":"71,99 €"}}]}},{"ASIN":"B07N75GH3V","DetailPageURL":"https://www.amazon.es/dp/B07N75GH3V?tag=topinalambricos-21&linkCode=osi&th=1&psc=1","Images":{"Primary":{"Small":{"Height":75,"URL":"https://m.media-amazon.com/images/I/41LC9Ra1iAL._SL75_.jpg","Width":75}}},"ItemInfo":{"ByLineInfo":{"Brand":{"DisplayValue":"VANT","Label":"Brand","Locale":"es_ES"},"Manufacturer":{"DisplayValue":"Vant","Label":"Manufacturer","Locale":"es_ES"}},"Title":{"DisplayValue":"VANT Paneles de Pared con Tapizados - Paquetes 4 - Fácil Instalar - Cabecera Gemelo - Tamaño Gigante (Cuero Vintage Polvoriento Topo, 91cm Ancho)","Label":"Title","Locale":"es_ES"}},"Offers":{"Summaries":[{"Condition":{"Value":"New"},"LowestPrice":{"Amount":289.37,"Currency":"EUR","DisplayAmount":"289,37 €"}}]}},{"ASIN":"B0BP2SX1XN","DetailPageURL":"https://www.amazon.es/dp/B0BP2SX1XN?tag=topinalambricos-21&linkCode=osi&th=1&psc=1","Images":{"Primary":{"Small":{"Height":75,"URL":"https://m.media-amazon.com/images/I/21YyBaLYd6L._SL75_.jpg","Width":75}}},"ItemInfo":{"ByLineInfo":{"Brand":{"DisplayValue":"vidaXL","Label":"Brand","Locale":"es_ES"},"Manufacturer":{"DisplayValue":"vidaXL","Label":"Manufacturer","Locale":"es_ES"}},"Title":{"DisplayValue":"vidaXL Cabecero Dormitorio Cabezal Estructura Cama Tapizado Mueble Adorno Decoración Habitación Casa Hogar Cuero Sintético Blanco 100x5x78/88 cm","Label":"Title","Locale":"es_ES"}},"Offers":{"Summaries":[{"Condition":{"Value":"New"},"LowestPrice":{"Amount":46.99,"Currency":"EUR","DisplayAmount":"46,99 €"}}]}},{"ASIN":"B09GG7KMD6","DetailPageURL":"https://www.amazon.es/dp/B09GG7KMD6?tag=topinalambricos-21&linkCode=osi&th=1&psc=1","Images":{"Primary":{"Small":{"Height":75,"URL":"https://m.media-amazon.com/images/I/41lbKabZpRL._SL75_.jpg","Width":75}}},"ItemInfo":{"ByLineInfo":{"Brand":{"DisplayValue":"TFBH","Label":"Brand","Locale":"es_ES"},"Manufacturer":{"DisplayValue":"TongFaZhiZaoXiaoShouBu","Label":"Manufacturer","Locale":"es_ES"}},"Title":{"DisplayValue":"TFBH Elástica Funda para Cabecera/Terciopelo Funda para Cabecera De Cama Individual Doble Cubierta para Cabecero De Cama Funda Protectora para Camas De Cuero De Madera Respaldo,Pink-Length:170-190cm","Label":"Title","Locale":"es_ES"}},"Offers":{"Summaries":[{"Condition":{"Value":"New"},"LowestPrice":{"Amount":34.75,"Currency":"EUR","DisplayAmount":"34,75 €"}}]}},{"ASIN":"B08LTJZ73C","DetailPageURL":"https://www.amazon.es/dp/B08LTJZ73C?tag=topinalambricos-21&linkCode=osi&th=1&psc=1","Images":{"Primary":{"Small":{"Height":75,"URL":"https://m.media-amazon.com/images/I/518qxq9338L._SL75_.jpg","Width":75}}},"ItemInfo":{"ByLineInfo":{"Brand":{"DisplayValue":"CXLT","Label":"Brand","Locale":"es_ES"},"Manufacturer":{"DisplayValue":"Longtaizhizaoxiaoshoushang","Label":"Manufacturer","Locale":"es_ES"}},"Title":{"DisplayValue":"Cubierta De Cabecero De Lujo NórdicoTerciopelo Elástico Cubierta De La Cabecera 360 ° Todo Incluido Funda De Respaldo Funda Protectora para Camas De Cuero De Madera Queen King,Pink2-Length:160cm","Label":"Title","Locale":"es_ES"}},"Offers":{"Summaries":[{"Condition":{"Value":"New"},"LowestPrice":{"Amount":27.52,"Currency":"EUR","DisplayAmount":"27,52 €"}}]}},{"ASIN":"B0859XF9YX","DetailPageURL":"https://www.amazon.es/dp/B0859XF9YX?tag=topinalambricos-21&linkCode=osi&th=1&psc=1","Images":{"Primary":{"Small":{"Height":75,"URL":"https://m.media-amazon.com/images/I/41LygyFOeUL._SL75_.jpg","Width":75}}},"ItemInfo":{"ByLineInfo":{"Brand":{"DisplayValue":"Zoey's store","Label":"Brand","Locale":"es_ES"},"Manufacturer":{"DisplayValue":"Zoey's store","Label":"Manufacturer","Locale":"es_ES"}},"Title":{"DisplayValue":"Zoey's store Funda elástica para cabeceras de cama funda de respaldo estilo nórdico todo incluido cabeceras para cama funda protectora de cuero de madera cubierta de polvo curvada (#6 22 m x 08 m)","Label":"Title","Locale":"es_ES"}},"Offers":{"Summaries":[{"Condition":{"Value":"New"},"LowestPrice":{"Amount":23.42,"Currency":"EUR","DisplayAmount":"23,42 €"}}]}},{"ASIN":"B0BQYJH4WQ","DetailPageURL":"https://www.amazon.es/dp/B0BQYJH4WQ?tag=topinalambricos-21&linkCode=osi&th=1&psc=1","Images":{"Primary":{"Small":{"Height":75,"URL":"https://m.media-amazon.com/images/I/21KOTqzjYhL._SL75_.jpg","Width":75}}},"ItemInfo":{"ByLineInfo":{"Brand":{"DisplayValue":"vidaXL","Label":"Brand","Locale":"es_ES"},"Manufacturer":{"DisplayValue":"vidaXL","Label":"Manufacturer","Locale":"es_ES"}},"Title":{"DisplayValue":"vidaXL Cabecero con Luces LED Cabecero de Cama Cabezal Tapizado para Cama de Matrimonio Mueble Dormitorio Cuero Sintético Blanco 200x5x78/88 cm","Label":"Title","Locale":"es_ES"}},"Offers":{"Summaries":[{"Condition":{"Value":"New"},"LowestPrice":{"Amount":77.99,"Currency":"EUR","DisplayAmount":"77,99 €"}}]}},{"ASIN":"B0BR9V6M3N","DetailPageURL":"https://www.amazon.es/dp/B0BR9V6M3N?tag=topinalambricos-21&linkCode=osi&th=1&psc=1","Images":{"Primary":{"Small":{"Height":75,"URL":"https://m.media-amazon.com/images/I/41lgRC--TDL._SL75_.jpg","Width":75}}},"ItemInfo":{"ByLineInfo":{"Brand":{"DisplayValue":"Festnight","Label":"Brand","Locale":"es_ES"},"Manufacturer":{"DisplayValue":"Festnight","Label":"Manufacturer","Locale":"es_ES"}},"Title":{"DisplayValue":"Festnight Paneles de Pared de Cuero Sintético, Panel de Pared Acolchado 3D,Cama cabecero, Cabecero para Camas, Salón, Pared Decorativa,30x30 cm, Juego de 12 Unidades Gris","Label":"Title","Locale":"es_ES"}},"Offers":{"Summaries":[{"Condition":{"Value":"New"},"LowestPrice":{"Amount":41.99,"Currency":"EUR","DisplayAmount":"41,99 €"}}]}}],"SearchURL":"https://www.amazon.es/s?k=cuero&rh=n%3A2822720031%2Cp_n_availability%3A-1&tag=topinalambricos-21&linkCode=osi","TotalResultCount":1000}},"288":{"SearchResult":{"Items":[{"ASIN":"B0BFN69P66","DetailPageURL":"https://www.amazon.es/dp/B0BFN69P66?tag=topinalambricos-21&linkCode=osi&th=1&psc=1","Images":{"Primary":{"Small":{"Height":75,"URL":"https://m.media-amazon.com/images/I/31fJj6B6UnL._SL75_.jpg","Width":75}}},"ItemInfo":{"ByLineInfo":{"Brand":{"DisplayValue":"GHJL","Label":"Brand","Locale":"es_ES"},"Manufacturer":{"DisplayValue":"GHJL","Label":"Manufacturer","Locale":"es_ES"}},"Title":{"DisplayValue":"GHJL Cojín Redondo De Cuero para Silla, Cojín Redondo De Espuma Viscoelástica para Asiento, 1/2 Paquetes De Cojín Redondo Pequeño para Taburete, Cojín Antideslizante para Silla","Label":"Title","Locale":"es_ES"}},"Offers":{"Summaries":[{"Condition":{"Value":"New"},"LowestPrice":{"Amount":44.62,"Currency":"EUR","DisplayAmount":"44,62 €"}}]}},{"ASIN":"B0736SFJS3","DetailPageURL":"https://www.amazon.es/dp/B0736SFJS3?tag=topinalambricos-21&linkCode=osi&th=1&psc=1","Images":{"Primary":{"Small":{"Height":75,"URL":"https://m.media-amazon.com/images/I/51y+z2MHQEL._SL75_.jpg","Width":75}}},"ItemInfo":{"ByLineInfo":{"Brand":{"DisplayValue":"Big Ant","Label":"Brand","Locale":"es_ES"},"Manufacturer":{"DisplayValue":"CARCHAIN","Label":"Manufacturer","Locale":"es_ES"}},"Title":{"DisplayValue":"Big Ant Cojines de Asiento de Coche,Coche Protector de Asiento Delantero, Cubiertas de Asiento de Coche de bambú del carbón de leña con el cojín Interior del Asiento de Cuero de la PU (Gris,1 Pieza)","Label":"Title","Locale":"es_ES"}},"Offers":{"Summaries":[{"Condition":{"Value":"New"},"LowestPrice":{"Amount":35.18,"Currency":"EUR","DisplayAmount":"35,18 €"}}]}},{"ASIN":"B0C69Z394F","DetailPageURL":"https://www.amazon.es/dp/B0C69Z394F?tag=topinalambricos-21&linkCode=osi&th=1&psc=1","Images":{"Primary":{"Small":{"Height":60,"URL":"https://m.media-amazon.com/images/I/31BcWr53c4L._SL75_.jpg","Width":75}}},"ItemInfo":{"ByLineInfo":{"Brand":{"DisplayValue":"MOODMUSE","Label":"Brand","Locale":"es_ES"},"Manufacturer":{"DisplayValue":"MOODMUSE","Label":"Manufacturer","Locale":"es_ES"}},"Title":{"DisplayValue":"Cojín De Silla,Cojines De Cuero Para Sillas De Cocina -Cojín De Asiento En Forma De Herradura Y Cojín De Silla De Comedor 43*40CM Antideslizante Respaldo De Goma Juego De 1/2/4 ( Color : Brown-3 , Siz","Label":"Title","Locale":"es_ES"}},"Offers":{"Summaries":[{"Condition":{"Value":"New"},"LowestPrice":{"Amount":26.4,"Currency":"EUR","DisplayAmount":"26,40 €"}}]}},{"ASIN":"B08JZF7KF7","DetailPageURL":"https://www.amazon.es/dp/B08JZF7KF7?tag=topinalambricos-21&linkCode=osi&th=1&psc=1","Images":{"Primary":{"Small":{"Height":75,"URL":"https://m.media-amazon.com/images/I/31fY8Zp3R-L._SL75_.jpg","Width":75}}},"ItemInfo":{"ByLineInfo":{"Brand":{"DisplayValue":"Harilla","Label":"Brand","Locale":"es_ES"},"Manufacturer":{"DisplayValue":"Harilla","Label":"Manufacturer","Locale":"es_ES"}},"Title":{"DisplayValue":"Taburete Estándar Cojín de Asiento de Repuesto Funda de material cuero Resistente Asiento","Label":"Title","Locale":"es_ES"}},"Offers":{"Summaries":[{"Condition":{"Value":"New"},"LowestPrice":{"Amount":29.59,"Currency":"EUR","DisplayAmount":"29,59 €"}}]}},{"ASIN":"B076CNY8LR","DetailPageURL":"https://www.amazon.es/dp/B076CNY8LR?tag=topinalambricos-21&linkCode=osi&th=1&psc=1","Images":{"Primary":{"Small":{"Height":73,"URL":"https://m.media-amazon.com/images/I/51+xGEcnWdL._SL75_.jpg","Width":75}}},"ItemInfo":{"ByLineInfo":{"Brand":{"DisplayValue":"Black Temptation","Label":"Brand","Locale":"es_ES"},"Manufacturer":{"DisplayValue":"Black Temptation","Label":"Manufacturer","Locale":"es_ES"}},"Title":{"DisplayValue":"Black Temptation Cojín Redondo de Cuero de Estilo Simple Envoltorio Creativo de Asiento de Taburete Redondo, B5","Label":"Title","Locale":"es_ES"}},"Offers":{"Summaries":[{"Condition":{"Value":"New"},"LowestPrice":{"Amount":19.21,"Currency":"EUR","DisplayAmount":"19,21 €"}}]}},{"ASIN":"B07YJC3MBH","DetailPageURL":"https://www.amazon.es/dp/B07YJC3MBH?tag=topinalambricos-21&linkCode=osi&th=1&psc=1","Images":{"Primary":{"Small":{"Height":75,"URL":"https://m.media-amazon.com/images/I/31e+MzIx0VL._SL75_.jpg","Width":75}}},"ItemInfo":{"ByLineInfo":{"Brand":{"DisplayValue":"Chair cushion","Label":"Brand","Locale":"es_ES"},"Manufacturer":{"DisplayValue":"Chair cushion","Label":"Manufacturer","Locale":"es_ES"}},"Title":{"DisplayValue":"Chair cushion Cojines Gruesos para Sillas De Cuero,Impermeable Removeable Cuadrado Durable Cojín De Asiento para Sofá Comedor Silla De Oficina Patio Almohadillas-Verde 40x40x5cm(16x16x2inch)","Label":"Title","Locale":"es_ES"}},"Offers":{"Summaries":[{"Condition":{"Value":"New"},"LowestPrice":{"Amount":43.0,"Currency":"EUR","DisplayAmount":"43,00 €"}}]}},{"ASIN":"B0C2Q98RB3","DetailPageURL":"https://www.amazon.es/dp/B0C2Q98RB3?tag=topinalambricos-21&linkCode=osi&th=1&psc=1","Images":{"Primary":{"Small":{"Height":75,"URL":"https://m.media-amazon.com/images/I/41Ow4p1Q5GL._SL75_.jpg","Width":74}}},"ItemInfo":{"ByLineInfo":{"Brand":{"DisplayValue":"OITTO","Label":"Brand","Locale":"es_ES"},"Manufacturer":{"DisplayValue":"OITTO","Label":"Manufacturer","Locale":"es_ES"}},"Title":{"DisplayValue":"OITTO Cojín Silla de Comedor con Lazos, Hecho de Cuero sintético - Cojín de Asiento Antideslizante en Forma de Herradura para Mayor Comodidad - Tamaño 43 x 40 cm,Orange-43 * 40cm(1pack)","Label":"Title","Locale":"es_ES"}},"Offers":{"Summaries":[{"Condition":{"Value":"New"},"LowestPrice":{"Amount":31.99,"Currency":"EUR","DisplayAmount":"31,99 €"}}]}},{"ASIN":"B09S5M1YT2","DetailPageURL":"https://www.amazon.es/dp/B09S5M1YT2?tag=topinalambricos-21&linkCode=osi&th=1&psc=1","Images":{"Primary":{"Small":{"Height":75,"URL":"https://m.media-amazon.com/images/I/41BSFMsre6L._SL75_.jpg","Width":75}}},"ItemInfo":{"ByLineInfo":{"Brand":{"DisplayValue":"HAiHALA","Label":"Brand","Locale":"es_ES"},"Manufacturer":{"DisplayValue":"HAiHALA","Label":"Manufacturer","Locale":"es_ES"}},"Title":{"DisplayValue":"HAiHALA Cojín De Silla Redonda Cojín Redondo De Cuero Cojín De Esponja Engrosada Cojín De Futón De Meditación Cojín De Silla Cojín De Ventana De Bahía De Tatami Cojín De Asiento De Taburete Redondo","Label":"Title","Locale":"es_ES"}},"Offers":{"Summaries":[{"Condition":{"Value":"New"},"LowestPrice":{"Amount":34.03,"Currency":"EUR","DisplayAmount":"34,03 €"}}]}},{"ASIN":"B09VGQ4C3B","DetailPageURL":"https://www.amazon.es/dp/B09VGQ4C3B?tag=topinalambricos-21&linkCode=osi&th=1&psc=1","Images":{"Primary":{"Small":{"Height":75,"URL":"https://m.media-amazon.com/images/I/31fmwahYp4L._SL75_.jpg","Width":75}}},"ItemInfo":{"ByLineInfo":{"Manufacturer":{"DisplayValue":"Thxgl","Label":"Manufacturer","Locale":"es_ES"}},"Title":{"DisplayValue":"Cojines para Silla en Cuero de Imitación, Cojín para Asiento de Silla en Forma de D, con Cremallera, Relleno de Espuma de Memoria, Antideslizante, para Oficina Casa, Impermeable,Caqui,43X46CM","Label":"Title","Locale":"es_ES"}},"Offers":{"Summaries":[{"Condition":{"Value":"New"},"LowestPrice":{"Amount":21.0,"Currency":"EUR","DisplayAmount":"21,00 €"}}]}},{"ASIN":"B0C6XCQ51J","DetailPageURL":"https://www.amazon.es/dp/B0C6XCQ51J?tag=topinalambricos-21&linkCode=osi&th=1&psc=1","Images":{"Primary":{"Small":{"Height":65,"URL":"https://m.media-amazon.com/images/I/41quIb8GPyL._SL75_.jpg","Width":75}}},"ItemInfo":{"ByLineInfo":{"Brand":{"DisplayValue":"EORNOW","Label":"Brand","Locale":"es_ES"},"Manufacturer":{"DisplayValue":"EORNOW","Label":"Manufacturer","Locale":"es_ES"}},"Title":{"DisplayValue":"Cojines Redondos De Cuero, Cojines Redondos Antideslizantes for Sillas, Cojines Redondos for Asientos De Cocina, Cojín for Silla Altas, Cojines Redondos for Taburetes ( Color : Color 5 , Size : 40cm )","Label":"Title","Locale":"es_ES"}},"Offers":{"Summaries":[{"Condition":{"Value":"New"},"LowestPrice":{"Amount":26.43,"Currency":"EUR","DisplayAmount":"26,43 €"}}]}}],"SearchURL":"https://www.amazon.es/s?k=cuero&rh=n%3A2822877031%2Cp_n_availability%3A-1&tag=topinalambricos-21&linkCode=osi","TotalResultCount":1000}}}