{"2":{"SearchResult":{"Items":[{"ASIN":"B00CJ7HPBE","DetailPageURL":"https://www.amazon.es/dp/B00CJ7HPBE?tag=topinalambricos-21&linkCode=osi&th=1&psc=1","Images":{"Primary":{"Small":{"Height":75,"URL":"https://m.media-amazon.com/images/I/314Qj5Dj4AL._SL75_.jpg","Width":25}}},"ItemInfo":{"ByLineInfo":{"Brand":{"DisplayValue":"Cléopâtre","Label":"Brand","Locale":"es_ES"},"Manufacturer":{"DisplayValue":"Cleopatre","Label":"Manufacturer","Locale":"es_ES"}},"Title":{"DisplayValue":"Cléopatre - Pegamento Transparente Fuerte L'Adhésive - Pegamento en Gel Ideal para Papel y Cartulina, Tareas Escolares a partir de 6 Años - Formato Recarga - 500g","Label":"Title","Locale":"es_ES"}},"Offers":{"Summaries":[{"Condition":{"Value":"New"},"LowestPrice":{"Amount":3.95,"Currency":"EUR","DisplayAmount":"3,95 € (7,90 € / kg)","PricePerUnit":7.9}}]}},{"ASIN":"B0BTYFMJGD","DetailPageURL":"https://www.amazon.es/dp/B0BTYFMJGD?tag=topinalambricos-21&linkCode=osi&th=1&psc=1","Images":{"Primary":{"Small":{"Height":75,"URL":"https://m.media-amazon.com/images/I/41or0ngfiVL._SL75_.jpg","Width":75}}},"ItemInfo":{"ByLineInfo":{"Brand":{"DisplayValue":"Oderra","Label":"Brand","Locale":"es_ES"},"Manufacturer":{"DisplayValue":"Neceser Transparente Viaje avion","Label":"Manufacturer","Locale":"es_ES"}},"Title":{"DisplayValue":"Oderra 2 Piezas Bolsa Transparente Avion, Neceser Transparente Viaje Avion, PVC Impermeable Bolsa Avion para Llevar Líquidos, para Mujeres y Hombres","Label":"Title","Locale":"es_ES"}},"Offers":{"Summaries":[{"Condition":{"Value":"New"},"LowestPrice":{"Amount":8.69,"Currency":"EUR","DisplayAmount":"8,69 € (4,34 € / count)","PricePerUnit":4.34}}]}},{"ASIN":"B09S43SRWH","DetailPageURL":"https://www.amazon.es/dp/B09S43SRWH?tag=topinalambricos-21&linkCode=osi&th=1&psc=1","Images":{"Primary":{"Small":{"Height":75,"URL":"https://m.media-amazon.com/images/I/21VlqWvdezL._SL75_.jpg","Width":75}}},"ItemInfo":{"ByLineInfo":{"Brand":{"DisplayValue":"Amazon Basics","Label":"Brand","Locale":"es_ES"},"Manufacturer":{"DisplayValue":"Amazon","Label":"Manufacturer","Locale":"es_ES"}},"Title":{"DisplayValue":"Amazon Basics Octogonal Paraguas cúpula Transparente, 87,6 cm","Label":"Title","Locale":"es_ES"}},"Offers":{"Summaries":[{"Condition":{"Value":"Used"},"LowestPrice":{"Amount":19.0,"Currency":"EUR","DisplayAmount":"19,00 €"}},{"Condition":{"Value":"New"},"LowestPrice":{"Amount":21.35,"Currency":"EUR","DisplayAmount":"21,35 €"}}]}},{"ASIN":"B0BXLGTN4M","DetailPageURL":"https://www.amazon.es/dp/B0BXLGTN4M?tag=topinalambricos-21&linkCode=osi&th=1&psc=1","Images":{"Primary":{"Small":{"Height":75,"URL":"https://m.media-amazon.com/images/I/41sNkwAbRuL._SL75_.jpg","Width":75}}},"ItemInfo":{"ByLineInfo":{"Brand":{"DisplayValue":"Runmeihe","Label":"Brand","Locale":"es_ES"}},"Title":{"DisplayValue":"Runmeihe 8 Pack Chubasquero Transparente Adulto, Desechable Poncho Impermeable para Hombre Mujer, Ligeroscon Poncho Luvia con Capuchas y Botones para Viajes Surf Senderismo Eventos","Label":"Title","Locale":"es_ES"}},"Offers":{"Summaries":[{"Condition":{"Value":"New"},"LowestPrice":{"Amount":14.99,"Currency":"EUR","DisplayAmount":"14,99 €"}}]}},{"ASIN":"B0CC4LHQ93","DetailPageURL":"https://www.amazon.es/dp/B0CC4LHQ93?tag=topinalambricos-21&linkCode=osi&th=1&psc=1","Images":{"Primary":{"Small":{"Height":75,"URL":"https://m.media-amazon.com/images/I/41TUf4V4npL._SL75_.jpg","Width":75}}},"ItemInfo":{"ByLineInfo":{"Brand":{"DisplayValue":"Helweet","Label":"Brand","Locale":"es_ES"},"Manufacturer":{"DisplayValue":"Helweet","Label":"Manufacturer","Locale":"es_ES"}},"Title":{"DisplayValue":"Mochila Transparente con Cordón, Mochila de Deporte Transparente, Bolsa de Gimnasia Transparente con Cordón, Bolsa de Cincha Transparente, Bolsa De Deportiva Transparente, para Deportes, Camping","Label":"Title","Locale":"es_ES"}},"Offers":{"Summaries":[{"Condition":{"Value":"New"},"LowestPrice":{"Amount":7.99,"Currency":"EUR","DisplayAmount":"7,99 €"}}]}},{"ASIN":"B002R8L7ZU","DetailPageURL":"https://www.amazon.es/dp/B002R8L7ZU?tag=topinalambricos-21&linkCode=osi&th=1&psc=1","Images":{"Primary":{"Small":{"Height":75,"URL":"https://m.media-amazon.com/images/I/41df3Oeu5DL._SL75_.jpg","Width":75}}},"ItemInfo":{"ByLineInfo":{"Brand":{"DisplayValue":"Fulton","Label":"Brand","Locale":"es_ES"},"Manufacturer":{"DisplayValue":"Fulton","Label":"Manufacturer","Locale":"es_ES"}},"Title":{"DisplayValue":"Fulton Birdcage - Paraguas Transparente","Label":"Title","Locale":"es_ES"}},"Offers":{"Summaries":[{"Condition":{"Value":"New"},"LowestPrice":{"Amount":21.0,"Currency":"EUR","DisplayAmount":"21,00 €"}},{"Condition":{"Value":"Used"},"LowestPrice":{"Amount":19.89,"Currency":"EUR","DisplayAmount":"19,89 €"}}]}},{"ASIN":"B0CL58QBXY","DetailPageURL":"https://www.amazon.es/dp/B0CL58QBXY?tag=topinalambricos-21&linkCode=osi&th=1&psc=1","Images":{"Primary":{"Small":{"Height":75,"URL":"https://m.media-amazon.com/images/I/3144UG+Zt4L._SL75_.jpg","Width":47}}},"ItemInfo":{"ByLineInfo":{"Brand":{"DisplayValue":"Dozer","Label":"Brand","Locale":"es_ES"}},"Title":{"DisplayValue":"Dozer Chubasquero desechable, Pack de 3 Chubasqueros Transparentes con Capucha, Poncho Impermeable para Festivales, Conciertos y Actividades al Aire Libre","Label":"Title","Locale":"es_ES"}},"Offers":{"Summaries":[{"Condition":{"Value":"New"},"LowestPrice":{"Amount":9.9,"Currency":"EUR","DisplayAmount":"9,90 €"}}]}},{"ASIN":"B0BG32VPWW","DetailPageURL":"https://www.amazon.es/dp/B0BG32VPWW?tag=topinalambricos-21&linkCode=osi&th=1&psc=1","Images":{"Primary":{"Small":{"Height":75,"URL":"https://m.media-amazon.com/images/I/41ltWc4PPjL._SL75_.jpg","Width":75}}},"ItemInfo":{"ByLineInfo":{"Brand":{"DisplayValue":"Acan","Label":"Brand","Locale":"es_ES"},"Manufacturer":{"DisplayValue":"Tradineur","Label":"Manufacturer","Locale":"es_ES"}},"Title":{"DisplayValue":"Acan Tradineur - Paraguas largo transparente - Mango acristalado - Fabricación en PVC - 8 Varillas - Evita los días lluviosos con elegancia - Color Aleatorio","Label":"Title","Locale":"es_ES"}},"Offers":{"Summaries":[{"Condition":{"Value":"New"},"LowestPrice":{"Amount":13.99,"Currency":"EUR","DisplayAmount":"13,99 €"}}]}},{"ASIN":"B0BX428YB2","DetailPageURL":"https://www.amazon.es/dp/B0BX428YB2?tag=topinalambricos-21&linkCode=osi&th=1&psc=1","Images":{"Primary":{"Small":{"Height":75,"URL":"https://m.media-amazon.com/images/I/41J+zgmgQ2L._SL75_.jpg","Width":75}}},"ItemInfo":{"ByLineInfo":{"Brand":{"DisplayValue":"Hengxinchen","Label":"Brand","Locale":"es_ES"},"Manufacturer":{"DisplayValue":"hengxinc","Label":"Manufacturer","Locale":"es_ES"}},"Title":{"DisplayValue":"Hengxinc 12 Bolsas de líquidos para Equipaje de Mano, Bolsa de Aseo Transparente, 20 x 20 cm, hermética, Bolsa de avión, líquidos, aerolínea, Reutilizable, Bolsa de cosméticos de Viaje","Label":"Title","Locale":"es_ES"}},"Offers":{"Summaries":[{"Condition":{"Value":"New"},"LowestPrice":{"Amount":7.29,"Currency":"EUR","DisplayAmount":"7,29 €"}}]}},{"ASIN":"B0B8NTBBK2","DetailPageURL":"https://www.amazon.es/dp/B0B8NTBBK2?tag=topinalambricos-21&linkCode=osi&th=1&psc=1","Images":{"Primary":{"Small":{"Height":75,"URL":"https://m.media-amazon.com/images/I/21NYf5Te0NL._SL75_.jpg","Width":58}}},"ItemInfo":{"ByLineInfo":{"Brand":{"DisplayValue":"HAWKERS","Label":"Brand","Locale":"es_ES"},"Manufacturer":{"DisplayValue":"SALDUM | PLAY HAWKERS GROUP","Label":"Manufacturer","Locale":"es_ES"}},"Title":{"DisplayValue":"HAWKERS Gafas de sol ONE para Hombre","Label":"Title","Locale":"es_ES"}},"Offers":{"Summaries":[{"Condition":{"Value":"New"},"LowestPrice":{"Amount":19.99,"Currency":"EUR","DisplayAmount":"19,99 €"}}]}}],"SearchURL":"https://www.amazon.es/s?k=transparente&rh=p_n_availability%3A-1&tag=topinalambricos-21&linkCode=osi","TotalResultCount":306}},"3":{"SearchResult":{"Items":[{"ASIN":"B00CJ7HPBE","DetailPageURL":"https://www.amazon.es/dp/B00CJ7HPBE?tag=topinalambricos-21&linkCode=osi&th=1&psc=1","Images":{"Primary":{"Small":{"Height":75,"URL":"https://m.media-amazon.com/images/I/314Qj5Dj4AL._SL75_.jpg","Width":25}}},"ItemInfo":{"ByLineInfo":{"Brand":{"DisplayValue":"Cléopâtre","Label":"Brand","Locale":"es_ES"},"Manufacturer":{"DisplayValue":"Cleopatre","Label":"Manufacturer","Locale":"es_ES"}},"Title":{"DisplayValue":"Cléopatre - Pegamento Transparente Fuerte L'Adhésive - Pegamento en Gel Ideal para Papel y Cartulina, Tareas Escolares a partir de 6 Años - Formato Recarga - 500g","Label":"Title","Locale":"es_ES"}},"Offers":{"Summaries":[{"Condition":{"Value":"New"},"LowestPrice":{"Amount":3.95,"Currency":"EUR","DisplayAmount":"3,95 € (7,90 € / kg)","PricePerUnit":7.9}}]}},{"ASIN":"B0BTYFMJGD","DetailPageURL":"https://www.amazon.es/dp/B0BTYFMJGD?tag=topinalambricos-21&linkCode=osi&th=1&psc=1","Images":{"Primary":{"Small":{"Height":75,"URL":"https://m.media-amazon.com/images/I/41or0ngfiVL._SL75_.jpg","Width":75}}},"ItemInfo":{"ByLineInfo":{"Brand":{"DisplayValue":"Oderra","Label":"Brand","Locale":"es_ES"},"Manufacturer":{"DisplayValue":"Neceser Transparente Viaje avion","Label":"Manufacturer","Locale":"es_ES"}},"Title":{"DisplayValue":"Oderra 2 Piezas Bolsa Transparente Avion, Neceser Transparente Viaje Avion, PVC Impermeable Bolsa Avion para Llevar Líquidos, para Mujeres y Hombres","Label":"Title","Locale":"es_ES"}},"Offers":{"Summaries":[{"Condition":{"Value":"New"},"LowestPrice":{"Amount":8.69,"Currency":"EUR","DisplayAmount":"8,69 € (4,34 € / count)","PricePerUnit":4.34}}]}},{"ASIN":"B09S43SRWH","DetailPageURL":"https://www.amazon.es/dp/B09S43SRWH?tag=topinalambricos-21&linkCode=osi&th=1&psc=1","Images":{"Primary":{"Small":{"Height":75,"URL":"https://m.media-amazon.com/images/I/21VlqWvdezL._SL75_.jpg","Width":75}}},"ItemInfo":{"ByLineInfo":{"Brand":{"DisplayValue":"Amazon Basics","Label":"Brand","Locale":"es_ES"},"Manufacturer":{"DisplayValue":"Amazon","Label":"Manufacturer","Locale":"es_ES"}},"Title":{"DisplayValue":"Amazon Basics Octogonal Paraguas cúpula Transparente, 87,6 cm","Label":"Title","Locale":"es_ES"}},"Offers":{"Summaries":[{"Condition":{"Value":"Used"},"LowestPrice":{"Amount":19.0,"Currency":"EUR","DisplayAmount":"19,00 €"}},{"Condition":{"Value":"New"},"LowestPrice":{"Amount":21.35,"Currency":"EUR","DisplayAmount":"21,35 €"}}]}},{"ASIN":"B0BXLGTN4M","DetailPageURL":"https://www.amazon.es/dp/B0BXLGTN4M?tag=topinalambricos-21&linkCode=osi&th=1&psc=1","Images":{"Primary":{"Small":{"Height":75,"URL":"https://m.media-amazon.com/images/I/41sNkwAbRuL._SL75_.jpg","Width":75}}},"ItemInfo":{"ByLineInfo":{"Brand":{"DisplayValue":"Runmeihe","Label":"Brand","Locale":"es_ES"}},"Title":{"DisplayValue":"Runmeihe 8 Pack Chubasquero Transparente Adulto, Desechable Poncho Impermeable para Hombre Mujer, Ligeroscon Poncho Luvia con Capuchas y Botones para Viajes Surf Senderismo Eventos","Label":"Title","Locale":"es_ES"}},"Offers":{"Summaries":[{"Condition":{"Value":"New"},"LowestPrice":{"Amount":14.99,"Currency":"EUR","DisplayAmount":"14,99 €"}}]}},{"ASIN":"B0CC4LHQ93","DetailPageURL":"https://www.amazon.es/dp/B0CC4LHQ93?tag=topinalambricos-21&linkCode=osi&th=1&psc=1","Images":{"Primary":{"Small":{"Height":75,"URL":"https://m.media-amazon.com/images/I/41TUf4V4npL._SL75_.jpg","Width":75}}},"ItemInfo":{"ByLineInfo":{"Brand":{"DisplayValue":"Helweet","Label":"Brand","Locale":"es_ES"},"Manufacturer":{"DisplayValue":"Helweet","Label":"Manufacturer","Locale":"es_ES"}},"Title":{"DisplayValue":"Mochila Transparente con Cordón, Mochila de Deporte Transparente, Bolsa de Gimnasia Transparente con Cordón, Bolsa de Cincha Transparente, Bolsa De Deportiva Transparente, para Deportes, Camping","Label":"Title","Locale":"es_ES"}},"Offers":{"Summaries":[{"Condition":{"Value":"New"},"LowestPrice":{"Amount":7.99,"Currency":"EUR","DisplayAmount":"7,99 €"}}]}},{"ASIN":"B002R8L7ZU","DetailPageURL":"https://www.amazon.es/dp/B002R8L7ZU?tag=topinalambricos-21&linkCode=osi&th=1&psc=1","Images":{"Primary":{"Small":{"Height":75,"URL":"https://m.media-amazon.com/images/I/41df3Oeu5DL._SL75_.jpg","Width":75}}},"ItemInfo":{"ByLineInfo":{"Brand":{"DisplayValue":"Fulton","Label":"Brand","Locale":"es_ES"},"Manufacturer":{"DisplayValue":"Fulton","Label":"Manufacturer","Locale":"es_ES"}},"Title":{"DisplayValue":"Fulton Birdcage - Paraguas Transparente","Label":"Title","Locale":"es_ES"}},"Offers":{"Summaries":[{"Condition":{"Value":"New"},"LowestPrice":{"Amount":21.0,"Currency":"EUR","DisplayAmount":"21,00 €"}},{"Condition":{"Value":"Used"},"LowestPrice":{"Amount":19.89,"Currency":"EUR","DisplayAmount":"19,89 €"}}]}},{"ASIN":"B0CL58QBXY","DetailPageURL":"https://www.amazon.es/dp/B0CL58QBXY?tag=topinalambricos-21&linkCode=osi&th=1&psc=1","Images":{"Primary":{"Small":{"Height":75,"URL":"https://m.media-amazon.com/images/I/3144UG+Zt4L._SL75_.jpg","Width":47}}},"ItemInfo":{"ByLineInfo":{"Brand":{"DisplayValue":"Dozer","Label":"Brand","Locale":"es_ES"}},"Title":{"DisplayValue":"Dozer Chubasquero desechable, Pack de 3 Chubasqueros Transparentes con Capucha, Poncho Impermeable para Festivales, Conciertos y Actividades al Aire Libre","Label":"Title","Locale":"es_ES"}},"Offers":{"Summaries":[{"Condition":{"Value":"New"},"LowestPrice":{"Amount":9.9,"Currency":"EUR","DisplayAmount":"9,90 €"}}]}},{"ASIN":"B0BG32VPWW","DetailPageURL":"https://www.amazon.es/dp/B0BG32VPWW?tag=topinalambricos-21&linkCode=osi&th=1&psc=1","Images":{"Primary":{"Small":{"Height":75,"URL":"https://m.media-amazon.com/images/I/41ltWc4PPjL._SL75_.jpg","Width":75}}},"ItemInfo":{"ByLineInfo":{"Brand":{"DisplayValue":"Acan","Label":"Brand","Locale":"es_ES"},"Manufacturer":{"DisplayValue":"Tradineur","Label":"Manufacturer","Locale":"es_ES"}},"Title":{"DisplayValue":"Acan Tradineur - Paraguas largo transparente - Mango acristalado - Fabricación en PVC - 8 Varillas - Evita los días lluviosos con elegancia - Color Aleatorio","Label":"Title","Locale":"es_ES"}},"Offers":{"Summaries":[{"Condition":{"Value":"New"},"LowestPrice":{"Amount":13.99,"Currency":"EUR","DisplayAmount":"13,99 €"}}]}},{"ASIN":"B0BX428YB2","DetailPageURL":"https://www.amazon.es/dp/B0BX428YB2?tag=topinalambricos-21&linkCode=osi&th=1&psc=1","Images":{"Primary":{"Small":{"Height":75,"URL":"https://m.media-amazon.com/images/I/41J+zgmgQ2L._SL75_.jpg","Width":75}}},"ItemInfo":{"ByLineInfo":{"Brand":{"DisplayValue":"Hengxinchen","Label":"Brand","Locale":"es_ES"},"Manufacturer":{"DisplayValue":"hengxinc","Label":"Manufacturer","Locale":"es_ES"}},"Title":{"DisplayValue":"Hengxinc 12 Bolsas de líquidos para Equipaje de Mano, Bolsa de Aseo Transparente, 20 x 20 cm, hermética, Bolsa de avión, líquidos, aerolínea, Reutilizable, Bolsa de cosméticos de Viaje","Label":"Title","Locale":"es_ES"}},"Offers":{"Summaries":[{"Condition":{"Value":"New"},"LowestPrice":{"Amount":7.29,"Currency":"EUR","DisplayAmount":"7,29 €"}}]}},{"ASIN":"B0B8NTBBK2","DetailPageURL":"https://www.amazon.es/dp/B0B8NTBBK2?tag=topinalambricos-21&linkCode=osi&th=1&psc=1","Images":{"Primary":{"Small":{"Height":75,"URL":"https://m.media-amazon.com/images/I/21NYf5Te0NL._SL75_.jpg","Width":58}}},"ItemInfo":{"ByLineInfo":{"Brand":{"DisplayValue":"HAWKERS","Label":"Brand","Locale":"es_ES"},"Manufacturer":{"DisplayValue":"SALDUM | PLAY HAWKERS GROUP","Label":"Manufacturer","Locale":"es_ES"}},"Title":{"DisplayValue":"HAWKERS Gafas de sol ONE para Hombre","Label":"Title","Locale":"es_ES"}},"Offers":{"Summaries":[{"Condition":{"Value":"New"},"LowestPrice":{"Amount":19.99,"Currency":"EUR","DisplayAmount":"19,99 €"}}]}}],"SearchURL":"https://www.amazon.es/s?k=transparente&rh=p_n_availability%3A-1&tag=topinalambricos-21&linkCode=osi","TotalResultCount":306}},"4":{"SearchResult":{"Items":[{"ASIN":"B00CJ7HPBE","DetailPageURL":"https://www.amazon.es/dp/B00CJ7HPBE?tag=topinalambricos-21&linkCode=osi&th=1&psc=1","Images":{"Primary":{"Small":{"Height":75,"URL":"https://m.media-amazon.com/images/I/314Qj5Dj4AL._SL75_.jpg","Width":25}}},"ItemInfo":{"ByLineInfo":{"Brand":{"DisplayValue":"Cléopâtre","Label":"Brand","Locale":"es_ES"},"Manufacturer":{"DisplayValue":"Cleopatre","Label":"Manufacturer","Locale":"es_ES"}},"Title":{"DisplayValue":"Cléopatre - Pegamento Transparente Fuerte L'Adhésive - Pegamento en Gel Ideal para Papel y Cartulina, Tareas Escolares a partir de 6 Años - Formato Recarga - 500g","Label":"Title","Locale":"es_ES"}},"Offers":{"Summaries":[{"Condition":{"Value":"New"},"LowestPrice":{"Amount":3.95,"Currency":"EUR","DisplayAmount":"3,95 € (7,90 € / kg)","PricePerUnit":7.9}}]}},{"ASIN":"B0BTYFMJGD","DetailPageURL":"https://www.amazon.es/dp/B0BTYFMJGD?tag=topinalambricos-21&linkCode=osi&th=1&psc=1","Images":{"Primary":{"Small":{"Height":75,"URL":"https://m.media-amazon.com/images/I/41or0ngfiVL._SL75_.jpg","Width":75}}},"ItemInfo":{"ByLineInfo":{"Brand":{"DisplayValue":"Oderra","Label":"Brand","Locale":"es_ES"},"Manufacturer":{"DisplayValue":"Neceser Transparente Viaje avion","Label":"Manufacturer","Locale":"es_ES"}},"Title":{"DisplayValue":"Oderra 2 Piezas Bolsa Transparente Avion, Neceser Transparente Viaje Avion, PVC Impermeable Bolsa Avion para Llevar Líquidos, para Mujeres y Hombres","Label":"Title","Locale":"es_ES"}},"Offers":{"Summaries":[{"Condition":{"Value":"New"},"LowestPrice":{"Amount":8.69,"Currency":"EUR","DisplayAmount":"8,69 € (4,34 € / count)","PricePerUnit":4.34}}]}},{"ASIN":"B09S43SRWH","DetailPageURL":"https://www.amazon.es/dp/B09S43SRWH?tag=topinalambricos-21&linkCode=osi&th=1&psc=1","Images":{"Primary":{"Small":{"Height":75,"URL":"https://m.media-amazon.com/images/I/21VlqWvdezL._SL75_.jpg","Width":75}}},"ItemInfo":{"ByLineInfo":{"Brand":{"DisplayValue":"Amazon Basics","Label":"Brand","Locale":"es_ES"},"Manufacturer":{"DisplayValue":"Amazon","Label":"Manufacturer","Locale":"es_ES"}},"Title":{"DisplayValue":"Amazon Basics Octogonal Paraguas cúpula Transparente, 87,6 cm","Label":"Title","Locale":"es_ES"}},"Offers":{"Summaries":[{"Condition":{"Value":"Used"},"LowestPrice":{"Amount":19.0,"Currency":"EUR","DisplayAmount":"19,00 €"}},{"Condition":{"Value":"New"},"LowestPrice":{"Amount":21.35,"Currency":"EUR","DisplayAmount":"21,35 €"}}]}},{"ASIN":"B0BXLGTN4M","DetailPageURL":"https://www.amazon.es/dp/B0BXLGTN4M?tag=topinalambricos-21&linkCode=osi&th=1&psc=1","Images":{"Primary":{"Small":{"Height":75,"URL":"https://m.media-amazon.com/images/I/41sNkwAbRuL._SL75_.jpg","Width":75}}},"ItemInfo":{"ByLineInfo":{"Brand":{"DisplayValue":"Runmeihe","Label":"Brand","Locale":"es_ES"}},"Title":{"DisplayValue":"Runmeihe 8 Pack Chubasquero Transparente Adulto, Desechable Poncho Impermeable para Hombre Mujer, Ligeroscon Poncho Luvia con Capuchas y Botones para Viajes Surf Senderismo Eventos","Label":"Title","Locale":"es_ES"}},"Offers":{"Summaries":[{"Condition":{"Value":"New"},"LowestPrice":{"Amount":14.99,"Currency":"EUR","DisplayAmount":"14,99 €"}}]}},{"ASIN":"B0CC4LHQ93","DetailPageURL":"https://www.amazon.es/dp/B0CC4LHQ93?tag=topinalambricos-21&linkCode=osi&th=1&psc=1","Images":{"Primary":{"Small":{"Height":75,"URL":"https://m.media-amazon.com/images/I/41TUf4V4npL._SL75_.jpg","Width":75}}},"ItemInfo":{"ByLineInfo":{"Brand":{"DisplayValue":"Helweet","Label":"Brand","Locale":"es_ES"},"Manufacturer":{"DisplayValue":"Helweet","Label":"Manufacturer","Locale":"es_ES"}},"Title":{"DisplayValue":"Mochila Transparente con Cordón, Mochila de Deporte Transparente, Bolsa de Gimnasia Transparente con Cordón, Bolsa de Cincha Transparente, Bolsa De Deportiva Transparente, para Deportes, Camping","Label":"Title","Locale":"es_ES"}},"Offers":{"Summaries":[{"Condition":{"Value":"New"},"LowestPrice":{"Amount":7.99,"Currency":"EUR","DisplayAmount":"7,99 €"}}]}},{"ASIN":"B002R8L7ZU","DetailPageURL":"https://www.amazon.es/dp/B002R8L7ZU?tag=topinalambricos-21&linkCode=osi&th=1&psc=1","Images":{"Primary":{"Small":{"Height":75,"URL":"https://m.media-amazon.com/images/I/41df3Oeu5DL._SL75_.jpg","Width":75}}},"ItemInfo":{"ByLineInfo":{"Brand":{"DisplayValue":"Fulton","Label":"Brand","Locale":"es_ES"},"Manufacturer":{"DisplayValue":"Fulton","Label":"Manufacturer","Locale":"es_ES"}},"Title":{"DisplayValue":"Fulton Birdcage - Paraguas Transparente","Label":"Title","Locale":"es_ES"}},"Offers":{"Summaries":[{"Condition":{"Value":"New"},"LowestPrice":{"Amount":21.0,"Currency":"EUR","DisplayAmount":"21,00 €"}},{"Condition":{"Value":"Used"},"LowestPrice":{"Amount":19.89,"Currency":"EUR","DisplayAmount":"19,89 €"}}]}},{"ASIN":"B0CL58QBXY","DetailPageURL":"https://www.amazon.es/dp/B0CL58QBXY?tag=topinalambricos-21&linkCode=osi&th=1&psc=1","Images":{"Primary":{"Small":{"Height":75,"URL":"https://m.media-amazon.com/images/I/3144UG+Zt4L._SL75_.jpg","Width":47}}},"ItemInfo":{"ByLineInfo":{"Brand":{"DisplayValue":"Dozer","Label":"Brand","Locale":"es_ES"}},"Title":{"DisplayValue":"Dozer Chubasquero desechable, Pack de 3 Chubasqueros Transparentes con Capucha, Poncho Impermeable para Festivales, Conciertos y Actividades al Aire Libre","Label":"Title","Locale":"es_ES"}},"Offers":{"Summaries":[{"Condition":{"Value":"New"},"LowestPrice":{"Amount":9.9,"Currency":"EUR","DisplayAmount":"9,90 €"}}]}},{"ASIN":"B0BG32VPWW","DetailPageURL":"https://www.amazon.es/dp/B0BG32VPWW?tag=topinalambricos-21&linkCode=osi&th=1&psc=1","Images":{"Primary":{"Small":{"Height":75,"URL":"https://m.media-amazon.com/images/I/41ltWc4PPjL._SL75_.jpg","Width":75}}},"ItemInfo":{"ByLineInfo":{"Brand":{"DisplayValue":"Acan","Label":"Brand","Locale":"es_ES"},"Manufacturer":{"DisplayValue":"Tradineur","Label":"Manufacturer","Locale":"es_ES"}},"Title":{"DisplayValue":"Acan Tradineur - Paraguas largo transparente - Mango acristalado - Fabricación en PVC - 8 Varillas - Evita los días lluviosos con elegancia - Color Aleatorio","Label":"Title","Locale":"es_ES"}},"Offers":{"Summaries":[{"Condition":{"Value":"New"},"LowestPrice":{"Amount":13.99,"Currency":"EUR","DisplayAmount":"13,99 €"}}]}},{"ASIN":"B0BX428YB2","DetailPageURL":"https://www.amazon.es/dp/B0BX428YB2?tag=topinalambricos-21&linkCode=osi&th=1&psc=1","Images":{"Primary":{"Small":{"Height":75,"URL":"https://m.media-amazon.com/images/I/41J+zgmgQ2L._SL75_.jpg","Width":75}}},"ItemInfo":{"ByLineInfo":{"Brand":{"DisplayValue":"Hengxinchen","Label":"Brand","Locale":"es_ES"},"Manufacturer":{"DisplayValue":"hengxinc","Label":"Manufacturer","Locale":"es_ES"}},"Title":{"DisplayValue":"Hengxinc 12 Bolsas de líquidos para Equipaje de Mano, Bolsa de Aseo Transparente, 20 x 20 cm, hermética, Bolsa de avión, líquidos, aerolínea, Reutilizable, Bolsa de cosméticos de Viaje","Label":"Title","Locale":"es_ES"}},"Offers":{"Summaries":[{"Condition":{"Value":"New"},"LowestPrice":{"Amount":7.29,"Currency":"EUR","DisplayAmount":"7,29 €"}}]}},{"ASIN":"B0B8NTBBK2","DetailPageURL":"https://www.amazon.es/dp/B0B8NTBBK2?tag=topinalambricos-21&linkCode=osi&th=1&psc=1","Images":{"Primary":{"Small":{"Height":75,"URL":"https://m.media-amazon.com/images/I/21NYf5Te0NL._SL75_.jpg","Width":58}}},"ItemInfo":{"ByLineInfo":{"Brand":{"DisplayValue":"HAWKERS","Label":"Brand","Locale":"es_ES"},"Manufacturer":{"DisplayValue":"SALDUM | PLAY HAWKERS GROUP","Label":"Manufacturer","Locale":"es_ES"}},"Title":{"DisplayValue":"HAWKERS Gafas de sol ONE para Hombre","Label":"Title","Locale":"es_ES"}},"Offers":{"Summaries":[{"Condition":{"Value":"New"},"LowestPrice":{"Amount":19.99,"Currency":"EUR","DisplayAmount":"19,99 €"}}]}}],"SearchURL":"https://www.amazon.es/s?k=transparente&rh=p_n_availability%3A-1&tag=topinalambricos-21&linkCode=osi","TotalResultCount":306}},"5":{"SearchResult":{"Items":[{"ASIN":"B00CJ7HPBE","DetailPageURL":"https://www.amazon.es/dp/B00CJ7HPBE?tag=topinalambricos-21&linkCode=osi&th=1&psc=1","Images":{"Primary":{"Small":{"Height":75,"URL":"https://m.media-amazon.com/images/I/314Qj5Dj4AL._SL75_.jpg","Width":25}}},"ItemInfo":{"ByLineInfo":{"Brand":{"DisplayValue":"Cléopâtre","Label":"Brand","Locale":"es_ES"},"Manufacturer":{"DisplayValue":"Cleopatre","Label":"Manufacturer","Locale":"es_ES"}},"Title":{"DisplayValue":"Cléopatre - Pegamento Transparente Fuerte L'Adhésive - Pegamento en Gel Ideal para Papel y Cartulina, Tareas Escolares a partir de 6 Años - Formato Recarga - 500g","Label":"Title","Locale":"es_ES"}},"Offers":{"Summaries":[{"Condition":{"Value":"New"},"LowestPrice":{"Amount":3.95,"Currency":"EUR","DisplayAmount":"3,95 € (7,90 € / kg)","PricePerUnit":7.9}}]}},{"ASIN":"B0BTYFMJGD","DetailPageURL":"https://www.amazon.es/dp/B0BTYFMJGD?tag=topinalambricos-21&linkCode=osi&th=1&psc=1","Images":{"Primary":{"Small":{"Height":75,"URL":"https://m.media-amazon.com/images/I/41or0ngfiVL._SL75_.jpg","Width":75}}},"ItemInfo":{"ByLineInfo":{"Brand":{"DisplayValue":"Oderra","Label":"Brand","Locale":"es_ES"},"Manufacturer":{"DisplayValue":"Neceser Transparente Viaje avion","Label":"Manufacturer","Locale":"es_ES"}},"Title":{"DisplayValue":"Oderra 2 Piezas Bolsa Transparente Avion, Neceser Transparente Viaje Avion, PVC Impermeable Bolsa Avion para Llevar Líquidos, para Mujeres y Hombres","Label":"Title","Locale":"es_ES"}},"Offers":{"Summaries":[{"Condition":{"Value":"New"},"LowestPrice":{"Amount":8.69,"Currency":"EUR","DisplayAmount":"8,69 € (4,34 € / count)","PricePerUnit":4.34}}]}},{"ASIN":"B09S43SRWH","DetailPageURL":"https://www.amazon.es/dp/B09S43SRWH?tag=topinalambricos-21&linkCode=osi&th=1&psc=1","Images":{"Primary":{"Small":{"Height":75,"URL":"https://m.media-amazon.com/images/I/21VlqWvdezL._SL75_.jpg","Width":75}}},"ItemInfo":{"ByLineInfo":{"Brand":{"DisplayValue":"Amazon Basics","Label":"Brand","Locale":"es_ES"},"Manufacturer":{"DisplayValue":"Amazon","Label":"Manufacturer","Locale":"es_ES"}},"Title":{"DisplayValue":"Amazon Basics Octogonal Paraguas cúpula Transparente, 87,6 cm","Label":"Title","Locale":"es_ES"}},"Offers":{"Summaries":[{"Condition":{"Value":"Used"},"LowestPrice":{"Amount":19.0,"Currency":"EUR","DisplayAmount":"19,00 €"}},{"Condition":{"Value":"New"},"LowestPrice":{"Amount":21.35,"Currency":"EUR","DisplayAmount":"21,35 €"}}]}},{"ASIN":"B0BXLGTN4M","DetailPageURL":"https://www.amazon.es/dp/B0BXLGTN4M?tag=topinalambricos-21&linkCode=osi&th=1&psc=1","Images":{"Primary":{"Small":{"Height":75,"URL":"https://m.media-amazon.com/images/I/41sNkwAbRuL._SL75_.jpg","Width":75}}},"ItemInfo":{"ByLineInfo":{"Brand":{"DisplayValue":"Runmeihe","Label":"Brand","Locale":"es_ES"}},"Title":{"DisplayValue":"Runmeihe 8 Pack Chubasquero Transparente Adulto, Desechable Poncho Impermeable para Hombre Mujer, Ligeroscon Poncho Luvia con Capuchas y Botones para Viajes Surf Senderismo Eventos","Label":"Title","Locale":"es_ES"}},"Offers":{"Summaries":[{"Condition":{"Value":"New"},"LowestPrice":{"Amount":14.99,"Currency":"EUR","DisplayAmount":"14,99 €"}}]}},{"ASIN":"B0CC4LHQ93","DetailPageURL":"https://www.amazon.es/dp/B0CC4LHQ93?tag=topinalambricos-21&linkCode=osi&th=1&psc=1","Images":{"Primary":{"Small":{"Height":75,"URL":"https://m.media-amazon.com/images/I/41TUf4V4npL._SL75_.jpg","Width":75}}},"ItemInfo":{"ByLineInfo":{"Brand":{"DisplayValue":"Helweet","Label":"Brand","Locale":"es_ES"},"Manufacturer":{"DisplayValue":"Helweet","Label":"Manufacturer","Locale":"es_ES"}},"Title":{"DisplayValue":"Mochila Transparente con Cordón, Mochila de Deporte Transparente, Bolsa de Gimnasia Transparente con Cordón, Bolsa de Cincha Transparente, Bolsa De Deportiva Transparente, para Deportes, Camping","Label":"Title","Locale":"es_ES"}},"Offers":{"Summaries":[{"Condition":{"Value":"New"},"LowestPrice":{"Amount":7.99,"Currency":"EUR","DisplayAmount":"7,99 €"}}]}},{"ASIN":"B002R8L7ZU","DetailPageURL":"https://www.amazon.es/dp/B002R8L7ZU?tag=topinalambricos-21&linkCode=osi&th=1&psc=1","Images":{"Primary":{"Small":{"Height":75,"URL":"https://m.media-amazon.com/images/I/41df3Oeu5DL._SL75_.jpg","Width":75}}},"ItemInfo":{"ByLineInfo":{"Brand":{"DisplayValue":"Fulton","Label":"Brand","Locale":"es_ES"},"Manufacturer":{"DisplayValue":"Fulton","Label":"Manufacturer","Locale":"es_ES"}},"Title":{"DisplayValue":"Fulton Birdcage - Paraguas Transparente","Label":"Title","Locale":"es_ES"}},"Offers":{"Summaries":[{"Condition":{"Value":"New"},"LowestPrice":{"Amount":21.0,"Currency":"EUR","DisplayAmount":"21,00 €"}},{"Condition":{"Value":"Used"},"LowestPrice":{"Amount":19.89,"Currency":"EUR","DisplayAmount":"19,89 €"}}]}},{"ASIN":"B0CL58QBXY","DetailPageURL":"https://www.amazon.es/dp/B0CL58QBXY?tag=topinalambricos-21&linkCode=osi&th=1&psc=1","Images":{"Primary":{"Small":{"Height":75,"URL":"https://m.media-amazon.com/images/I/3144UG+Zt4L._SL75_.jpg","Width":47}}},"ItemInfo":{"ByLineInfo":{"Brand":{"DisplayValue":"Dozer","Label":"Brand","Locale":"es_ES"}},"Title":{"DisplayValue":"Dozer Chubasquero desechable, Pack de 3 Chubasqueros Transparentes con Capucha, Poncho Impermeable para Festivales, Conciertos y Actividades al Aire Libre","Label":"Title","Locale":"es_ES"}},"Offers":{"Summaries":[{"Condition":{"Value":"New"},"LowestPrice":{"Amount":9.9,"Currency":"EUR","DisplayAmount":"9,90 €"}}]}},{"ASIN":"B0BG32VPWW","DetailPageURL":"https://www.amazon.es/dp/B0BG32VPWW?tag=topinalambricos-21&linkCode=osi&th=1&psc=1","Images":{"Primary":{"Small":{"Height":75,"URL":"https://m.media-amazon.com/images/I/41ltWc4PPjL._SL75_.jpg","Width":75}}},"ItemInfo":{"ByLineInfo":{"Brand":{"DisplayValue":"Acan","Label":"Brand","Locale":"es_ES"},"Manufacturer":{"DisplayValue":"Tradineur","Label":"Manufacturer","Locale":"es_ES"}},"Title":{"DisplayValue":"Acan Tradineur - Paraguas largo transparente - Mango acristalado - Fabricación en PVC - 8 Varillas - Evita los días lluviosos con elegancia - Color Aleatorio","Label":"Title","Locale":"es_ES"}},"Offers":{"Summaries":[{"Condition":{"Value":"New"},"LowestPrice":{"Amount":13.99,"Currency":"EUR","DisplayAmount":"13,99 €"}}]}},{"ASIN":"B0BX428YB2","DetailPageURL":"https://www.amazon.es/dp/B0BX428YB2?tag=topinalambricos-21&linkCode=osi&th=1&psc=1","Images":{"Primary":{"Small":{"Height":75,"URL":"https://m.media-amazon.com/images/I/41J+zgmgQ2L._SL75_.jpg","Width":75}}},"ItemInfo":{"ByLineInfo":{"Brand":{"DisplayValue":"Hengxinchen","Label":"Brand","Locale":"es_ES"},"Manufacturer":{"DisplayValue":"hengxinc","Label":"Manufacturer","Locale":"es_ES"}},"Title":{"DisplayValue":"Hengxinc 12 Bolsas de líquidos para Equipaje de Mano, Bolsa de Aseo Transparente, 20 x 20 cm, hermética, Bolsa de avión, líquidos, aerolínea, Reutilizable, Bolsa de cosméticos de Viaje","Label":"Title","Locale":"es_ES"}},"Offers":{"Summaries":[{"Condition":{"Value":"New"},"LowestPrice":{"Amount":7.29,"Currency":"EUR","DisplayAmount":"7,29 €"}}]}},{"ASIN":"B0B8NTBBK2","DetailPageURL":"https://www.amazon.es/dp/B0B8NTBBK2?tag=topinalambricos-21&linkCode=osi&th=1&psc=1","Images":{"Primary":{"Small":{"Height":75,"URL":"https://m.media-amazon.com/images/I/21NYf5Te0NL._SL75_.jpg","Width":58}}},"ItemInfo":{"ByLineInfo":{"Brand":{"DisplayValue":"HAWKERS","Label":"Brand","Locale":"es_ES"},"Manufacturer":{"DisplayValue":"SALDUM | PLAY HAWKERS GROUP","Label":"Manufacturer","Locale":"es_ES"}},"Title":{"DisplayValue":"HAWKERS Gafas de sol ONE para Hombre","Label":"Title","Locale":"es_ES"}},"Offers":{"Summaries":[{"Condition":{"Value":"New"},"LowestPrice":{"Amount":19.99,"Currency":"EUR","DisplayAmount":"19,99 €"}}]}}],"SearchURL":"https://www.amazon.es/s?k=transparente&rh=p_n_availability%3A-1&tag=topinalambricos-21&linkCode=osi","TotalResultCount":306}},"6":{"SearchResult":{"Items":[{"ASIN":"B00CJ7HPBE","DetailPageURL":"https://www.amazon.es/dp/B00CJ7HPBE?tag=topinalambricos-21&linkCode=osi&th=1&psc=1","Images":{"Primary":{"Small":{"Height":75,"URL":"https://m.media-amazon.com/images/I/314Qj5Dj4AL._SL75_.jpg","Width":25}}},"ItemInfo":{"ByLineInfo":{"Brand":{"DisplayValue":"Cléopâtre","Label":"Brand","Locale":"es_ES"},"Manufacturer":{"DisplayValue":"Cleopatre","Label":"Manufacturer","Locale":"es_ES"}},"Title":{"DisplayValue":"Cléopatre - Pegamento Transparente Fuerte L'Adhésive - Pegamento en Gel Ideal para Papel y Cartulina, Tareas Escolares a partir de 6 Años - Formato Recarga - 500g","Label":"Title","Locale":"es_ES"}},"Offers":{"Summaries":[{"Condition":{"Value":"New"},"LowestPrice":{"Amount":3.95,"Currency":"EUR","DisplayAmount":"3,95 € (7,90 € / kg)","PricePerUnit":7.9}}]}},{"ASIN":"B0BTYFMJGD","DetailPageURL":"https://www.amazon.es/dp/B0BTYFMJGD?tag=topinalambricos-21&linkCode=osi&th=1&psc=1","Images":{"Primary":{"Small":{"Height":75,"URL":"https://m.media-amazon.com/images/I/41or0ngfiVL._SL75_.jpg","Width":75}}},"ItemInfo":{"ByLineInfo":{"Brand":{"DisplayValue":"Oderra","Label":"Brand","Locale":"es_ES"},"Manufacturer":{"DisplayValue":"Neceser Transparente Viaje avion","Label":"Manufacturer","Locale":"es_ES"}},"Title":{"DisplayValue":"Oderra 2 Piezas Bolsa Transparente Avion, Neceser Transparente Viaje Avion, PVC Impermeable Bolsa Avion para Llevar Líquidos, para Mujeres y Hombres","Label":"Title","Locale":"es_ES"}},"Offers":{"Summaries":[{"Condition":{"Value":"New"},"LowestPrice":{"Amount":8.69,"Currency":"EUR","DisplayAmount":"8,69 € (4,34 € / count)","PricePerUnit":4.34}}]}},{"ASIN":"B09S43SRWH","DetailPageURL":"https://www.amazon.es/dp/B09S43SRWH?tag=topinalambricos-21&linkCode=osi&th=1&psc=1","Images":{"Primary":{"Small":{"Height":75,"URL":"https://m.media-amazon.com/images/I/21VlqWvdezL._SL75_.jpg","Width":75}}},"ItemInfo":{"ByLineInfo":{"Brand":{"DisplayValue":"Amazon Basics","Label":"Brand","Locale":"es_ES"},"Manufacturer":{"DisplayValue":"Amazon","Label":"Manufacturer","Locale":"es_ES"}},"Title":{"DisplayValue":"Amazon Basics Octogonal Paraguas cúpula Transparente, 87,6 cm","Label":"Title","Locale":"es_ES"}},"Offers":{"Summaries":[{"Condition":{"Value":"Used"},"LowestPrice":{"Amount":19.0,"Currency":"EUR","DisplayAmount":"19,00 €"}},{"Condition":{"Value":"New"},"LowestPrice":{"Amount":21.35,"Currency":"EUR","DisplayAmount":"21,35 €"}}]}},{"ASIN":"B0BXLGTN4M","DetailPageURL":"https://www.amazon.es/dp/B0BXLGTN4M?tag=topinalambricos-21&linkCode=osi&th=1&psc=1","Images":{"Primary":{"Small":{"Height":75,"URL":"https://m.media-amazon.com/images/I/41sNkwAbRuL._SL75_.jpg","Width":75}}},"ItemInfo":{"ByLineInfo":{"Brand":{"DisplayValue":"Runmeihe","Label":"Brand","Locale":"es_ES"}},"Title":{"DisplayValue":"Runmeihe 8 Pack Chubasquero Transparente Adulto, Desechable Poncho Impermeable para Hombre Mujer, Ligeroscon Poncho Luvia con Capuchas y Botones para Viajes Surf Senderismo Eventos","Label":"Title","Locale":"es_ES"}},"Offers":{"Summaries":[{"Condition":{"Value":"New"},"LowestPrice":{"Amount":14.99,"Currency":"EUR","DisplayAmount":"14,99 €"}}]}},{"ASIN":"B0CC4LHQ93","DetailPageURL":"https://www.amazon.es/dp/B0CC4LHQ93?tag=topinalambricos-21&linkCode=osi&th=1&psc=1","Images":{"Primary":{"Small":{"Height":75,"URL":"https://m.media-amazon.com/images/I/41TUf4V4npL._SL75_.jpg","Width":75}}},"ItemInfo":{"ByLineInfo":{"Brand":{"DisplayValue":"Helweet","Label":"Brand","Locale":"es_ES"},"Manufacturer":{"DisplayValue":"Helweet","Label":"Manufacturer","Locale":"es_ES"}},"Title":{"DisplayValue":"Mochila Transparente con Cordón, Mochila de Deporte Transparente, Bolsa de Gimnasia Transparente con Cordón, Bolsa de Cincha Transparente, Bolsa De Deportiva Transparente, para Deportes, Camping","Label":"Title","Locale":"es_ES"}},"Offers":{"Summaries":[{"Condition":{"Value":"New"},"LowestPrice":{"Amount":7.99,"Currency":"EUR","DisplayAmount":"7,99 €"}}]}},{"ASIN":"B002R8L7ZU","DetailPageURL":"https://www.amazon.es/dp/B002R8L7ZU?tag=topinalambricos-21&linkCode=osi&th=1&psc=1","Images":{"Primary":{"Small":{"Height":75,"URL":"https://m.media-amazon.com/images/I/41df3Oeu5DL._SL75_.jpg","Width":75}}},"ItemInfo":{"ByLineInfo":{"Brand":{"DisplayValue":"Fulton","Label":"Brand","Locale":"es_ES"},"Manufacturer":{"DisplayValue":"Fulton","Label":"Manufacturer","Locale":"es_ES"}},"Title":{"DisplayValue":"Fulton Birdcage - Paraguas Transparente","Label":"Title","Locale":"es_ES"}},"Offers":{"Summaries":[{"Condition":{"Value":"New"},"LowestPrice":{"Amount":21.0,"Currency":"EUR","DisplayAmount":"21,00 €"}},{"Condition":{"Value":"Used"},"LowestPrice":{"Amount":19.89,"Currency":"EUR","DisplayAmount":"19,89 €"}}]}},{"ASIN":"B0CL58QBXY","DetailPageURL":"https://www.amazon.es/dp/B0CL58QBXY?tag=topinalambricos-21&linkCode=osi&th=1&psc=1","Images":{"Primary":{"Small":{"Height":75,"URL":"https://m.media-amazon.com/images/I/3144UG+Zt4L._SL75_.jpg","Width":47}}},"ItemInfo":{"ByLineInfo":{"Brand":{"DisplayValue":"Dozer","Label":"Brand","Locale":"es_ES"}},"Title":{"DisplayValue":"Dozer Chubasquero desechable, Pack de 3 Chubasqueros Transparentes con Capucha, Poncho Impermeable para Festivales, Conciertos y Actividades al Aire Libre","Label":"Title","Locale":"es_ES"}},"Offers":{"Summaries":[{"Condition":{"Value":"New"},"LowestPrice":{"Amount":9.9,"Currency":"EUR","DisplayAmount":"9,90 €"}}]}},{"ASIN":"B0BG32VPWW","DetailPageURL":"https://www.amazon.es/dp/B0BG32VPWW?tag=topinalambricos-21&linkCode=osi&th=1&psc=1","Images":{"Primary":{"Small":{"Height":75,"URL":"https://m.media-amazon.com/images/I/41ltWc4PPjL._SL75_.jpg","Width":75}}},"ItemInfo":{"ByLineInfo":{"Brand":{"DisplayValue":"Acan","Label":"Brand","Locale":"es_ES"},"Manufacturer":{"DisplayValue":"Tradineur","Label":"Manufacturer","Locale":"es_ES"}},"Title":{"DisplayValue":"Acan Tradineur - Paraguas largo transparente - Mango acristalado - Fabricación en PVC - 8 Varillas - Evita los días lluviosos con elegancia - Color Aleatorio","Label":"Title","Locale":"es_ES"}},"Offers":{"Summaries":[{"Condition":{"Value":"New"},"LowestPrice":{"Amount":13.99,"Currency":"EUR","DisplayAmount":"13,99 €"}}]}},{"ASIN":"B0BX428YB2","DetailPageURL":"https://www.amazon.es/dp/B0BX428YB2?tag=topinalambricos-21&linkCode=osi&th=1&psc=1","Images":{"Primary":{"Small":{"Height":75,"URL":"https://m.media-amazon.com/images/I/41J+zgmgQ2L._SL75_.jpg","Width":75}}},"ItemInfo":{"ByLineInfo":{"Brand":{"DisplayValue":"Hengxinchen","Label":"Brand","Locale":"es_ES"},"Manufacturer":{"DisplayValue":"hengxinc","Label":"Manufacturer","Locale":"es_ES"}},"Title":{"DisplayValue":"Hengxinc 12 Bolsas de líquidos para Equipaje de Mano, Bolsa de Aseo Transparente, 20 x 20 cm, hermética, Bolsa de avión, líquidos, aerolínea, Reutilizable, Bolsa de cosméticos de Viaje","Label":"Title","Locale":"es_ES"}},"Offers":{"Summaries":[{"Condition":{"Value":"New"},"LowestPrice":{"Amount":7.29,"Currency":"EUR","DisplayAmount":"7,29 €"}}]}},{"ASIN":"B0B8NTBBK2","DetailPageURL":"https://www.amazon.es/dp/B0B8NTBBK2?tag=topinalambricos-21&linkCode=osi&th=1&psc=1","Images":{"Primary":{"Small":{"Height":75,"URL":"https://m.media-amazon.com/images/I/21NYf5Te0NL._SL75_.jpg","Width":58}}},"ItemInfo":{"ByLineInfo":{"Brand":{"DisplayValue":"HAWKERS","Label":"Brand","Locale":"es_ES"},"Manufacturer":{"DisplayValue":"SALDUM | PLAY HAWKERS GROUP","Label":"Manufacturer","Locale":"es_ES"}},"Title":{"DisplayValue":"HAWKERS Gafas de sol ONE para Hombre","Label":"Title","Locale":"es_ES"}},"Offers":{"Summaries":[{"Condition":{"Value":"New"},"LowestPrice":{"Amount":19.99,"Currency":"EUR","DisplayAmount":"19,99 €"}}]}}],"SearchURL":"https://www.amazon.es/s?k=transparente&rh=p_n_availability%3A-1&tag=topinalambricos-21&linkCode=osi","TotalResultCount":306}},"7":{"SearchResult":{"Items":[{"ASIN":"B00CJ7HPBE","DetailPageURL":"https://www.amazon.es/dp/B00CJ7HPBE?tag=topinalambricos-21&linkCode=osi&th=1&psc=1","Images":{"Primary":{"Small":{"Height":75,"URL":"https://m.media-amazon.com/images/I/314Qj5Dj4AL._SL75_.jpg","Width":25}}},"ItemInfo":{"ByLineInfo":{"Brand":{"DisplayValue":"Cléopâtre","Label":"Brand","Locale":"es_ES"},"Manufacturer":{"DisplayValue":"Cleopatre","Label":"Manufacturer","Locale":"es_ES"}},"Title":{"DisplayValue":"Cléopatre - Pegamento Transparente Fuerte L'Adhésive - Pegamento en Gel Ideal para Papel y Cartulina, Tareas Escolares a partir de 6 Años - Formato Recarga - 500g","Label":"Title","Locale":"es_ES"}},"Offers":{"Summaries":[{"Condition":{"Value":"New"},"LowestPrice":{"Amount":3.95,"Currency":"EUR","DisplayAmount":"3,95 € (7,90 € / kg)","PricePerUnit":7.9}}]}},{"ASIN":"B0BTYFMJGD","DetailPageURL":"https://www.amazon.es/dp/B0BTYFMJGD?tag=topinalambricos-21&linkCode=osi&th=1&psc=1","Images":{"Primary":{"Small":{"Height":75,"URL":"https://m.media-amazon.com/images/I/41or0ngfiVL._SL75_.jpg","Width":75}}},"ItemInfo":{"ByLineInfo":{"Brand":{"DisplayValue":"Oderra","Label":"Brand","Locale":"es_ES"},"Manufacturer":{"DisplayValue":"Neceser Transparente Viaje avion","Label":"Manufacturer","Locale":"es_ES"}},"Title":{"DisplayValue":"Oderra 2 Piezas Bolsa Transparente Avion, Neceser Transparente Viaje Avion, PVC Impermeable Bolsa Avion para Llevar Líquidos, para Mujeres y Hombres","Label":"Title","Locale":"es_ES"}},"Offers":{"Summaries":[{"Condition":{"Value":"New"},"LowestPrice":{"Amount":8.69,"Currency":"EUR","DisplayAmount":"8,69 € (4,34 € / count)","PricePerUnit":4.34}}]}},{"ASIN":"B09S43SRWH","DetailPageURL":"https://www.amazon.es/dp/B09S43SRWH?tag=topinalambricos-21&linkCode=osi&th=1&psc=1","Images":{"Primary":{"Small":{"Height":75,"URL":"https://m.media-amazon.com/images/I/21VlqWvdezL._SL75_.jpg","Width":75}}},"ItemInfo":{"ByLineInfo":{"Brand":{"DisplayValue":"Amazon Basics","Label":"Brand","Locale":"es_ES"},"Manufacturer":{"DisplayValue":"Amazon","Label":"Manufacturer","Locale":"es_ES"}},"Title":{"DisplayValue":"Amazon Basics Octogonal Paraguas cúpula Transparente, 87,6 cm","Label":"Title","Locale":"es_ES"}},"Offers":{"Summaries":[{"Condition":{"Value":"Used"},"LowestPrice":{"Amount":19.0,"Currency":"EUR","DisplayAmount":"19,00 €"}},{"Condition":{"Value":"New"},"LowestPrice":{"Amount":21.35,"Currency":"EUR","DisplayAmount":"21,35 €"}}]}},{"ASIN":"B0BXLGTN4M","DetailPageURL":"https://www.amazon.es/dp/B0BXLGTN4M?tag=topinalambricos-21&linkCode=osi&th=1&psc=1","Images":{"Primary":{"Small":{"Height":75,"URL":"https://m.media-amazon.com/images/I/41sNkwAbRuL._SL75_.jpg","Width":75}}},"ItemInfo":{"ByLineInfo":{"Brand":{"DisplayValue":"Runmeihe","Label":"Brand","Locale":"es_ES"}},"Title":{"DisplayValue":"Runmeihe 8 Pack Chubasquero Transparente Adulto, Desechable Poncho Impermeable para Hombre Mujer, Ligeroscon Poncho Luvia con Capuchas y Botones para Viajes Surf Senderismo Eventos","Label":"Title","Locale":"es_ES"}},"Offers":{"Summaries":[{"Condition":{"Value":"New"},"LowestPrice":{"Amount":14.99,"Currency":"EUR","DisplayAmount":"14,99 €"}}]}},{"ASIN":"B0CC4LHQ93","DetailPageURL":"https://www.amazon.es/dp/B0CC4LHQ93?tag=topinalambricos-21&linkCode=osi&th=1&psc=1","Images":{"Primary":{"Small":{"Height":75,"URL":"https://m.media-amazon.com/images/I/41TUf4V4npL._SL75_.jpg","Width":75}}},"ItemInfo":{"ByLineInfo":{"Brand":{"DisplayValue":"Helweet","Label":"Brand","Locale":"es_ES"},"Manufacturer":{"DisplayValue":"Helweet","Label":"Manufacturer","Locale":"es_ES"}},"Title":{"DisplayValue":"Mochila Transparente con Cordón, Mochila de Deporte Transparente, Bolsa de Gimnasia Transparente con Cordón, Bolsa de Cincha Transparente, Bolsa De Deportiva Transparente, para Deportes, Camping","Label":"Title","Locale":"es_ES"}},"Offers":{"Summaries":[{"Condition":{"Value":"New"},"LowestPrice":{"Amount":7.99,"Currency":"EUR","DisplayAmount":"7,99 €"}}]}},{"ASIN":"B002R8L7ZU","DetailPageURL":"https://www.amazon.es/dp/B002R8L7ZU?tag=topinalambricos-21&linkCode=osi&th=1&psc=1","Images":{"Primary":{"Small":{"Height":75,"URL":"https://m.media-amazon.com/images/I/41df3Oeu5DL._SL75_.jpg","Width":75}}},"ItemInfo":{"ByLineInfo":{"Brand":{"DisplayValue":"Fulton","Label":"Brand","Locale":"es_ES"},"Manufacturer":{"DisplayValue":"Fulton","Label":"Manufacturer","Locale":"es_ES"}},"Title":{"DisplayValue":"Fulton Birdcage - Paraguas Transparente","Label":"Title","Locale":"es_ES"}},"Offers":{"Summaries":[{"Condition":{"Value":"New"},"LowestPrice":{"Amount":21.0,"Currency":"EUR","DisplayAmount":"21,00 €"}},{"Condition":{"Value":"Used"},"LowestPrice":{"Amount":19.89,"Currency":"EUR","DisplayAmount":"19,89 €"}}]}},{"ASIN":"B0CL58QBXY","DetailPageURL":"https://www.amazon.es/dp/B0CL58QBXY?tag=topinalambricos-21&linkCode=osi&th=1&psc=1","Images":{"Primary":{"Small":{"Height":75,"URL":"https://m.media-amazon.com/images/I/3144UG+Zt4L._SL75_.jpg","Width":47}}},"ItemInfo":{"ByLineInfo":{"Brand":{"DisplayValue":"Dozer","Label":"Brand","Locale":"es_ES"}},"Title":{"DisplayValue":"Dozer Chubasquero desechable, Pack de 3 Chubasqueros Transparentes con Capucha, Poncho Impermeable para Festivales, Conciertos y Actividades al Aire Libre","Label":"Title","Locale":"es_ES"}},"Offers":{"Summaries":[{"Condition":{"Value":"New"},"LowestPrice":{"Amount":9.9,"Currency":"EUR","DisplayAmount":"9,90 €"}}]}},{"ASIN":"B0BG32VPWW","DetailPageURL":"https://www.amazon.es/dp/B0BG32VPWW?tag=topinalambricos-21&linkCode=osi&th=1&psc=1","Images":{"Primary":{"Small":{"Height":75,"URL":"https://m.media-amazon.com/images/I/41ltWc4PPjL._SL75_.jpg","Width":75}}},"ItemInfo":{"ByLineInfo":{"Brand":{"DisplayValue":"Acan","Label":"Brand","Locale":"es_ES"},"Manufacturer":{"DisplayValue":"Tradineur","Label":"Manufacturer","Locale":"es_ES"}},"Title":{"DisplayValue":"Acan Tradineur - Paraguas largo transparente - Mango acristalado - Fabricación en PVC - 8 Varillas - Evita los días lluviosos con elegancia - Color Aleatorio","Label":"Title","Locale":"es_ES"}},"Offers":{"Summaries":[{"Condition":{"Value":"New"},"LowestPrice":{"Amount":13.99,"Currency":"EUR","DisplayAmount":"13,99 €"}}]}},{"ASIN":"B0BX428YB2","DetailPageURL":"https://www.amazon.es/dp/B0BX428YB2?tag=topinalambricos-21&linkCode=osi&th=1&psc=1","Images":{"Primary":{"Small":{"Height":75,"URL":"https://m.media-amazon.com/images/I/41J+zgmgQ2L._SL75_.jpg","Width":75}}},"ItemInfo":{"ByLineInfo":{"Brand":{"DisplayValue":"Hengxinchen","Label":"Brand","Locale":"es_ES"},"Manufacturer":{"DisplayValue":"hengxinc","Label":"Manufacturer","Locale":"es_ES"}},"Title":{"DisplayValue":"Hengxinc 12 Bolsas de líquidos para Equipaje de Mano, Bolsa de Aseo Transparente, 20 x 20 cm, hermética, Bolsa de avión, líquidos, aerolínea, Reutilizable, Bolsa de cosméticos de Viaje","Label":"Title","Locale":"es_ES"}},"Offers":{"Summaries":[{"Condition":{"Value":"New"},"LowestPrice":{"Amount":7.29,"Currency":"EUR","DisplayAmount":"7,29 €"}}]}},{"ASIN":"B0B8NTBBK2","DetailPageURL":"https://www.amazon.es/dp/B0B8NTBBK2?tag=topinalambricos-21&linkCode=osi&th=1&psc=1","Images":{"Primary":{"Small":{"Height":75,"URL":"https://m.media-amazon.com/images/I/21NYf5Te0NL._SL75_.jpg","Width":58}}},"ItemInfo":{"ByLineInfo":{"Brand":{"DisplayValue":"HAWKERS","Label":"Brand","Locale":"es_ES"},"Manufacturer":{"DisplayValue":"SALDUM | PLAY HAWKERS GROUP","Label":"Manufacturer","Locale":"es_ES"}},"Title":{"DisplayValue":"HAWKERS Gafas de sol ONE para Hombre","Label":"Title","Locale":"es_ES"}},"Offers":{"Summaries":[{"Condition":{"Value":"New"},"LowestPrice":{"Amount":19.99,"Currency":"EUR","DisplayAmount":"19,99 €"}}]}}],"SearchURL":"https://www.amazon.es/s?k=transparente&rh=p_n_availability%3A-1&tag=topinalambricos-21&linkCode=osi","TotalResultCount":306}},"9":{"SearchResult":{"Items":[{"ASIN":"B00CJ7HPBE","DetailPageURL":"https://www.amazon.es/dp/B00CJ7HPBE?tag=topinalambricos-21&linkCode=osi&th=1&psc=1","Images":{"Primary":{"Small":{"Height":75,"URL":"https://m.media-amazon.com/images/I/314Qj5Dj4AL._SL75_.jpg","Width":25}}},"ItemInfo":{"ByLineInfo":{"Brand":{"DisplayValue":"Cléopâtre","Label":"Brand","Locale":"es_ES"},"Manufacturer":{"DisplayValue":"Cleopatre","Label":"Manufacturer","Locale":"es_ES"}},"Title":{"DisplayValue":"Cléopatre - Pegamento Transparente Fuerte L'Adhésive - Pegamento en Gel Ideal para Papel y Cartulina, Tareas Escolares a partir de 6 Años - Formato Recarga - 500g","Label":"Title","Locale":"es_ES"}},"Offers":{"Summaries":[{"Condition":{"Value":"New"},"LowestPrice":{"Amount":3.95,"Currency":"EUR","DisplayAmount":"3,95 € (7,90 € / kg)","PricePerUnit":7.9}}]}},{"ASIN":"B0BTYFMJGD","DetailPageURL":"https://www.amazon.es/dp/B0BTYFMJGD?tag=topinalambricos-21&linkCode=osi&th=1&psc=1","Images":{"Primary":{"Small":{"Height":75,"URL":"https://m.media-amazon.com/images/I/41or0ngfiVL._SL75_.jpg","Width":75}}},"ItemInfo":{"ByLineInfo":{"Brand":{"DisplayValue":"Oderra","Label":"Brand","Locale":"es_ES"},"Manufacturer":{"DisplayValue":"Neceser Transparente Viaje avion","Label":"Manufacturer","Locale":"es_ES"}},"Title":{"DisplayValue":"Oderra 2 Piezas Bolsa Transparente Avion, Neceser Transparente Viaje Avion, PVC Impermeable Bolsa Avion para Llevar Líquidos, para Mujeres y Hombres","Label":"Title","Locale":"es_ES"}},"Offers":{"Summaries":[{"Condition":{"Value":"New"},"LowestPrice":{"Amount":8.69,"Currency":"EUR","DisplayAmount":"8,69 € (4,34 € / count)","PricePerUnit":4.34}}]}},{"ASIN":"B09S43SRWH","DetailPageURL":"https://www.amazon.es/dp/B09S43SRWH?tag=topinalambricos-21&linkCode=osi&th=1&psc=1","Images":{"Primary":{"Small":{"Height":75,"URL":"https://m.media-amazon.com/images/I/21VlqWvdezL._SL75_.jpg","Width":75}}},"ItemInfo":{"ByLineInfo":{"Brand":{"DisplayValue":"Amazon Basics","Label":"Brand","Locale":"es_ES"},"Manufacturer":{"DisplayValue":"Amazon","Label":"Manufacturer","Locale":"es_ES"}},"Title":{"DisplayValue":"Amazon Basics Octogonal Paraguas cúpula Transparente, 87,6 cm","Label":"Title","Locale":"es_ES"}},"Offers":{"Summaries":[{"Condition":{"Value":"Used"},"LowestPrice":{"Amount":19.0,"Currency":"EUR","DisplayAmount":"19,00 €"}},{"Condition":{"Value":"New"},"LowestPrice":{"Amount":21.35,"Currency":"EUR","DisplayAmount":"21,35 €"}}]}},{"ASIN":"B0BXLGTN4M","DetailPageURL":"https://www.amazon.es/dp/B0BXLGTN4M?tag=topinalambricos-21&linkCode=osi&th=1&psc=1","Images":{"Primary":{"Small":{"Height":75,"URL":"https://m.media-amazon.com/images/I/41sNkwAbRuL._SL75_.jpg","Width":75}}},"ItemInfo":{"ByLineInfo":{"Brand":{"DisplayValue":"Runmeihe","Label":"Brand","Locale":"es_ES"}},"Title":{"DisplayValue":"Runmeihe 8 Pack Chubasquero Transparente Adulto, Desechable Poncho Impermeable para Hombre Mujer, Ligeroscon Poncho Luvia con Capuchas y Botones para Viajes Surf Senderismo Eventos","Label":"Title","Locale":"es_ES"}},"Offers":{"Summaries":[{"Condition":{"Value":"New"},"LowestPrice":{"Amount":14.99,"Currency":"EUR","DisplayAmount":"14,99 €"}}]}},{"ASIN":"B0CC4LHQ93","DetailPageURL":"https://www.amazon.es/dp/B0CC4LHQ93?tag=topinalambricos-21&linkCode=osi&th=1&psc=1","Images":{"Primary":{"Small":{"Height":75,"URL":"https://m.media-amazon.com/images/I/41TUf4V4npL._SL75_.jpg","Width":75}}},"ItemInfo":{"ByLineInfo":{"Brand":{"DisplayValue":"Helweet","Label":"Brand","Locale":"es_ES"},"Manufacturer":{"DisplayValue":"Helweet","Label":"Manufacturer","Locale":"es_ES"}},"Title":{"DisplayValue":"Mochila Transparente con Cordón, Mochila de Deporte Transparente, Bolsa de Gimnasia Transparente con Cordón, Bolsa de Cincha Transparente, Bolsa De Deportiva Transparente, para Deportes, Camping","Label":"Title","Locale":"es_ES"}},"Offers":{"Summaries":[{"Condition":{"Value":"New"},"LowestPrice":{"Amount":7.99,"Currency":"EUR","DisplayAmount":"7,99 €"}}]}},{"ASIN":"B002R8L7ZU","DetailPageURL":"https://www.amazon.es/dp/B002R8L7ZU?tag=topinalambricos-21&linkCode=osi&th=1&psc=1","Images":{"Primary":{"Small":{"Height":75,"URL":"https://m.media-amazon.com/images/I/41df3Oeu5DL._SL75_.jpg","Width":75}}},"ItemInfo":{"ByLineInfo":{"Brand":{"DisplayValue":"Fulton","Label":"Brand","Locale":"es_ES"},"Manufacturer":{"DisplayValue":"Fulton","Label":"Manufacturer","Locale":"es_ES"}},"Title":{"DisplayValue":"Fulton Birdcage - Paraguas Transparente","Label":"Title","Locale":"es_ES"}},"Offers":{"Summaries":[{"Condition":{"Value":"New"},"LowestPrice":{"Amount":21.0,"Currency":"EUR","DisplayAmount":"21,00 €"}},{"Condition":{"Value":"Used"},"LowestPrice":{"Amount":19.89,"Currency":"EUR","DisplayAmount":"19,89 €"}}]}},{"ASIN":"B0CL58QBXY","DetailPageURL":"https://www.amazon.es/dp/B0CL58QBXY?tag=topinalambricos-21&linkCode=osi&th=1&psc=1","Images":{"Primary":{"Small":{"Height":75,"URL":"https://m.media-amazon.com/images/I/3144UG+Zt4L._SL75_.jpg","Width":47}}},"ItemInfo":{"ByLineInfo":{"Brand":{"DisplayValue":"Dozer","Label":"Brand","Locale":"es_ES"}},"Title":{"DisplayValue":"Dozer Chubasquero desechable, Pack de 3 Chubasqueros Transparentes con Capucha, Poncho Impermeable para Festivales, Conciertos y Actividades al Aire Libre","Label":"Title","Locale":"es_ES"}},"Offers":{"Summaries":[{"Condition":{"Value":"New"},"LowestPrice":{"Amount":9.9,"Currency":"EUR","DisplayAmount":"9,90 €"}}]}},{"ASIN":"B0BG32VPWW","DetailPageURL":"https://www.amazon.es/dp/B0BG32VPWW?tag=topinalambricos-21&linkCode=osi&th=1&psc=1","Images":{"Primary":{"Small":{"Height":75,"URL":"https://m.media-amazon.com/images/I/41ltWc4PPjL._SL75_.jpg","Width":75}}},"ItemInfo":{"ByLineInfo":{"Brand":{"DisplayValue":"Acan","Label":"Brand","Locale":"es_ES"},"Manufacturer":{"DisplayValue":"Tradineur","Label":"Manufacturer","Locale":"es_ES"}},"Title":{"DisplayValue":"Acan Tradineur - Paraguas largo transparente - Mango acristalado - Fabricación en PVC - 8 Varillas - Evita los días lluviosos con elegancia - Color Aleatorio","Label":"Title","Locale":"es_ES"}},"Offers":{"Summaries":[{"Condition":{"Value":"New"},"LowestPrice":{"Amount":13.99,"Currency":"EUR","DisplayAmount":"13,99 €"}}]}},{"ASIN":"B0BX428YB2","DetailPageURL":"https://www.amazon.es/dp/B0BX428YB2?tag=topinalambricos-21&linkCode=osi&th=1&psc=1","Images":{"Primary":{"Small":{"Height":75,"URL":"https://m.media-amazon.com/images/I/41J+zgmgQ2L._SL75_.jpg","Width":75}}},"ItemInfo":{"ByLineInfo":{"Brand":{"DisplayValue":"Hengxinchen","Label":"Brand","Locale":"es_ES"},"Manufacturer":{"DisplayValue":"hengxinc","Label":"Manufacturer","Locale":"es_ES"}},"Title":{"DisplayValue":"Hengxinc 12 Bolsas de líquidos para Equipaje de Mano, Bolsa de Aseo Transparente, 20 x 20 cm, hermética, Bolsa de avión, líquidos, aerolínea, Reutilizable, Bolsa de cosméticos de Viaje","Label":"Title","Locale":"es_ES"}},"Offers":{"Summaries":[{"Condition":{"Value":"New"},"LowestPrice":{"Amount":7.29,"Currency":"EUR","DisplayAmount":"7,29 €"}}]}},{"ASIN":"B0B8NTBBK2","DetailPageURL":"https://www.amazon.es/dp/B0B8NTBBK2?tag=topinalambricos-21&linkCode=osi&th=1&psc=1","Images":{"Primary":{"Small":{"Height":75,"URL":"https://m.media-amazon.com/images/I/21NYf5Te0NL._SL75_.jpg","Width":58}}},"ItemInfo":{"ByLineInfo":{"Brand":{"DisplayValue":"HAWKERS","Label":"Brand","Locale":"es_ES"},"Manufacturer":{"DisplayValue":"SALDUM | PLAY HAWKERS GROUP","Label":"Manufacturer","Locale":"es_ES"}},"Title":{"DisplayValue":"HAWKERS Gafas de sol ONE para Hombre","Label":"Title","Locale":"es_ES"}},"Offers":{"Summaries":[{"Condition":{"Value":"New"},"LowestPrice":{"Amount":19.99,"Currency":"EUR","DisplayAmount":"19,99 €"}}]}}],"SearchURL":"https://www.amazon.es/s?k=transparente&rh=p_n_availability%3A-1&tag=topinalambricos-21&linkCode=osi","TotalResultCount":306}},"10":{"SearchResult":{"Items":[{"ASIN":"B00CJ7HPBE","DetailPageURL":"https://www.amazon.es/dp/B00CJ7HPBE?tag=topinalambricos-21&linkCode=osi&th=1&psc=1","Images":{"Primary":{"Small":{"Height":75,"URL":"https://m.media-amazon.com/images/I/314Qj5Dj4AL._SL75_.jpg","Width":25}}},"ItemInfo":{"ByLineInfo":{"Brand":{"DisplayValue":"Cléopâtre","Label":"Brand","Locale":"es_ES"},"Manufacturer":{"DisplayValue":"Cleopatre","Label":"Manufacturer","Locale":"es_ES"}},"Title":{"DisplayValue":"Cléopatre - Pegamento Transparente Fuerte L'Adhésive - Pegamento en Gel Ideal para Papel y Cartulina, Tareas Escolares a partir de 6 Años - Formato Recarga - 500g","Label":"Title","Locale":"es_ES"}},"Offers":{"Summaries":[{"Condition":{"Value":"New"},"LowestPrice":{"Amount":3.95,"Currency":"EUR","DisplayAmount":"3,95 € (7,90 € / kg)","PricePerUnit":7.9}}]}},{"ASIN":"B0BTYFMJGD","DetailPageURL":"https://www.amazon.es/dp/B0BTYFMJGD?tag=topinalambricos-21&linkCode=osi&th=1&psc=1","Images":{"Primary":{"Small":{"Height":75,"URL":"https://m.media-amazon.com/images/I/41or0ngfiVL._SL75_.jpg","Width":75}}},"ItemInfo":{"ByLineInfo":{"Brand":{"DisplayValue":"Oderra","Label":"Brand","Locale":"es_ES"},"Manufacturer":{"DisplayValue":"Neceser Transparente Viaje avion","Label":"Manufacturer","Locale":"es_ES"}},"Title":{"DisplayValue":"Oderra 2 Piezas Bolsa Transparente Avion, Neceser Transparente Viaje Avion, PVC Impermeable Bolsa Avion para Llevar Líquidos, para Mujeres y Hombres","Label":"Title","Locale":"es_ES"}},"Offers":{"Summaries":[{"Condition":{"Value":"New"},"LowestPrice":{"Amount":8.69,"Currency":"EUR","DisplayAmount":"8,69 € (4,34 € / count)","PricePerUnit":4.34}}]}},{"ASIN":"B09S43SRWH","DetailPageURL":"https://www.amazon.es/dp/B09S43SRWH?tag=topinalambricos-21&linkCode=osi&th=1&psc=1","Images":{"Primary":{"Small":{"Height":75,"URL":"https://m.media-amazon.com/images/I/21VlqWvdezL._SL75_.jpg","Width":75}}},"ItemInfo":{"ByLineInfo":{"Brand":{"DisplayValue":"Amazon Basics","Label":"Brand","Locale":"es_ES"},"Manufacturer":{"DisplayValue":"Amazon","Label":"Manufacturer","Locale":"es_ES"}},"Title":{"DisplayValue":"Amazon Basics Octogonal Paraguas cúpula Transparente, 87,6 cm","Label":"Title","Locale":"es_ES"}},"Offers":{"Summaries":[{"Condition":{"Value":"Used"},"LowestPrice":{"Amount":19.0,"Currency":"EUR","DisplayAmount":"19,00 €"}},{"Condition":{"Value":"New"},"LowestPrice":{"Amount":21.35,"Currency":"EUR","DisplayAmount":"21,35 €"}}]}},{"ASIN":"B0BXLGTN4M","DetailPageURL":"https://www.amazon.es/dp/B0BXLGTN4M?tag=topinalambricos-21&linkCode=osi&th=1&psc=1","Images":{"Primary":{"Small":{"Height":75,"URL":"https://m.media-amazon.com/images/I/41sNkwAbRuL._SL75_.jpg","Width":75}}},"ItemInfo":{"ByLineInfo":{"Brand":{"DisplayValue":"Runmeihe","Label":"Brand","Locale":"es_ES"}},"Title":{"DisplayValue":"Runmeihe 8 Pack Chubasquero Transparente Adulto, Desechable Poncho Impermeable para Hombre Mujer, Ligeroscon Poncho Luvia con Capuchas y Botones para Viajes Surf Senderismo Eventos","Label":"Title","Locale":"es_ES"}},"Offers":{"Summaries":[{"Condition":{"Value":"New"},"LowestPrice":{"Amount":14.99,"Currency":"EUR","DisplayAmount":"14,99 €"}}]}},{"ASIN":"B0CC4LHQ93","DetailPageURL":"https://www.amazon.es/dp/B0CC4LHQ93?tag=topinalambricos-21&linkCode=osi&th=1&psc=1","Images":{"Primary":{"Small":{"Height":75,"URL":"https://m.media-amazon.com/images/I/41TUf4V4npL._SL75_.jpg","Width":75}}},"ItemInfo":{"ByLineInfo":{"Brand":{"DisplayValue":"Helweet","Label":"Brand","Locale":"es_ES"},"Manufacturer":{"DisplayValue":"Helweet","Label":"Manufacturer","Locale":"es_ES"}},"Title":{"DisplayValue":"Mochila Transparente con Cordón, Mochila de Deporte Transparente, Bolsa de Gimnasia Transparente con Cordón, Bolsa de Cincha Transparente, Bolsa De Deportiva Transparente, para Deportes, Camping","Label":"Title","Locale":"es_ES"}},"Offers":{"Summaries":[{"Condition":{"Value":"New"},"LowestPrice":{"Amount":7.99,"Currency":"EUR","DisplayAmount":"7,99 €"}}]}},{"ASIN":"B002R8L7ZU","DetailPageURL":"https://www.amazon.es/dp/B002R8L7ZU?tag=topinalambricos-21&linkCode=osi&th=1&psc=1","Images":{"Primary":{"Small":{"Height":75,"URL":"https://m.media-amazon.com/images/I/41df3Oeu5DL._SL75_.jpg","Width":75}}},"ItemInfo":{"ByLineInfo":{"Brand":{"DisplayValue":"Fulton","Label":"Brand","Locale":"es_ES"},"Manufacturer":{"DisplayValue":"Fulton","Label":"Manufacturer","Locale":"es_ES"}},"Title":{"DisplayValue":"Fulton Birdcage - Paraguas Transparente","Label":"Title","Locale":"es_ES"}},"Offers":{"Summaries":[{"Condition":{"Value":"New"},"LowestPrice":{"Amount":21.0,"Currency":"EUR","DisplayAmount":"21,00 €"}},{"Condition":{"Value":"Used"},"LowestPrice":{"Amount":19.89,"Currency":"EUR","DisplayAmount":"19,89 €"}}]}},{"ASIN":"B0CL58QBXY","DetailPageURL":"https://www.amazon.es/dp/B0CL58QBXY?tag=topinalambricos-21&linkCode=osi&th=1&psc=1","Images":{"Primary":{"Small":{"Height":75,"URL":"https://m.media-amazon.com/images/I/3144UG+Zt4L._SL75_.jpg","Width":47}}},"ItemInfo":{"ByLineInfo":{"Brand":{"DisplayValue":"Dozer","Label":"Brand","Locale":"es_ES"}},"Title":{"DisplayValue":"Dozer Chubasquero desechable, Pack de 3 Chubasqueros Transparentes con Capucha, Poncho Impermeable para Festivales, Conciertos y Actividades al Aire Libre","Label":"Title","Locale":"es_ES"}},"Offers":{"Summaries":[{"Condition":{"Value":"New"},"LowestPrice":{"Amount":9.9,"Currency":"EUR","DisplayAmount":"9,90 €"}}]}},{"ASIN":"B0BG32VPWW","DetailPageURL":"https://www.amazon.es/dp/B0BG32VPWW?tag=topinalambricos-21&linkCode=osi&th=1&psc=1","Images":{"Primary":{"Small":{"Height":75,"URL":"https://m.media-amazon.com/images/I/41ltWc4PPjL._SL75_.jpg","Width":75}}},"ItemInfo":{"ByLineInfo":{"Brand":{"DisplayValue":"Acan","Label":"Brand","Locale":"es_ES"},"Manufacturer":{"DisplayValue":"Tradineur","Label":"Manufacturer","Locale":"es_ES"}},"Title":{"DisplayValue":"Acan Tradineur - Paraguas largo transparente - Mango acristalado - Fabricación en PVC - 8 Varillas - Evita los días lluviosos con elegancia - Color Aleatorio","Label":"Title","Locale":"es_ES"}},"Offers":{"Summaries":[{"Condition":{"Value":"New"},"LowestPrice":{"Amount":13.99,"Currency":"EUR","DisplayAmount":"13,99 €"}}]}},{"ASIN":"B0BX428YB2","DetailPageURL":"https://www.amazon.es/dp/B0BX428YB2?tag=topinalambricos-21&linkCode=osi&th=1&psc=1","Images":{"Primary":{"Small":{"Height":75,"URL":"https://m.media-amazon.com/images/I/41J+zgmgQ2L._SL75_.jpg","Width":75}}},"ItemInfo":{"ByLineInfo":{"Brand":{"DisplayValue":"Hengxinchen","Label":"Brand","Locale":"es_ES"},"Manufacturer":{"DisplayValue":"hengxinc","Label":"Manufacturer","Locale":"es_ES"}},"Title":{"DisplayValue":"Hengxinc 12 Bolsas de líquidos para Equipaje de Mano, Bolsa de Aseo Transparente, 20 x 20 cm, hermética, Bolsa de avión, líquidos, aerolínea, Reutilizable, Bolsa de cosméticos de Viaje","Label":"Title","Locale":"es_ES"}},"Offers":{"Summaries":[{"Condition":{"Value":"New"},"LowestPrice":{"Amount":7.29,"Currency":"EUR","DisplayAmount":"7,29 €"}}]}},{"ASIN":"B0B8NTBBK2","DetailPageURL":"https://www.amazon.es/dp/B0B8NTBBK2?tag=topinalambricos-21&linkCode=osi&th=1&psc=1","Images":{"Primary":{"Small":{"Height":75,"URL":"https://m.media-amazon.com/images/I/21NYf5Te0NL._SL75_.jpg","Width":58}}},"ItemInfo":{"ByLineInfo":{"Brand":{"DisplayValue":"HAWKERS","Label":"Brand","Locale":"es_ES"},"Manufacturer":{"DisplayValue":"SALDUM | PLAY HAWKERS GROUP","Label":"Manufacturer","Locale":"es_ES"}},"Title":{"DisplayValue":"HAWKERS Gafas de sol ONE para Hombre","Label":"Title","Locale":"es_ES"}},"Offers":{"Summaries":[{"Condition":{"Value":"New"},"LowestPrice":{"Amount":19.99,"Currency":"EUR","DisplayAmount":"19,99 €"}}]}}],"SearchURL":"https://www.amazon.es/s?k=transparente&rh=p_n_availability%3A-1&tag=topinalambricos-21&linkCode=osi","TotalResultCount":306}},"11":{"SearchResult":{"Items":[{"ASIN":"B00CJ7HPBE","DetailPageURL":"https://www.amazon.es/dp/B00CJ7HPBE?tag=topinalambricos-21&linkCode=osi&th=1&psc=1","Images":{"Primary":{"Small":{"Height":75,"URL":"https://m.media-amazon.com/images/I/314Qj5Dj4AL._SL75_.jpg","Width":25}}},"ItemInfo":{"ByLineInfo":{"Brand":{"DisplayValue":"Cléopâtre","Label":"Brand","Locale":"es_ES"},"Manufacturer":{"DisplayValue":"Cleopatre","Label":"Manufacturer","Locale":"es_ES"}},"Title":{"DisplayValue":"Cléopatre - Pegamento Transparente Fuerte L'Adhésive - Pegamento en Gel Ideal para Papel y Cartulina, Tareas Escolares a partir de 6 Años - Formato Recarga - 500g","Label":"Title","Locale":"es_ES"}},"Offers":{"Summaries":[{"Condition":{"Value":"New"},"LowestPrice":{"Amount":3.95,"Currency":"EUR","DisplayAmount":"3,95 € (7,90 € / kg)","PricePerUnit":7.9}}]}},{"ASIN":"B0BTYFMJGD","DetailPageURL":"https://www.amazon.es/dp/B0BTYFMJGD?tag=topinalambricos-21&linkCode=osi&th=1&psc=1","Images":{"Primary":{"Small":{"Height":75,"URL":"https://m.media-amazon.com/images/I/41or0ngfiVL._SL75_.jpg","Width":75}}},"ItemInfo":{"ByLineInfo":{"Brand":{"DisplayValue":"Oderra","Label":"Brand","Locale":"es_ES"},"Manufacturer":{"DisplayValue":"Neceser Transparente Viaje avion","Label":"Manufacturer","Locale":"es_ES"}},"Title":{"DisplayValue":"Oderra 2 Piezas Bolsa Transparente Avion, Neceser Transparente Viaje Avion, PVC Impermeable Bolsa Avion para Llevar Líquidos, para Mujeres y Hombres","Label":"Title","Locale":"es_ES"}},"Offers":{"Summaries":[{"Condition":{"Value":"New"},"LowestPrice":{"Amount":8.69,"Currency":"EUR","DisplayAmount":"8,69 € (4,34 € / count)","PricePerUnit":4.34}}]}},{"ASIN":"B09S43SRWH","DetailPageURL":"https://www.amazon.es/dp/B09S43SRWH?tag=topinalambricos-21&linkCode=osi&th=1&psc=1","Images":{"Primary":{"Small":{"Height":75,"URL":"https://m.media-amazon.com/images/I/21VlqWvdezL._SL75_.jpg","Width":75}}},"ItemInfo":{"ByLineInfo":{"Brand":{"DisplayValue":"Amazon Basics","Label":"Brand","Locale":"es_ES"},"Manufacturer":{"DisplayValue":"Amazon","Label":"Manufacturer","Locale":"es_ES"}},"Title":{"DisplayValue":"Amazon Basics Octogonal Paraguas cúpula Transparente, 87,6 cm","Label":"Title","Locale":"es_ES"}},"Offers":{"Summaries":[{"Condition":{"Value":"Used"},"LowestPrice":{"Amount":19.0,"Currency":"EUR","DisplayAmount":"19,00 €"}},{"Condition":{"Value":"New"},"LowestPrice":{"Amount":21.35,"Currency":"EUR","DisplayAmount":"21,35 €"}}]}},{"ASIN":"B0BXLGTN4M","DetailPageURL":"https://www.amazon.es/dp/B0BXLGTN4M?tag=topinalambricos-21&linkCode=osi&th=1&psc=1","Images":{"Primary":{"Small":{"Height":75,"URL":"https://m.media-amazon.com/images/I/41sNkwAbRuL._SL75_.jpg","Width":75}}},"ItemInfo":{"ByLineInfo":{"Brand":{"DisplayValue":"Runmeihe","Label":"Brand","Locale":"es_ES"}},"Title":{"DisplayValue":"Runmeihe 8 Pack Chubasquero Transparente Adulto, Desechable Poncho Impermeable para Hombre Mujer, Ligeroscon Poncho Luvia con Capuchas y Botones para Viajes Surf Senderismo Eventos","Label":"Title","Locale":"es_ES"}},"Offers":{"Summaries":[{"Condition":{"Value":"New"},"LowestPrice":{"Amount":14.99,"Currency":"EUR","DisplayAmount":"14,99 €"}}]}},{"ASIN":"B0CC4LHQ93","DetailPageURL":"https://www.amazon.es/dp/B0CC4LHQ93?tag=topinalambricos-21&linkCode=osi&th=1&psc=1","Images":{"Primary":{"Small":{"Height":75,"URL":"https://m.media-amazon.com/images/I/41TUf4V4npL._SL75_.jpg","Width":75}}},"ItemInfo":{"ByLineInfo":{"Brand":{"DisplayValue":"Helweet","Label":"Brand","Locale":"es_ES"},"Manufacturer":{"DisplayValue":"Helweet","Label":"Manufacturer","Locale":"es_ES"}},"Title":{"DisplayValue":"Mochila Transparente con Cordón, Mochila de Deporte Transparente, Bolsa de Gimnasia Transparente con Cordón, Bolsa de Cincha Transparente, Bolsa De Deportiva Transparente, para Deportes, Camping","Label":"Title","Locale":"es_ES"}},"Offers":{"Summaries":[{"Condition":{"Value":"New"},"LowestPrice":{"Amount":7.99,"Currency":"EUR","DisplayAmount":"7,99 €"}}]}},{"ASIN":"B002R8L7ZU","DetailPageURL":"https://www.amazon.es/dp/B002R8L7ZU?tag=topinalambricos-21&linkCode=osi&th=1&psc=1","Images":{"Primary":{"Small":{"Height":75,"URL":"https://m.media-amazon.com/images/I/41df3Oeu5DL._SL75_.jpg","Width":75}}},"ItemInfo":{"ByLineInfo":{"Brand":{"DisplayValue":"Fulton","Label":"Brand","Locale":"es_ES"},"Manufacturer":{"DisplayValue":"Fulton","Label":"Manufacturer","Locale":"es_ES"}},"Title":{"DisplayValue":"Fulton Birdcage - Paraguas Transparente","Label":"Title","Locale":"es_ES"}},"Offers":{"Summaries":[{"Condition":{"Value":"New"},"LowestPrice":{"Amount":21.0,"Currency":"EUR","DisplayAmount":"21,00 €"}},{"Condition":{"Value":"Used"},"LowestPrice":{"Amount":19.89,"Currency":"EUR","DisplayAmount":"19,89 €"}}]}},{"ASIN":"B0CL58QBXY","DetailPageURL":"https://www.amazon.es/dp/B0CL58QBXY?tag=topinalambricos-21&linkCode=osi&th=1&psc=1","Images":{"Primary":{"Small":{"Height":75,"URL":"https://m.media-amazon.com/images/I/3144UG+Zt4L._SL75_.jpg","Width":47}}},"ItemInfo":{"ByLineInfo":{"Brand":{"DisplayValue":"Dozer","Label":"Brand","Locale":"es_ES"}},"Title":{"DisplayValue":"Dozer Chubasquero desechable, Pack de 3 Chubasqueros Transparentes con Capucha, Poncho Impermeable para Festivales, Conciertos y Actividades al Aire Libre","Label":"Title","Locale":"es_ES"}},"Offers":{"Summaries":[{"Condition":{"Value":"New"},"LowestPrice":{"Amount":9.9,"Currency":"EUR","DisplayAmount":"9,90 €"}}]}},{"ASIN":"B0BG32VPWW","DetailPageURL":"https://www.amazon.es/dp/B0BG32VPWW?tag=topinalambricos-21&linkCode=osi&th=1&psc=1","Images":{"Primary":{"Small":{"Height":75,"URL":"https://m.media-amazon.com/images/I/41ltWc4PPjL._SL75_.jpg","Width":75}}},"ItemInfo":{"ByLineInfo":{"Brand":{"DisplayValue":"Acan","Label":"Brand","Locale":"es_ES"},"Manufacturer":{"DisplayValue":"Tradineur","Label":"Manufacturer","Locale":"es_ES"}},"Title":{"DisplayValue":"Acan Tradineur - Paraguas largo transparente - Mango acristalado - Fabricación en PVC - 8 Varillas - Evita los días lluviosos con elegancia - Color Aleatorio","Label":"Title","Locale":"es_ES"}},"Offers":{"Summaries":[{"Condition":{"Value":"New"},"LowestPrice":{"Amount":13.99,"Currency":"EUR","DisplayAmount":"13,99 €"}}]}},{"ASIN":"B0BX428YB2","DetailPageURL":"https://www.amazon.es/dp/B0BX428YB2?tag=topinalambricos-21&linkCode=osi&th=1&psc=1","Images":{"Primary":{"Small":{"Height":75,"URL":"https://m.media-amazon.com/images/I/41J+zgmgQ2L._SL75_.jpg","Width":75}}},"ItemInfo":{"ByLineInfo":{"Brand":{"DisplayValue":"Hengxinchen","Label":"Brand","Locale":"es_ES"},"Manufacturer":{"DisplayValue":"hengxinc","Label":"Manufacturer","Locale":"es_ES"}},"Title":{"DisplayValue":"Hengxinc 12 Bolsas de líquidos para Equipaje de Mano, Bolsa de Aseo Transparente, 20 x 20 cm, hermética, Bolsa de avión, líquidos, aerolínea, Reutilizable, Bolsa de cosméticos de Viaje","Label":"Title","Locale":"es_ES"}},"Offers":{"Summaries":[{"Condition":{"Value":"New"},"LowestPrice":{"Amount":7.29,"Currency":"EUR","DisplayAmount":"7,29 €"}}]}},{"ASIN":"B0B8NTBBK2","DetailPageURL":"https://www.amazon.es/dp/B0B8NTBBK2?tag=topinalambricos-21&linkCode=osi&th=1&psc=1","Images":{"Primary":{"Small":{"Height":75,"URL":"https://m.media-amazon.com/images/I/21NYf5Te0NL._SL75_.jpg","Width":58}}},"ItemInfo":{"ByLineInfo":{"Brand":{"DisplayValue":"HAWKERS","Label":"Brand","Locale":"es_ES"},"Manufacturer":{"DisplayValue":"SALDUM | PLAY HAWKERS GROUP","Label":"Manufacturer","Locale":"es_ES"}},"Title":{"DisplayValue":"HAWKERS Gafas de sol ONE para Hombre","Label":"Title","Locale":"es_ES"}},"Offers":{"Summaries":[{"Condition":{"Value":"New"},"LowestPrice":{"Amount":19.99,"Currency":"EUR","DisplayAmount":"19,99 €"}}]}}],"SearchURL":"https://www.amazon.es/s?k=transparente&rh=p_n_availability%3A-1&tag=topinalambricos-21&linkCode=osi","TotalResultCount":306}},"12":{"SearchResult":{"Items":[{"ASIN":"B00CJ7HPBE","DetailPageURL":"https://www.amazon.es/dp/B00CJ7HPBE?tag=topinalambricos-21&linkCode=osi&th=1&psc=1","Images":{"Primary":{"Small":{"Height":75,"URL":"https://m.media-amazon.com/images/I/314Qj5Dj4AL._SL75_.jpg","Width":25}}},"ItemInfo":{"ByLineInfo":{"Brand":{"DisplayValue":"Cléopâtre","Label":"Brand","Locale":"es_ES"},"Manufacturer":{"DisplayValue":"Cleopatre","Label":"Manufacturer","Locale":"es_ES"}},"Title":{"DisplayValue":"Cléopatre - Pegamento Transparente Fuerte L'Adhésive - Pegamento en Gel Ideal para Papel y Cartulina, Tareas Escolares a partir de 6 Años - Formato Recarga - 500g","Label":"Title","Locale":"es_ES"}},"Offers":{"Summaries":[{"Condition":{"Value":"New"},"LowestPrice":{"Amount":3.95,"Currency":"EUR","DisplayAmount":"3,95 € (7,90 € / kg)","PricePerUnit":7.9}}]}},{"ASIN":"B0BTYFMJGD","DetailPageURL":"https://www.amazon.es/dp/B0BTYFMJGD?tag=topinalambricos-21&linkCode=osi&th=1&psc=1","Images":{"Primary":{"Small":{"Height":75,"URL":"https://m.media-amazon.com/images/I/41or0ngfiVL._SL75_.jpg","Width":75}}},"ItemInfo":{"ByLineInfo":{"Brand":{"DisplayValue":"Oderra","Label":"Brand","Locale":"es_ES"},"Manufacturer":{"DisplayValue":"Neceser Transparente Viaje avion","Label":"Manufacturer","Locale":"es_ES"}},"Title":{"DisplayValue":"Oderra 2 Piezas Bolsa Transparente Avion, Neceser Transparente Viaje Avion, PVC Impermeable Bolsa Avion para Llevar Líquidos, para Mujeres y Hombres","Label":"Title","Locale":"es_ES"}},"Offers":{"Summaries":[{"Condition":{"Value":"New"},"LowestPrice":{"Amount":8.69,"Currency":"EUR","DisplayAmount":"8,69 € (4,34 € / count)","PricePerUnit":4.34}}]}},{"ASIN":"B09S43SRWH","DetailPageURL":"https://www.amazon.es/dp/B09S43SRWH?tag=topinalambricos-21&linkCode=osi&th=1&psc=1","Images":{"Primary":{"Small":{"Height":75,"URL":"https://m.media-amazon.com/images/I/21VlqWvdezL._SL75_.jpg","Width":75}}},"ItemInfo":{"ByLineInfo":{"Brand":{"DisplayValue":"Amazon Basics","Label":"Brand","Locale":"es_ES"},"Manufacturer":{"DisplayValue":"Amazon","Label":"Manufacturer","Locale":"es_ES"}},"Title":{"DisplayValue":"Amazon Basics Octogonal Paraguas cúpula Transparente, 87,6 cm","Label":"Title","Locale":"es_ES"}},"Offers":{"Summaries":[{"Condition":{"Value":"Used"},"LowestPrice":{"Amount":19.0,"Currency":"EUR","DisplayAmount":"19,00 €"}},{"Condition":{"Value":"New"},"LowestPrice":{"Amount":21.35,"Currency":"EUR","DisplayAmount":"21,35 €"}}]}},{"ASIN":"B0BXLGTN4M","DetailPageURL":"https://www.amazon.es/dp/B0BXLGTN4M?tag=topinalambricos-21&linkCode=osi&th=1&psc=1","Images":{"Primary":{"Small":{"Height":75,"URL":"https://m.media-amazon.com/images/I/41sNkwAbRuL._SL75_.jpg","Width":75}}},"ItemInfo":{"ByLineInfo":{"Brand":{"DisplayValue":"Runmeihe","Label":"Brand","Locale":"es_ES"}},"Title":{"DisplayValue":"Runmeihe 8 Pack Chubasquero Transparente Adulto, Desechable Poncho Impermeable para Hombre Mujer, Ligeroscon Poncho Luvia con Capuchas y Botones para Viajes Surf Senderismo Eventos","Label":"Title","Locale":"es_ES"}},"Offers":{"Summaries":[{"Condition":{"Value":"New"},"LowestPrice":{"Amount":14.99,"Currency":"EUR","DisplayAmount":"14,99 €"}}]}},{"ASIN":"B0CC4LHQ93","DetailPageURL":"https://www.amazon.es/dp/B0CC4LHQ93?tag=topinalambricos-21&linkCode=osi&th=1&psc=1","Images":{"Primary":{"Small":{"Height":75,"URL":"https://m.media-amazon.com/images/I/41TUf4V4npL._SL75_.jpg","Width":75}}},"ItemInfo":{"ByLineInfo":{"Brand":{"DisplayValue":"Helweet","Label":"Brand","Locale":"es_ES"},"Manufacturer":{"DisplayValue":"Helweet","Label":"Manufacturer","Locale":"es_ES"}},"Title":{"DisplayValue":"Mochila Transparente con Cordón, Mochila de Deporte Transparente, Bolsa de Gimnasia Transparente con Cordón, Bolsa de Cincha Transparente, Bolsa De Deportiva Transparente, para Deportes, Camping","Label":"Title","Locale":"es_ES"}},"Offers":{"Summaries":[{"Condition":{"Value":"New"},"LowestPrice":{"Amount":7.99,"Currency":"EUR","DisplayAmount":"7,99 €"}}]}},{"ASIN":"B002R8L7ZU","DetailPageURL":"https://www.amazon.es/dp/B002R8L7ZU?tag=topinalambricos-21&linkCode=osi&th=1&psc=1","Images":{"Primary":{"Small":{"Height":75,"URL":"https://m.media-amazon.com/images/I/41df3Oeu5DL._SL75_.jpg","Width":75}}},"ItemInfo":{"ByLineInfo":{"Brand":{"DisplayValue":"Fulton","Label":"Brand","Locale":"es_ES"},"Manufacturer":{"DisplayValue":"Fulton","Label":"Manufacturer","Locale":"es_ES"}},"Title":{"DisplayValue":"Fulton Birdcage - Paraguas Transparente","Label":"Title","Locale":"es_ES"}},"Offers":{"Summaries":[{"Condition":{"Value":"New"},"LowestPrice":{"Amount":21.0,"Currency":"EUR","DisplayAmount":"21,00 €"}},{"Condition":{"Value":"Used"},"LowestPrice":{"Amount":19.89,"Currency":"EUR","DisplayAmount":"19,89 €"}}]}},{"ASIN":"B0CL58QBXY","DetailPageURL":"https://www.amazon.es/dp/B0CL58QBXY?tag=topinalambricos-21&linkCode=osi&th=1&psc=1","Images":{"Primary":{"Small":{"Height":75,"URL":"https://m.media-amazon.com/images/I/3144UG+Zt4L._SL75_.jpg","Width":47}}},"ItemInfo":{"ByLineInfo":{"Brand":{"DisplayValue":"Dozer","Label":"Brand","Locale":"es_ES"}},"Title":{"DisplayValue":"Dozer Chubasquero desechable, Pack de 3 Chubasqueros Transparentes con Capucha, Poncho Impermeable para Festivales, Conciertos y Actividades al Aire Libre","Label":"Title","Locale":"es_ES"}},"Offers":{"Summaries":[{"Condition":{"Value":"New"},"LowestPrice":{"Amount":9.9,"Currency":"EUR","DisplayAmount":"9,90 €"}}]}},{"ASIN":"B0BG32VPWW","DetailPageURL":"https://www.amazon.es/dp/B0BG32VPWW?tag=topinalambricos-21&linkCode=osi&th=1&psc=1","Images":{"Primary":{"Small":{"Height":75,"URL":"https://m.media-amazon.com/images/I/41ltWc4PPjL._SL75_.jpg","Width":75}}},"ItemInfo":{"ByLineInfo":{"Brand":{"DisplayValue":"Acan","Label":"Brand","Locale":"es_ES"},"Manufacturer":{"DisplayValue":"Tradineur","Label":"Manufacturer","Locale":"es_ES"}},"Title":{"DisplayValue":"Acan Tradineur - Paraguas largo transparente - Mango acristalado - Fabricación en PVC - 8 Varillas - Evita los días lluviosos con elegancia - Color Aleatorio","Label":"Title","Locale":"es_ES"}},"Offers":{"Summaries":[{"Condition":{"Value":"New"},"LowestPrice":{"Amount":13.99,"Currency":"EUR","DisplayAmount":"13,99 €"}}]}},{"ASIN":"B0BX428YB2","DetailPageURL":"https://www.amazon.es/dp/B0BX428YB2?tag=topinalambricos-21&linkCode=osi&th=1&psc=1","Images":{"Primary":{"Small":{"Height":75,"URL":"https://m.media-amazon.com/images/I/41J+zgmgQ2L._SL75_.jpg","Width":75}}},"ItemInfo":{"ByLineInfo":{"Brand":{"DisplayValue":"Hengxinchen","Label":"Brand","Locale":"es_ES"},"Manufacturer":{"DisplayValue":"hengxinc","Label":"Manufacturer","Locale":"es_ES"}},"Title":{"DisplayValue":"Hengxinc 12 Bolsas de líquidos para Equipaje de Mano, Bolsa de Aseo Transparente, 20 x 20 cm, hermética, Bolsa de avión, líquidos, aerolínea, Reutilizable, Bolsa de cosméticos de Viaje","Label":"Title","Locale":"es_ES"}},"Offers":{"Summaries":[{"Condition":{"Value":"New"},"LowestPrice":{"Amount":7.29,"Currency":"EUR","DisplayAmount":"7,29 €"}}]}},{"ASIN":"B0B8NTBBK2","DetailPageURL":"https://www.amazon.es/dp/B0B8NTBBK2?tag=topinalambricos-21&linkCode=osi&th=1&psc=1","Images":{"Primary":{"Small":{"Height":75,"URL":"https://m.media-amazon.com/images/I/21NYf5Te0NL._SL75_.jpg","Width":58}}},"ItemInfo":{"ByLineInfo":{"Brand":{"DisplayValue":"HAWKERS","Label":"Brand","Locale":"es_ES"},"Manufacturer":{"DisplayValue":"SALDUM | PLAY HAWKERS GROUP","Label":"Manufacturer","Locale":"es_ES"}},"Title":{"DisplayValue":"HAWKERS Gafas de sol ONE para Hombre","Label":"Title","Locale":"es_ES"}},"Offers":{"Summaries":[{"Condition":{"Value":"New"},"LowestPrice":{"Amount":19.99,"Currency":"EUR","DisplayAmount":"19,99 €"}}]}}],"SearchURL":"https://www.amazon.es/s?k=transparente&rh=p_n_availability%3A-1&tag=topinalambricos-21&linkCode=osi","TotalResultCount":306}},"13":{"SearchResult":{"Items":[{"ASIN":"B00CJ7HPBE","DetailPageURL":"https://www.amazon.es/dp/B00CJ7HPBE?tag=topinalambricos-21&linkCode=osi&th=1&psc=1","Images":{"Primary":{"Small":{"Height":75,"URL":"https://m.media-amazon.com/images/I/314Qj5Dj4AL._SL75_.jpg","Width":25}}},"ItemInfo":{"ByLineInfo":{"Brand":{"DisplayValue":"Cléopâtre","Label":"Brand","Locale":"es_ES"},"Manufacturer":{"DisplayValue":"Cleopatre","Label":"Manufacturer","Locale":"es_ES"}},"Title":{"DisplayValue":"Cléopatre - Pegamento Transparente Fuerte L'Adhésive - Pegamento en Gel Ideal para Papel y Cartulina, Tareas Escolares a partir de 6 Años - Formato Recarga - 500g","Label":"Title","Locale":"es_ES"}},"Offers":{"Summaries":[{"Condition":{"Value":"New"},"LowestPrice":{"Amount":3.95,"Currency":"EUR","DisplayAmount":"3,95 € (7,90 € / kg)","PricePerUnit":7.9}}]}},{"ASIN":"B0BTYFMJGD","DetailPageURL":"https://www.amazon.es/dp/B0BTYFMJGD?tag=topinalambricos-21&linkCode=osi&th=1&psc=1","Images":{"Primary":{"Small":{"Height":75,"URL":"https://m.media-amazon.com/images/I/41or0ngfiVL._SL75_.jpg","Width":75}}},"ItemInfo":{"ByLineInfo":{"Brand":{"DisplayValue":"Oderra","Label":"Brand","Locale":"es_ES"},"Manufacturer":{"DisplayValue":"Neceser Transparente Viaje avion","Label":"Manufacturer","Locale":"es_ES"}},"Title":{"DisplayValue":"Oderra 2 Piezas Bolsa Transparente Avion, Neceser Transparente Viaje Avion, PVC Impermeable Bolsa Avion para Llevar Líquidos, para Mujeres y Hombres","Label":"Title","Locale":"es_ES"}},"Offers":{"Summaries":[{"Condition":{"Value":"New"},"LowestPrice":{"Amount":8.69,"Currency":"EUR","DisplayAmount":"8,69 € (4,34 € / count)","PricePerUnit":4.34}}]}},{"ASIN":"B09S43SRWH","DetailPageURL":"https://www.amazon.es/dp/B09S43SRWH?tag=topinalambricos-21&linkCode=osi&th=1&psc=1","Images":{"Primary":{"Small":{"Height":75,"URL":"https://m.media-amazon.com/images/I/21VlqWvdezL._SL75_.jpg","Width":75}}},"ItemInfo":{"ByLineInfo":{"Brand":{"DisplayValue":"Amazon Basics","Label":"Brand","Locale":"es_ES"},"Manufacturer":{"DisplayValue":"Amazon","Label":"Manufacturer","Locale":"es_ES"}},"Title":{"DisplayValue":"Amazon Basics Octogonal Paraguas cúpula Transparente, 87,6 cm","Label":"Title","Locale":"es_ES"}},"Offers":{"Summaries":[{"Condition":{"Value":"Used"},"LowestPrice":{"Amount":19.0,"Currency":"EUR","DisplayAmount":"19,00 €"}},{"Condition":{"Value":"New"},"LowestPrice":{"Amount":21.35,"Currency":"EUR","DisplayAmount":"21,35 €"}}]}},{"ASIN":"B0BXLGTN4M","DetailPageURL":"https://www.amazon.es/dp/B0BXLGTN4M?tag=topinalambricos-21&linkCode=osi&th=1&psc=1","Images":{"Primary":{"Small":{"Height":75,"URL":"https://m.media-amazon.com/images/I/41sNkwAbRuL._SL75_.jpg","Width":75}}},"ItemInfo":{"ByLineInfo":{"Brand":{"DisplayValue":"Runmeihe","Label":"Brand","Locale":"es_ES"}},"Title":{"DisplayValue":"Runmeihe 8 Pack Chubasquero Transparente Adulto, Desechable Poncho Impermeable para Hombre Mujer, Ligeroscon Poncho Luvia con Capuchas y Botones para Viajes Surf Senderismo Eventos","Label":"Title","Locale":"es_ES"}},"Offers":{"Summaries":[{"Condition":{"Value":"New"},"LowestPrice":{"Amount":14.99,"Currency":"EUR","DisplayAmount":"14,99 €"}}]}},{"ASIN":"B0CC4LHQ93","DetailPageURL":"https://www.amazon.es/dp/B0CC4LHQ93?tag=topinalambricos-21&linkCode=osi&th=1&psc=1","Images":{"Primary":{"Small":{"Height":75,"URL":"https://m.media-amazon.com/images/I/41TUf4V4npL._SL75_.jpg","Width":75}}},"ItemInfo":{"ByLineInfo":{"Brand":{"DisplayValue":"Helweet","Label":"Brand","Locale":"es_ES"},"Manufacturer":{"DisplayValue":"Helweet","Label":"Manufacturer","Locale":"es_ES"}},"Title":{"DisplayValue":"Mochila Transparente con Cordón, Mochila de Deporte Transparente, Bolsa de Gimnasia Transparente con Cordón, Bolsa de Cincha Transparente, Bolsa De Deportiva Transparente, para Deportes, Camping","Label":"Title","Locale":"es_ES"}},"Offers":{"Summaries":[{"Condition":{"Value":"New"},"LowestPrice":{"Amount":7.99,"Currency":"EUR","DisplayAmount":"7,99 €"}}]}},{"ASIN":"B002R8L7ZU","DetailPageURL":"https://www.amazon.es/dp/B002R8L7ZU?tag=topinalambricos-21&linkCode=osi&th=1&psc=1","Images":{"Primary":{"Small":{"Height":75,"URL":"https://m.media-amazon.com/images/I/41df3Oeu5DL._SL75_.jpg","Width":75}}},"ItemInfo":{"ByLineInfo":{"Brand":{"DisplayValue":"Fulton","Label":"Brand","Locale":"es_ES"},"Manufacturer":{"DisplayValue":"Fulton","Label":"Manufacturer","Locale":"es_ES"}},"Title":{"DisplayValue":"Fulton Birdcage - Paraguas Transparente","Label":"Title","Locale":"es_ES"}},"Offers":{"Summaries":[{"Condition":{"Value":"New"},"LowestPrice":{"Amount":21.0,"Currency":"EUR","DisplayAmount":"21,00 €"}},{"Condition":{"Value":"Used"},"LowestPrice":{"Amount":19.89,"Currency":"EUR","DisplayAmount":"19,89 €"}}]}},{"ASIN":"B0CL58QBXY","DetailPageURL":"https://www.amazon.es/dp/B0CL58QBXY?tag=topinalambricos-21&linkCode=osi&th=1&psc=1","Images":{"Primary":{"Small":{"Height":75,"URL":"https://m.media-amazon.com/images/I/3144UG+Zt4L._SL75_.jpg","Width":47}}},"ItemInfo":{"ByLineInfo":{"Brand":{"DisplayValue":"Dozer","Label":"Brand","Locale":"es_ES"}},"Title":{"DisplayValue":"Dozer Chubasquero desechable, Pack de 3 Chubasqueros Transparentes con Capucha, Poncho Impermeable para Festivales, Conciertos y Actividades al Aire Libre","Label":"Title","Locale":"es_ES"}},"Offers":{"Summaries":[{"Condition":{"Value":"New"},"LowestPrice":{"Amount":9.9,"Currency":"EUR","DisplayAmount":"9,90 €"}}]}},{"ASIN":"B0BG32VPWW","DetailPageURL":"https://www.amazon.es/dp/B0BG32VPWW?tag=topinalambricos-21&linkCode=osi&th=1&psc=1","Images":{"Primary":{"Small":{"Height":75,"URL":"https://m.media-amazon.com/images/I/41ltWc4PPjL._SL75_.jpg","Width":75}}},"ItemInfo":{"ByLineInfo":{"Brand":{"DisplayValue":"Acan","Label":"Brand","Locale":"es_ES"},"Manufacturer":{"DisplayValue":"Tradineur","Label":"Manufacturer","Locale":"es_ES"}},"Title":{"DisplayValue":"Acan Tradineur - Paraguas largo transparente - Mango acristalado - Fabricación en PVC - 8 Varillas - Evita los días lluviosos con elegancia - Color Aleatorio","Label":"Title","Locale":"es_ES"}},"Offers":{"Summaries":[{"Condition":{"Value":"New"},"LowestPrice":{"Amount":13.99,"Currency":"EUR","DisplayAmount":"13,99 €"}}]}},{"ASIN":"B0BX428YB2","DetailPageURL":"https://www.amazon.es/dp/B0BX428YB2?tag=topinalambricos-21&linkCode=osi&th=1&psc=1","Images":{"Primary":{"Small":{"Height":75,"URL":"https://m.media-amazon.com/images/I/41J+zgmgQ2L._SL75_.jpg","Width":75}}},"ItemInfo":{"ByLineInfo":{"Brand":{"DisplayValue":"Hengxinchen","Label":"Brand","Locale":"es_ES"},"Manufacturer":{"DisplayValue":"hengxinc","Label":"Manufacturer","Locale":"es_ES"}},"Title":{"DisplayValue":"Hengxinc 12 Bolsas de líquidos para Equipaje de Mano, Bolsa de Aseo Transparente, 20 x 20 cm, hermética, Bolsa de avión, líquidos, aerolínea, Reutilizable, Bolsa de cosméticos de Viaje","Label":"Title","Locale":"es_ES"}},"Offers":{"Summaries":[{"Condition":{"Value":"New"},"LowestPrice":{"Amount":7.29,"Currency":"EUR","DisplayAmount":"7,29 €"}}]}},{"ASIN":"B0B8NTBBK2","DetailPageURL":"https://www.amazon.es/dp/B0B8NTBBK2?tag=topinalambricos-21&linkCode=osi&th=1&psc=1","Images":{"Primary":{"Small":{"Height":75,"URL":"https://m.media-amazon.com/images/I/21NYf5Te0NL._SL75_.jpg","Width":58}}},"ItemInfo":{"ByLineInfo":{"Brand":{"DisplayValue":"HAWKERS","Label":"Brand","Locale":"es_ES"},"Manufacturer":{"DisplayValue":"SALDUM | PLAY HAWKERS GROUP","Label":"Manufacturer","Locale":"es_ES"}},"Title":{"DisplayValue":"HAWKERS Gafas de sol ONE para Hombre","Label":"Title","Locale":"es_ES"}},"Offers":{"Summaries":[{"Condition":{"Value":"New"},"LowestPrice":{"Amount":19.99,"Currency":"EUR","DisplayAmount":"19,99 €"}}]}}],"SearchURL":"https://www.amazon.es/s?k=transparente&rh=p_n_availability%3A-1&tag=topinalambricos-21&linkCode=osi","TotalResultCount":306}},"14":{"SearchResult":{"Items":[{"ASIN":"B00CJ7HPBE","DetailPageURL":"https://www.amazon.es/dp/B00CJ7HPBE?tag=topinalambricos-21&linkCode=osi&th=1&psc=1","Images":{"Primary":{"Small":{"Height":75,"URL":"https://m.media-amazon.com/images/I/314Qj5Dj4AL._SL75_.jpg","Width":25}}},"ItemInfo":{"ByLineInfo":{"Brand":{"DisplayValue":"Cléopâtre","Label":"Brand","Locale":"es_ES"},"Manufacturer":{"DisplayValue":"Cleopatre","Label":"Manufacturer","Locale":"es_ES"}},"Title":{"DisplayValue":"Cléopatre - Pegamento Transparente Fuerte L'Adhésive - Pegamento en Gel Ideal para Papel y Cartulina, Tareas Escolares a partir de 6 Años - Formato Recarga - 500g","Label":"Title","Locale":"es_ES"}},"Offers":{"Summaries":[{"Condition":{"Value":"New"},"LowestPrice":{"Amount":3.95,"Currency":"EUR","DisplayAmount":"3,95 € (7,90 € / kg)","PricePerUnit":7.9}}]}},{"ASIN":"B0BTYFMJGD","DetailPageURL":"https://www.amazon.es/dp/B0BTYFMJGD?tag=topinalambricos-21&linkCode=osi&th=1&psc=1","Images":{"Primary":{"Small":{"Height":75,"URL":"https://m.media-amazon.com/images/I/41or0ngfiVL._SL75_.jpg","Width":75}}},"ItemInfo":{"ByLineInfo":{"Brand":{"DisplayValue":"Oderra","Label":"Brand","Locale":"es_ES"},"Manufacturer":{"DisplayValue":"Neceser Transparente Viaje avion","Label":"Manufacturer","Locale":"es_ES"}},"Title":{"DisplayValue":"Oderra 2 Piezas Bolsa Transparente Avion, Neceser Transparente Viaje Avion, PVC Impermeable Bolsa Avion para Llevar Líquidos, para Mujeres y Hombres","Label":"Title","Locale":"es_ES"}},"Offers":{"Summaries":[{"Condition":{"Value":"New"},"LowestPrice":{"Amount":8.69,"Currency":"EUR","DisplayAmount":"8,69 € (4,34 € / count)","PricePerUnit":4.34}}]}},{"ASIN":"B09S43SRWH","DetailPageURL":"https://www.amazon.es/dp/B09S43SRWH?tag=topinalambricos-21&linkCode=osi&th=1&psc=1","Images":{"Primary":{"Small":{"Height":75,"URL":"https://m.media-amazon.com/images/I/21VlqWvdezL._SL75_.jpg","Width":75}}},"ItemInfo":{"ByLineInfo":{"Brand":{"DisplayValue":"Amazon Basics","Label":"Brand","Locale":"es_ES"},"Manufacturer":{"DisplayValue":"Amazon","Label":"Manufacturer","Locale":"es_ES"}},"Title":{"DisplayValue":"Amazon Basics Octogonal Paraguas cúpula Transparente, 87,6 cm","Label":"Title","Locale":"es_ES"}},"Offers":{"Summaries":[{"Condition":{"Value":"Used"},"LowestPrice":{"Amount":19.0,"Currency":"EUR","DisplayAmount":"19,00 €"}},{"Condition":{"Value":"New"},"LowestPrice":{"Amount":21.35,"Currency":"EUR","DisplayAmount":"21,35 €"}}]}},{"ASIN":"B0BXLGTN4M","DetailPageURL":"https://www.amazon.es/dp/B0BXLGTN4M?tag=topinalambricos-21&linkCode=osi&th=1&psc=1","Images":{"Primary":{"Small":{"Height":75,"URL":"https://m.media-amazon.com/images/I/41sNkwAbRuL._SL75_.jpg","Width":75}}},"ItemInfo":{"ByLineInfo":{"Brand":{"DisplayValue":"Runmeihe","Label":"Brand","Locale":"es_ES"}},"Title":{"DisplayValue":"Runmeihe 8 Pack Chubasquero Transparente Adulto, Desechable Poncho Impermeable para Hombre Mujer, Ligeroscon Poncho Luvia con Capuchas y Botones para Viajes Surf Senderismo Eventos","Label":"Title","Locale":"es_ES"}},"Offers":{"Summaries":[{"Condition":{"Value":"New"},"LowestPrice":{"Amount":14.99,"Currency":"EUR","DisplayAmount":"14,99 €"}}]}},{"ASIN":"B0CC4LHQ93","DetailPageURL":"https://www.amazon.es/dp/B0CC4LHQ93?tag=topinalambricos-21&linkCode=osi&th=1&psc=1","Images":{"Primary":{"Small":{"Height":75,"URL":"https://m.media-amazon.com/images/I/41TUf4V4npL._SL75_.jpg","Width":75}}},"ItemInfo":{"ByLineInfo":{"Brand":{"DisplayValue":"Helweet","Label":"Brand","Locale":"es_ES"},"Manufacturer":{"DisplayValue":"Helweet","Label":"Manufacturer","Locale":"es_ES"}},"Title":{"DisplayValue":"Mochila Transparente con Cordón, Mochila de Deporte Transparente, Bolsa de Gimnasia Transparente con Cordón, Bolsa de Cincha Transparente, Bolsa De Deportiva Transparente, para Deportes, Camping","Label":"Title","Locale":"es_ES"}},"Offers":{"Summaries":[{"Condition":{"Value":"New"},"LowestPrice":{"Amount":7.99,"Currency":"EUR","DisplayAmount":"7,99 €"}}]}},{"ASIN":"B002R8L7ZU","DetailPageURL":"https://www.amazon.es/dp/B002R8L7ZU?tag=topinalambricos-21&linkCode=osi&th=1&psc=1","Images":{"Primary":{"Small":{"Height":75,"URL":"https://m.media-amazon.com/images/I/41df3Oeu5DL._SL75_.jpg","Width":75}}},"ItemInfo":{"ByLineInfo":{"Brand":{"DisplayValue":"Fulton","Label":"Brand","Locale":"es_ES"},"Manufacturer":{"DisplayValue":"Fulton","Label":"Manufacturer","Locale":"es_ES"}},"Title":{"DisplayValue":"Fulton Birdcage - Paraguas Transparente","Label":"Title","Locale":"es_ES"}},"Offers":{"Summaries":[{"Condition":{"Value":"New"},"LowestPrice":{"Amount":21.0,"Currency":"EUR","DisplayAmount":"21,00 €"}},{"Condition":{"Value":"Used"},"LowestPrice":{"Amount":19.89,"Currency":"EUR","DisplayAmount":"19,89 €"}}]}},{"ASIN":"B0CL58QBXY","DetailPageURL":"https://www.amazon.es/dp/B0CL58QBXY?tag=topinalambricos-21&linkCode=osi&th=1&psc=1","Images":{"Primary":{"Small":{"Height":75,"URL":"https://m.media-amazon.com/images/I/3144UG+Zt4L._SL75_.jpg","Width":47}}},"ItemInfo":{"ByLineInfo":{"Brand":{"DisplayValue":"Dozer","Label":"Brand","Locale":"es_ES"}},"Title":{"DisplayValue":"Dozer Chubasquero desechable, Pack de 3 Chubasqueros Transparentes con Capucha, Poncho Impermeable para Festivales, Conciertos y Actividades al Aire Libre","Label":"Title","Locale":"es_ES"}},"Offers":{"Summaries":[{"Condition":{"Value":"New"},"LowestPrice":{"Amount":9.9,"Currency":"EUR","DisplayAmount":"9,90 €"}}]}},{"ASIN":"B0BG32VPWW","DetailPageURL":"https://www.amazon.es/dp/B0BG32VPWW?tag=topinalambricos-21&linkCode=osi&th=1&psc=1","Images":{"Primary":{"Small":{"Height":75,"URL":"https://m.media-amazon.com/images/I/41ltWc4PPjL._SL75_.jpg","Width":75}}},"ItemInfo":{"ByLineInfo":{"Brand":{"DisplayValue":"Acan","Label":"Brand","Locale":"es_ES"},"Manufacturer":{"DisplayValue":"Tradineur","Label":"Manufacturer","Locale":"es_ES"}},"Title":{"DisplayValue":"Acan Tradineur - Paraguas largo transparente - Mango acristalado - Fabricación en PVC - 8 Varillas - Evita los días lluviosos con elegancia - Color Aleatorio","Label":"Title","Locale":"es_ES"}},"Offers":{"Summaries":[{"Condition":{"Value":"New"},"LowestPrice":{"Amount":13.99,"Currency":"EUR","DisplayAmount":"13,99 €"}}]}},{"ASIN":"B0BX428YB2","DetailPageURL":"https://www.amazon.es/dp/B0BX428YB2?tag=topinalambricos-21&linkCode=osi&th=1&psc=1","Images":{"Primary":{"Small":{"Height":75,"URL":"https://m.media-amazon.com/images/I/41J+zgmgQ2L._SL75_.jpg","Width":75}}},"ItemInfo":{"ByLineInfo":{"Brand":{"DisplayValue":"Hengxinchen","Label":"Brand","Locale":"es_ES"},"Manufacturer":{"DisplayValue":"hengxinc","Label":"Manufacturer","Locale":"es_ES"}},"Title":{"DisplayValue":"Hengxinc 12 Bolsas de líquidos para Equipaje de Mano, Bolsa de Aseo Transparente, 20 x 20 cm, hermética, Bolsa de avión, líquidos, aerolínea, Reutilizable, Bolsa de cosméticos de Viaje","Label":"Title","Locale":"es_ES"}},"Offers":{"Summaries":[{"Condition":{"Value":"New"},"LowestPrice":{"Amount":7.29,"Currency":"EUR","DisplayAmount":"7,29 €"}}]}},{"ASIN":"B0B8NTBBK2","DetailPageURL":"https://www.amazon.es/dp/B0B8NTBBK2?tag=topinalambricos-21&linkCode=osi&th=1&psc=1","Images":{"Primary":{"Small":{"Height":75,"URL":"https://m.media-amazon.com/images/I/21NYf5Te0NL._SL75_.jpg","Width":58}}},"ItemInfo":{"ByLineInfo":{"Brand":{"DisplayValue":"HAWKERS","Label":"Brand","Locale":"es_ES"},"Manufacturer":{"DisplayValue":"SALDUM | PLAY HAWKERS GROUP","Label":"Manufacturer","Locale":"es_ES"}},"Title":{"DisplayValue":"HAWKERS Gafas de sol ONE para Hombre","Label":"Title","Locale":"es_ES"}},"Offers":{"Summaries":[{"Condition":{"Value":"New"},"LowestPrice":{"Amount":19.99,"Currency":"EUR","DisplayAmount":"19,99 €"}}]}}],"SearchURL":"https://www.amazon.es/s?k=transparente&rh=p_n_availability%3A-1&tag=topinalambricos-21&linkCode=osi","TotalResultCount":306}},"15":{"SearchResult":{"Items":[{"ASIN":"B00CJ7HPBE","DetailPageURL":"https://www.amazon.es/dp/B00CJ7HPBE?tag=topinalambricos-21&linkCode=osi&th=1&psc=1","Images":{"Primary":{"Small":{"Height":75,"URL":"https://m.media-amazon.com/images/I/314Qj5Dj4AL._SL75_.jpg","Width":25}}},"ItemInfo":{"ByLineInfo":{"Brand":{"DisplayValue":"Cléopâtre","Label":"Brand","Locale":"es_ES"},"Manufacturer":{"DisplayValue":"Cleopatre","Label":"Manufacturer","Locale":"es_ES"}},"Title":{"DisplayValue":"Cléopatre - Pegamento Transparente Fuerte L'Adhésive - Pegamento en Gel Ideal para Papel y Cartulina, Tareas Escolares a partir de 6 Años - Formato Recarga - 500g","Label":"Title","Locale":"es_ES"}},"Offers":{"Summaries":[{"Condition":{"Value":"New"},"LowestPrice":{"Amount":3.95,"Currency":"EUR","DisplayAmount":"3,95 € (7,90 € / kg)","PricePerUnit":7.9}}]}},{"ASIN":"B0BTYFMJGD","DetailPageURL":"https://www.amazon.es/dp/B0BTYFMJGD?tag=topinalambricos-21&linkCode=osi&th=1&psc=1","Images":{"Primary":{"Small":{"Height":75,"URL":"https://m.media-amazon.com/images/I/41or0ngfiVL._SL75_.jpg","Width":75}}},"ItemInfo":{"ByLineInfo":{"Brand":{"DisplayValue":"Oderra","Label":"Brand","Locale":"es_ES"},"Manufacturer":{"DisplayValue":"Neceser Transparente Viaje avion","Label":"Manufacturer","Locale":"es_ES"}},"Title":{"DisplayValue":"Oderra 2 Piezas Bolsa Transparente Avion, Neceser Transparente Viaje Avion, PVC Impermeable Bolsa Avion para Llevar Líquidos, para Mujeres y Hombres","Label":"Title","Locale":"es_ES"}},"Offers":{"Summaries":[{"Condition":{"Value":"New"},"LowestPrice":{"Amount":8.69,"Currency":"EUR","DisplayAmount":"8,69 € (4,34 € / count)","PricePerUnit":4.34}}]}},{"ASIN":"B09S43SRWH","DetailPageURL":"https://www.amazon.es/dp/B09S43SRWH?tag=topinalambricos-21&linkCode=osi&th=1&psc=1","Images":{"Primary":{"Small":{"Height":75,"URL":"https://m.media-amazon.com/images/I/21VlqWvdezL._SL75_.jpg","Width":75}}},"ItemInfo":{"ByLineInfo":{"Brand":{"DisplayValue":"Amazon Basics","Label":"Brand","Locale":"es_ES"},"Manufacturer":{"DisplayValue":"Amazon","Label":"Manufacturer","Locale":"es_ES"}},"Title":{"DisplayValue":"Amazon Basics Octogonal Paraguas cúpula Transparente, 87,6 cm","Label":"Title","Locale":"es_ES"}},"Offers":{"Summaries":[{"Condition":{"Value":"Used"},"LowestPrice":{"Amount":19.0,"Currency":"EUR","DisplayAmount":"19,00 €"}},{"Condition":{"Value":"New"},"LowestPrice":{"Amount":21.35,"Currency":"EUR","DisplayAmount":"21,35 €"}}]}},{"ASIN":"B0BXLGTN4M","DetailPageURL":"https://www.amazon.es/dp/B0BXLGTN4M?tag=topinalambricos-21&linkCode=osi&th=1&psc=1","Images":{"Primary":{"Small":{"Height":75,"URL":"https://m.media-amazon.com/images/I/41sNkwAbRuL._SL75_.jpg","Width":75}}},"ItemInfo":{"ByLineInfo":{"Brand":{"DisplayValue":"Runmeihe","Label":"Brand","Locale":"es_ES"}},"Title":{"DisplayValue":"Runmeihe 8 Pack Chubasquero Transparente Adulto, Desechable Poncho Impermeable para Hombre Mujer, Ligeroscon Poncho Luvia con Capuchas y Botones para Viajes Surf Senderismo Eventos","Label":"Title","Locale":"es_ES"}},"Offers":{"Summaries":[{"Condition":{"Value":"New"},"LowestPrice":{"Amount":14.99,"Currency":"EUR","DisplayAmount":"14,99 €"}}]}},{"ASIN":"B0CC4LHQ93","DetailPageURL":"https://www.amazon.es/dp/B0CC4LHQ93?tag=topinalambricos-21&linkCode=osi&th=1&psc=1","Images":{"Primary":{"Small":{"Height":75,"URL":"https://m.media-amazon.com/images/I/41TUf4V4npL._SL75_.jpg","Width":75}}},"ItemInfo":{"ByLineInfo":{"Brand":{"DisplayValue":"Helweet","Label":"Brand","Locale":"es_ES"},"Manufacturer":{"DisplayValue":"Helweet","Label":"Manufacturer","Locale":"es_ES"}},"Title":{"DisplayValue":"Mochila Transparente con Cordón, Mochila de Deporte Transparente, Bolsa de Gimnasia Transparente con Cordón, Bolsa de Cincha Transparente, Bolsa De Deportiva Transparente, para Deportes, Camping","Label":"Title","Locale":"es_ES"}},"Offers":{"Summaries":[{"Condition":{"Value":"New"},"LowestPrice":{"Amount":7.99,"Currency":"EUR","DisplayAmount":"7,99 €"}}]}},{"ASIN":"B002R8L7ZU","DetailPageURL":"https://www.amazon.es/dp/B002R8L7ZU?tag=topinalambricos-21&linkCode=osi&th=1&psc=1","Images":{"Primary":{"Small":{"Height":75,"URL":"https://m.media-amazon.com/images/I/41df3Oeu5DL._SL75_.jpg","Width":75}}},"ItemInfo":{"ByLineInfo":{"Brand":{"DisplayValue":"Fulton","Label":"Brand","Locale":"es_ES"},"Manufacturer":{"DisplayValue":"Fulton","Label":"Manufacturer","Locale":"es_ES"}},"Title":{"DisplayValue":"Fulton Birdcage - Paraguas Transparente","Label":"Title","Locale":"es_ES"}},"Offers":{"Summaries":[{"Condition":{"Value":"New"},"LowestPrice":{"Amount":21.0,"Currency":"EUR","DisplayAmount":"21,00 €"}},{"Condition":{"Value":"Used"},"LowestPrice":{"Amount":19.89,"Currency":"EUR","DisplayAmount":"19,89 €"}}]}},{"ASIN":"B0CL58QBXY","DetailPageURL":"https://www.amazon.es/dp/B0CL58QBXY?tag=topinalambricos-21&linkCode=osi&th=1&psc=1","Images":{"Primary":{"Small":{"Height":75,"URL":"https://m.media-amazon.com/images/I/3144UG+Zt4L._SL75_.jpg","Width":47}}},"ItemInfo":{"ByLineInfo":{"Brand":{"DisplayValue":"Dozer","Label":"Brand","Locale":"es_ES"}},"Title":{"DisplayValue":"Dozer Chubasquero desechable, Pack de 3 Chubasqueros Transparentes con Capucha, Poncho Impermeable para Festivales, Conciertos y Actividades al Aire Libre","Label":"Title","Locale":"es_ES"}},"Offers":{"Summaries":[{"Condition":{"Value":"New"},"LowestPrice":{"Amount":9.9,"Currency":"EUR","DisplayAmount":"9,90 €"}}]}},{"ASIN":"B0BG32VPWW","DetailPageURL":"https://www.amazon.es/dp/B0BG32VPWW?tag=topinalambricos-21&linkCode=osi&th=1&psc=1","Images":{"Primary":{"Small":{"Height":75,"URL":"https://m.media-amazon.com/images/I/41ltWc4PPjL._SL75_.jpg","Width":75}}},"ItemInfo":{"ByLineInfo":{"Brand":{"DisplayValue":"Acan","Label":"Brand","Locale":"es_ES"},"Manufacturer":{"DisplayValue":"Tradineur","Label":"Manufacturer","Locale":"es_ES"}},"Title":{"DisplayValue":"Acan Tradineur - Paraguas largo transparente - Mango acristalado - Fabricación en PVC - 8 Varillas - Evita los días lluviosos con elegancia - Color Aleatorio","Label":"Title","Locale":"es_ES"}},"Offers":{"Summaries":[{"Condition":{"Value":"New"},"LowestPrice":{"Amount":13.99,"Currency":"EUR","DisplayAmount":"13,99 €"}}]}},{"ASIN":"B0BX428YB2","DetailPageURL":"https://www.amazon.es/dp/B0BX428YB2?tag=topinalambricos-21&linkCode=osi&th=1&psc=1","Images":{"Primary":{"Small":{"Height":75,"URL":"https://m.media-amazon.com/images/I/41J+zgmgQ2L._SL75_.jpg","Width":75}}},"ItemInfo":{"ByLineInfo":{"Brand":{"DisplayValue":"Hengxinchen","Label":"Brand","Locale":"es_ES"},"Manufacturer":{"DisplayValue":"hengxinc","Label":"Manufacturer","Locale":"es_ES"}},"Title":{"DisplayValue":"Hengxinc 12 Bolsas de líquidos para Equipaje de Mano, Bolsa de Aseo Transparente, 20 x 20 cm, hermética, Bolsa de avión, líquidos, aerolínea, Reutilizable, Bolsa de cosméticos de Viaje","Label":"Title","Locale":"es_ES"}},"Offers":{"Summaries":[{"Condition":{"Value":"New"},"LowestPrice":{"Amount":7.29,"Currency":"EUR","DisplayAmount":"7,29 €"}}]}},{"ASIN":"B0B8NTBBK2","DetailPageURL":"https://www.amazon.es/dp/B0B8NTBBK2?tag=topinalambricos-21&linkCode=osi&th=1&psc=1","Images":{"Primary":{"Small":{"Height":75,"URL":"https://m.media-amazon.com/images/I/21NYf5Te0NL._SL75_.jpg","Width":58}}},"ItemInfo":{"ByLineInfo":{"Brand":{"DisplayValue":"HAWKERS","Label":"Brand","Locale":"es_ES"},"Manufacturer":{"DisplayValue":"SALDUM | PLAY HAWKERS GROUP","Label":"Manufacturer","Locale":"es_ES"}},"Title":{"DisplayValue":"HAWKERS Gafas de sol ONE para Hombre","Label":"Title","Locale":"es_ES"}},"Offers":{"Summaries":[{"Condition":{"Value":"New"},"LowestPrice":{"Amount":19.99,"Currency":"EUR","DisplayAmount":"19,99 €"}}]}}],"SearchURL":"https://www.amazon.es/s?k=transparente&rh=p_n_availability%3A-1&tag=topinalambricos-21&linkCode=osi","TotalResultCount":306}},"16":{"SearchResult":{"Items":[{"ASIN":"B00CJ7HPBE","DetailPageURL":"https://www.amazon.es/dp/B00CJ7HPBE?tag=topinalambricos-21&linkCode=osi&th=1&psc=1","Images":{"Primary":{"Small":{"Height":75,"URL":"https://m.media-amazon.com/images/I/314Qj5Dj4AL._SL75_.jpg","Width":25}}},"ItemInfo":{"ByLineInfo":{"Brand":{"DisplayValue":"Cléopâtre","Label":"Brand","Locale":"es_ES"},"Manufacturer":{"DisplayValue":"Cleopatre","Label":"Manufacturer","Locale":"es_ES"}},"Title":{"DisplayValue":"Cléopatre - Pegamento Transparente Fuerte L'Adhésive - Pegamento en Gel Ideal para Papel y Cartulina, Tareas Escolares a partir de 6 Años - Formato Recarga - 500g","Label":"Title","Locale":"es_ES"}},"Offers":{"Summaries":[{"Condition":{"Value":"New"},"LowestPrice":{"Amount":3.95,"Currency":"EUR","DisplayAmount":"3,95 € (7,90 € / kg)","PricePerUnit":7.9}}]}},{"ASIN":"B0BTYFMJGD","DetailPageURL":"https://www.amazon.es/dp/B0BTYFMJGD?tag=topinalambricos-21&linkCode=osi&th=1&psc=1","Images":{"Primary":{"Small":{"Height":75,"URL":"https://m.media-amazon.com/images/I/41or0ngfiVL._SL75_.jpg","Width":75}}},"ItemInfo":{"ByLineInfo":{"Brand":{"DisplayValue":"Oderra","Label":"Brand","Locale":"es_ES"},"Manufacturer":{"DisplayValue":"Neceser Transparente Viaje avion","Label":"Manufacturer","Locale":"es_ES"}},"Title":{"DisplayValue":"Oderra 2 Piezas Bolsa Transparente Avion, Neceser Transparente Viaje Avion, PVC Impermeable Bolsa Avion para Llevar Líquidos, para Mujeres y Hombres","Label":"Title","Locale":"es_ES"}},"Offers":{"Summaries":[{"Condition":{"Value":"New"},"LowestPrice":{"Amount":8.69,"Currency":"EUR","DisplayAmount":"8,69 € (4,34 € / count)","PricePerUnit":4.34}}]}},{"ASIN":"B09S43SRWH","DetailPageURL":"https://www.amazon.es/dp/B09S43SRWH?tag=topinalambricos-21&linkCode=osi&th=1&psc=1","Images":{"Primary":{"Small":{"Height":75,"URL":"https://m.media-amazon.com/images/I/21VlqWvdezL._SL75_.jpg","Width":75}}},"ItemInfo":{"ByLineInfo":{"Brand":{"DisplayValue":"Amazon Basics","Label":"Brand","Locale":"es_ES"},"Manufacturer":{"DisplayValue":"Amazon","Label":"Manufacturer","Locale":"es_ES"}},"Title":{"DisplayValue":"Amazon Basics Octogonal Paraguas cúpula Transparente, 87,6 cm","Label":"Title","Locale":"es_ES"}},"Offers":{"Summaries":[{"Condition":{"Value":"Used"},"LowestPrice":{"Amount":19.0,"Currency":"EUR","DisplayAmount":"19,00 €"}},{"Condition":{"Value":"New"},"LowestPrice":{"Amount":21.35,"Currency":"EUR","DisplayAmount":"21,35 €"}}]}},{"ASIN":"B0BXLGTN4M","DetailPageURL":"https://www.amazon.es/dp/B0BXLGTN4M?tag=topinalambricos-21&linkCode=osi&th=1&psc=1","Images":{"Primary":{"Small":{"Height":75,"URL":"https://m.media-amazon.com/images/I/41sNkwAbRuL._SL75_.jpg","Width":75}}},"ItemInfo":{"ByLineInfo":{"Brand":{"DisplayValue":"Runmeihe","Label":"Brand","Locale":"es_ES"}},"Title":{"DisplayValue":"Runmeihe 8 Pack Chubasquero Transparente Adulto, Desechable Poncho Impermeable para Hombre Mujer, Ligeroscon Poncho Luvia con Capuchas y Botones para Viajes Surf Senderismo Eventos","Label":"Title","Locale":"es_ES"}},"Offers":{"Summaries":[{"Condition":{"Value":"New"},"LowestPrice":{"Amount":14.99,"Currency":"EUR","DisplayAmount":"14,99 €"}}]}},{"ASIN":"B0CC4LHQ93","DetailPageURL":"https://www.amazon.es/dp/B0CC4LHQ93?tag=topinalambricos-21&linkCode=osi&th=1&psc=1","Images":{"Primary":{"Small":{"Height":75,"URL":"https://m.media-amazon.com/images/I/41TUf4V4npL._SL75_.jpg","Width":75}}},"ItemInfo":{"ByLineInfo":{"Brand":{"DisplayValue":"Helweet","Label":"Brand","Locale":"es_ES"},"Manufacturer":{"DisplayValue":"Helweet","Label":"Manufacturer","Locale":"es_ES"}},"Title":{"DisplayValue":"Mochila Transparente con Cordón, Mochila de Deporte Transparente, Bolsa de Gimnasia Transparente con Cordón, Bolsa de Cincha Transparente, Bolsa De Deportiva Transparente, para Deportes, Camping","Label":"Title","Locale":"es_ES"}},"Offers":{"Summaries":[{"Condition":{"Value":"New"},"LowestPrice":{"Amount":7.99,"Currency":"EUR","DisplayAmount":"7,99 €"}}]}},{"ASIN":"B002R8L7ZU","DetailPageURL":"https://www.amazon.es/dp/B002R8L7ZU?tag=topinalambricos-21&linkCode=osi&th=1&psc=1","Images":{"Primary":{"Small":{"Height":75,"URL":"https://m.media-amazon.com/images/I/41df3Oeu5DL._SL75_.jpg","Width":75}}},"ItemInfo":{"ByLineInfo":{"Brand":{"DisplayValue":"Fulton","Label":"Brand","Locale":"es_ES"},"Manufacturer":{"DisplayValue":"Fulton","Label":"Manufacturer","Locale":"es_ES"}},"Title":{"DisplayValue":"Fulton Birdcage - Paraguas Transparente","Label":"Title","Locale":"es_ES"}},"Offers":{"Summaries":[{"Condition":{"Value":"New"},"LowestPrice":{"Amount":21.0,"Currency":"EUR","DisplayAmount":"21,00 €"}},{"Condition":{"Value":"Used"},"LowestPrice":{"Amount":19.89,"Currency":"EUR","DisplayAmount":"19,89 €"}}]}},{"ASIN":"B0CL58QBXY","DetailPageURL":"https://www.amazon.es/dp/B0CL58QBXY?tag=topinalambricos-21&linkCode=osi&th=1&psc=1","Images":{"Primary":{"Small":{"Height":75,"URL":"https://m.media-amazon.com/images/I/3144UG+Zt4L._SL75_.jpg","Width":47}}},"ItemInfo":{"ByLineInfo":{"Brand":{"DisplayValue":"Dozer","Label":"Brand","Locale":"es_ES"}},"Title":{"DisplayValue":"Dozer Chubasquero desechable, Pack de 3 Chubasqueros Transparentes con Capucha, Poncho Impermeable para Festivales, Conciertos y Actividades al Aire Libre","Label":"Title","Locale":"es_ES"}},"Offers":{"Summaries":[{"Condition":{"Value":"New"},"LowestPrice":{"Amount":9.9,"Currency":"EUR","DisplayAmount":"9,90 €"}}]}},{"ASIN":"B0BG32VPWW","DetailPageURL":"https://www.amazon.es/dp/B0BG32VPWW?tag=topinalambricos-21&linkCode=osi&th=1&psc=1","Images":{"Primary":{"Small":{"Height":75,"URL":"https://m.media-amazon.com/images/I/41ltWc4PPjL._SL75_.jpg","Width":75}}},"ItemInfo":{"ByLineInfo":{"Brand":{"DisplayValue":"Acan","Label":"Brand","Locale":"es_ES"},"Manufacturer":{"DisplayValue":"Tradineur","Label":"Manufacturer","Locale":"es_ES"}},"Title":{"DisplayValue":"Acan Tradineur - Paraguas largo transparente - Mango acristalado - Fabricación en PVC - 8 Varillas - Evita los días lluviosos con elegancia - Color Aleatorio","Label":"Title","Locale":"es_ES"}},"Offers":{"Summaries":[{"Condition":{"Value":"New"},"LowestPrice":{"Amount":13.99,"Currency":"EUR","DisplayAmount":"13,99 €"}}]}},{"ASIN":"B0BX428YB2","DetailPageURL":"https://www.amazon.es/dp/B0BX428YB2?tag=topinalambricos-21&linkCode=osi&th=1&psc=1","Images":{"Primary":{"Small":{"Height":75,"URL":"https://m.media-amazon.com/images/I/41J+zgmgQ2L._SL75_.jpg","Width":75}}},"ItemInfo":{"ByLineInfo":{"Brand":{"DisplayValue":"Hengxinchen","Label":"Brand","Locale":"es_ES"},"Manufacturer":{"DisplayValue":"hengxinc","Label":"Manufacturer","Locale":"es_ES"}},"Title":{"DisplayValue":"Hengxinc 12 Bolsas de líquidos para Equipaje de Mano, Bolsa de Aseo Transparente, 20 x 20 cm, hermética, Bolsa de avión, líquidos, aerolínea, Reutilizable, Bolsa de cosméticos de Viaje","Label":"Title","Locale":"es_ES"}},"Offers":{"Summaries":[{"Condition":{"Value":"New"},"LowestPrice":{"Amount":7.29,"Currency":"EUR","DisplayAmount":"7,29 €"}}]}},{"ASIN":"B0B8NTBBK2","DetailPageURL":"https://www.amazon.es/dp/B0B8NTBBK2?tag=topinalambricos-21&linkCode=osi&th=1&psc=1","Images":{"Primary":{"Small":{"Height":75,"URL":"https://m.media-amazon.com/images/I/21NYf5Te0NL._SL75_.jpg","Width":58}}},"ItemInfo":{"ByLineInfo":{"Brand":{"DisplayValue":"HAWKERS","Label":"Brand","Locale":"es_ES"},"Manufacturer":{"DisplayValue":"SALDUM | PLAY HAWKERS GROUP","Label":"Manufacturer","Locale":"es_ES"}},"Title":{"DisplayValue":"HAWKERS Gafas de sol ONE para Hombre","Label":"Title","Locale":"es_ES"}},"Offers":{"Summaries":[{"Condition":{"Value":"New"},"LowestPrice":{"Amount":19.99,"Currency":"EUR","DisplayAmount":"19,99 €"}}]}}],"SearchURL":"https://www.amazon.es/s?k=transparente&rh=p_n_availability%3A-1&tag=topinalambricos-21&linkCode=osi","TotalResultCount":306}},"17":{"SearchResult":{"Items":[{"ASIN":"B00CJ7HPBE","DetailPageURL":"https://www.amazon.es/dp/B00CJ7HPBE?tag=topinalambricos-21&linkCode=osi&th=1&psc=1","Images":{"Primary":{"Small":{"Height":75,"URL":"https://m.media-amazon.com/images/I/314Qj5Dj4AL._SL75_.jpg","Width":25}}},"ItemInfo":{"ByLineInfo":{"Brand":{"DisplayValue":"Cléopâtre","Label":"Brand","Locale":"es_ES"},"Manufacturer":{"DisplayValue":"Cleopatre","Label":"Manufacturer","Locale":"es_ES"}},"Title":{"DisplayValue":"Cléopatre - Pegamento Transparente Fuerte L'Adhésive - Pegamento en Gel Ideal para Papel y Cartulina, Tareas Escolares a partir de 6 Años - Formato Recarga - 500g","Label":"Title","Locale":"es_ES"}},"Offers":{"Summaries":[{"Condition":{"Value":"New"},"LowestPrice":{"Amount":3.95,"Currency":"EUR","DisplayAmount":"3,95 € (7,90 € / kg)","PricePerUnit":7.9}}]}},{"ASIN":"B0BTYFMJGD","DetailPageURL":"https://www.amazon.es/dp/B0BTYFMJGD?tag=topinalambricos-21&linkCode=osi&th=1&psc=1","Images":{"Primary":{"Small":{"Height":75,"URL":"https://m.media-amazon.com/images/I/41or0ngfiVL._SL75_.jpg","Width":75}}},"ItemInfo":{"ByLineInfo":{"Brand":{"DisplayValue":"Oderra","Label":"Brand","Locale":"es_ES"},"Manufacturer":{"DisplayValue":"Neceser Transparente Viaje avion","Label":"Manufacturer","Locale":"es_ES"}},"Title":{"DisplayValue":"Oderra 2 Piezas Bolsa Transparente Avion, Neceser Transparente Viaje Avion, PVC Impermeable Bolsa Avion para Llevar Líquidos, para Mujeres y Hombres","Label":"Title","Locale":"es_ES"}},"Offers":{"Summaries":[{"Condition":{"Value":"New"},"LowestPrice":{"Amount":8.69,"Currency":"EUR","DisplayAmount":"8,69 € (4,34 € / count)","PricePerUnit":4.34}}]}},{"ASIN":"B09S43SRWH","DetailPageURL":"https://www.amazon.es/dp/B09S43SRWH?tag=topinalambricos-21&linkCode=osi&th=1&psc=1","Images":{"Primary":{"Small":{"Height":75,"URL":"https://m.media-amazon.com/images/I/21VlqWvdezL._SL75_.jpg","Width":75}}},"ItemInfo":{"ByLineInfo":{"Brand":{"DisplayValue":"Amazon Basics","Label":"Brand","Locale":"es_ES"},"Manufacturer":{"DisplayValue":"Amazon","Label":"Manufacturer","Locale":"es_ES"}},"Title":{"DisplayValue":"Amazon Basics Octogonal Paraguas cúpula Transparente, 87,6 cm","Label":"Title","Locale":"es_ES"}},"Offers":{"Summaries":[{"Condition":{"Value":"Used"},"LowestPrice":{"Amount":19.0,"Currency":"EUR","DisplayAmount":"19,00 €"}},{"Condition":{"Value":"New"},"LowestPrice":{"Amount":21.35,"Currency":"EUR","DisplayAmount":"21,35 €"}}]}},{"ASIN":"B0BXLGTN4M","DetailPageURL":"https://www.amazon.es/dp/B0BXLGTN4M?tag=topinalambricos-21&linkCode=osi&th=1&psc=1","Images":{"Primary":{"Small":{"Height":75,"URL":"https://m.media-amazon.com/images/I/41sNkwAbRuL._SL75_.jpg","Width":75}}},"ItemInfo":{"ByLineInfo":{"Brand":{"DisplayValue":"Runmeihe","Label":"Brand","Locale":"es_ES"}},"Title":{"DisplayValue":"Runmeihe 8 Pack Chubasquero Transparente Adulto, Desechable Poncho Impermeable para Hombre Mujer, Ligeroscon Poncho Luvia con Capuchas y Botones para Viajes Surf Senderismo Eventos","Label":"Title","Locale":"es_ES"}},"Offers":{"Summaries":[{"Condition":{"Value":"New"},"LowestPrice":{"Amount":14.99,"Currency":"EUR","DisplayAmount":"14,99 €"}}]}},{"ASIN":"B0CC4LHQ93","DetailPageURL":"https://www.amazon.es/dp/B0CC4LHQ93?tag=topinalambricos-21&linkCode=osi&th=1&psc=1","Images":{"Primary":{"Small":{"Height":75,"URL":"https://m.media-amazon.com/images/I/41TUf4V4npL._SL75_.jpg","Width":75}}},"ItemInfo":{"ByLineInfo":{"Brand":{"DisplayValue":"Helweet","Label":"Brand","Locale":"es_ES"},"Manufacturer":{"DisplayValue":"Helweet","Label":"Manufacturer","Locale":"es_ES"}},"Title":{"DisplayValue":"Mochila Transparente con Cordón, Mochila de Deporte Transparente, Bolsa de Gimnasia Transparente con Cordón, Bolsa de Cincha Transparente, Bolsa De Deportiva Transparente, para Deportes, Camping","Label":"Title","Locale":"es_ES"}},"Offers":{"Summaries":[{"Condition":{"Value":"New"},"LowestPrice":{"Amount":7.99,"Currency":"EUR","DisplayAmount":"7,99 €"}}]}},{"ASIN":"B002R8L7ZU","DetailPageURL":"https://www.amazon.es/dp/B002R8L7ZU?tag=topinalambricos-21&linkCode=osi&th=1&psc=1","Images":{"Primary":{"Small":{"Height":75,"URL":"https://m.media-amazon.com/images/I/41df3Oeu5DL._SL75_.jpg","Width":75}}},"ItemInfo":{"ByLineInfo":{"Brand":{"DisplayValue":"Fulton","Label":"Brand","Locale":"es_ES"},"Manufacturer":{"DisplayValue":"Fulton","Label":"Manufacturer","Locale":"es_ES"}},"Title":{"DisplayValue":"Fulton Birdcage - Paraguas Transparente","Label":"Title","Locale":"es_ES"}},"Offers":{"Summaries":[{"Condition":{"Value":"New"},"LowestPrice":{"Amount":21.0,"Currency":"EUR","DisplayAmount":"21,00 €"}},{"Condition":{"Value":"Used"},"LowestPrice":{"Amount":19.89,"Currency":"EUR","DisplayAmount":"19,89 €"}}]}},{"ASIN":"B0CL58QBXY","DetailPageURL":"https://www.amazon.es/dp/B0CL58QBXY?tag=topinalambricos-21&linkCode=osi&th=1&psc=1","Images":{"Primary":{"Small":{"Height":75,"URL":"https://m.media-amazon.com/images/I/3144UG+Zt4L._SL75_.jpg","Width":47}}},"ItemInfo":{"ByLineInfo":{"Brand":{"DisplayValue":"Dozer","Label":"Brand","Locale":"es_ES"}},"Title":{"DisplayValue":"Dozer Chubasquero desechable, Pack de 3 Chubasqueros Transparentes con Capucha, Poncho Impermeable para Festivales, Conciertos y Actividades al Aire Libre","Label":"Title","Locale":"es_ES"}},"Offers":{"Summaries":[{"Condition":{"Value":"New"},"LowestPrice":{"Amount":9.9,"Currency":"EUR","DisplayAmount":"9,90 €"}}]}},{"ASIN":"B0BG32VPWW","DetailPageURL":"https://www.amazon.es/dp/B0BG32VPWW?tag=topinalambricos-21&linkCode=osi&th=1&psc=1","Images":{"Primary":{"Small":{"Height":75,"URL":"https://m.media-amazon.com/images/I/41ltWc4PPjL._SL75_.jpg","Width":75}}},"ItemInfo":{"ByLineInfo":{"Brand":{"DisplayValue":"Acan","Label":"Brand","Locale":"es_ES"},"Manufacturer":{"DisplayValue":"Tradineur","Label":"Manufacturer","Locale":"es_ES"}},"Title":{"DisplayValue":"Acan Tradineur - Paraguas largo transparente - Mango acristalado - Fabricación en PVC - 8 Varillas - Evita los días lluviosos con elegancia - Color Aleatorio","Label":"Title","Locale":"es_ES"}},"Offers":{"Summaries":[{"Condition":{"Value":"New"},"LowestPrice":{"Amount":13.99,"Currency":"EUR","DisplayAmount":"13,99 €"}}]}},{"ASIN":"B0BX428YB2","DetailPageURL":"https://www.amazon.es/dp/B0BX428YB2?tag=topinalambricos-21&linkCode=osi&th=1&psc=1","Images":{"Primary":{"Small":{"Height":75,"URL":"https://m.media-amazon.com/images/I/41J+zgmgQ2L._SL75_.jpg","Width":75}}},"ItemInfo":{"ByLineInfo":{"Brand":{"DisplayValue":"Hengxinchen","Label":"Brand","Locale":"es_ES"},"Manufacturer":{"DisplayValue":"hengxinc","Label":"Manufacturer","Locale":"es_ES"}},"Title":{"DisplayValue":"Hengxinc 12 Bolsas de líquidos para Equipaje de Mano, Bolsa de Aseo Transparente, 20 x 20 cm, hermética, Bolsa de avión, líquidos, aerolínea, Reutilizable, Bolsa de cosméticos de Viaje","Label":"Title","Locale":"es_ES"}},"Offers":{"Summaries":[{"Condition":{"Value":"New"},"LowestPrice":{"Amount":7.29,"Currency":"EUR","DisplayAmount":"7,29 €"}}]}},{"ASIN":"B0B8NTBBK2","DetailPageURL":"https://www.amazon.es/dp/B0B8NTBBK2?tag=topinalambricos-21&linkCode=osi&th=1&psc=1","Images":{"Primary":{"Small":{"Height":75,"URL":"https://m.media-amazon.com/images/I/21NYf5Te0NL._SL75_.jpg","Width":58}}},"ItemInfo":{"ByLineInfo":{"Brand":{"DisplayValue":"HAWKERS","Label":"Brand","Locale":"es_ES"},"Manufacturer":{"DisplayValue":"SALDUM | PLAY HAWKERS GROUP","Label":"Manufacturer","Locale":"es_ES"}},"Title":{"DisplayValue":"HAWKERS Gafas de sol ONE para Hombre","Label":"Title","Locale":"es_ES"}},"Offers":{"Summaries":[{"Condition":{"Value":"New"},"LowestPrice":{"Amount":19.99,"Currency":"EUR","DisplayAmount":"19,99 €"}}]}}],"SearchURL":"https://www.amazon.es/s?k=transparente&rh=p_n_availability%3A-1&tag=topinalambricos-21&linkCode=osi","TotalResultCount":306}},"18":{"SearchResult":{"Items":[{"ASIN":"B00CJ7HPBE","DetailPageURL":"https://www.amazon.es/dp/B00CJ7HPBE?tag=topinalambricos-21&linkCode=osi&th=1&psc=1","Images":{"Primary":{"Small":{"Height":75,"URL":"https://m.media-amazon.com/images/I/314Qj5Dj4AL._SL75_.jpg","Width":25}}},"ItemInfo":{"ByLineInfo":{"Brand":{"DisplayValue":"Cléopâtre","Label":"Brand","Locale":"es_ES"},"Manufacturer":{"DisplayValue":"Cleopatre","Label":"Manufacturer","Locale":"es_ES"}},"Title":{"DisplayValue":"Cléopatre - Pegamento Transparente Fuerte L'Adhésive - Pegamento en Gel Ideal para Papel y Cartulina, Tareas Escolares a partir de 6 Años - Formato Recarga - 500g","Label":"Title","Locale":"es_ES"}},"Offers":{"Summaries":[{"Condition":{"Value":"New"},"LowestPrice":{"Amount":3.95,"Currency":"EUR","DisplayAmount":"3,95 € (7,90 € / kg)","PricePerUnit":7.9}}]}},{"ASIN":"B0BTYFMJGD","DetailPageURL":"https://www.amazon.es/dp/B0BTYFMJGD?tag=topinalambricos-21&linkCode=osi&th=1&psc=1","Images":{"Primary":{"Small":{"Height":75,"URL":"https://m.media-amazon.com/images/I/41or0ngfiVL._SL75_.jpg","Width":75}}},"ItemInfo":{"ByLineInfo":{"Brand":{"DisplayValue":"Oderra","Label":"Brand","Locale":"es_ES"},"Manufacturer":{"DisplayValue":"Neceser Transparente Viaje avion","Label":"Manufacturer","Locale":"es_ES"}},"Title":{"DisplayValue":"Oderra 2 Piezas Bolsa Transparente Avion, Neceser Transparente Viaje Avion, PVC Impermeable Bolsa Avion para Llevar Líquidos, para Mujeres y Hombres","Label":"Title","Locale":"es_ES"}},"Offers":{"Summaries":[{"Condition":{"Value":"New"},"LowestPrice":{"Amount":8.69,"Currency":"EUR","DisplayAmount":"8,69 € (4,34 € / count)","PricePerUnit":4.34}}]}},{"ASIN":"B09S43SRWH","DetailPageURL":"https://www.amazon.es/dp/B09S43SRWH?tag=topinalambricos-21&linkCode=osi&th=1&psc=1","Images":{"Primary":{"Small":{"Height":75,"URL":"https://m.media-amazon.com/images/I/21VlqWvdezL._SL75_.jpg","Width":75}}},"ItemInfo":{"ByLineInfo":{"Brand":{"DisplayValue":"Amazon Basics","Label":"Brand","Locale":"es_ES"},"Manufacturer":{"DisplayValue":"Amazon","Label":"Manufacturer","Locale":"es_ES"}},"Title":{"DisplayValue":"Amazon Basics Octogonal Paraguas cúpula Transparente, 87,6 cm","Label":"Title","Locale":"es_ES"}},"Offers":{"Summaries":[{"Condition":{"Value":"Used"},"LowestPrice":{"Amount":19.0,"Currency":"EUR","DisplayAmount":"19,00 €"}},{"Condition":{"Value":"New"},"LowestPrice":{"Amount":21.35,"Currency":"EUR","DisplayAmount":"21,35 €"}}]}},{"ASIN":"B0BXLGTN4M","DetailPageURL":"https://www.amazon.es/dp/B0BXLGTN4M?tag=topinalambricos-21&linkCode=osi&th=1&psc=1","Images":{"Primary":{"Small":{"Height":75,"URL":"https://m.media-amazon.com/images/I/41sNkwAbRuL._SL75_.jpg","Width":75}}},"ItemInfo":{"ByLineInfo":{"Brand":{"DisplayValue":"Runmeihe","Label":"Brand","Locale":"es_ES"}},"Title":{"DisplayValue":"Runmeihe 8 Pack Chubasquero Transparente Adulto, Desechable Poncho Impermeable para Hombre Mujer, Ligeroscon Poncho Luvia con Capuchas y Botones para Viajes Surf Senderismo Eventos","Label":"Title","Locale":"es_ES"}},"Offers":{"Summaries":[{"Condition":{"Value":"New"},"LowestPrice":{"Amount":14.99,"Currency":"EUR","DisplayAmount":"14,99 €"}}]}},{"ASIN":"B0CC4LHQ93","DetailPageURL":"https://www.amazon.es/dp/B0CC4LHQ93?tag=topinalambricos-21&linkCode=osi&th=1&psc=1","Images":{"Primary":{"Small":{"Height":75,"URL":"https://m.media-amazon.com/images/I/41TUf4V4npL._SL75_.jpg","Width":75}}},"ItemInfo":{"ByLineInfo":{"Brand":{"DisplayValue":"Helweet","Label":"Brand","Locale":"es_ES"},"Manufacturer":{"DisplayValue":"Helweet","Label":"Manufacturer","Locale":"es_ES"}},"Title":{"DisplayValue":"Mochila Transparente con Cordón, Mochila de Deporte Transparente, Bolsa de Gimnasia Transparente con Cordón, Bolsa de Cincha Transparente, Bolsa De Deportiva Transparente, para Deportes, Camping","Label":"Title","Locale":"es_ES"}},"Offers":{"Summaries":[{"Condition":{"Value":"New"},"LowestPrice":{"Amount":7.99,"Currency":"EUR","DisplayAmount":"7,99 €"}}]}},{"ASIN":"B002R8L7ZU","DetailPageURL":"https://www.amazon.es/dp/B002R8L7ZU?tag=topinalambricos-21&linkCode=osi&th=1&psc=1","Images":{"Primary":{"Small":{"Height":75,"URL":"https://m.media-amazon.com/images/I/41df3Oeu5DL._SL75_.jpg","Width":75}}},"ItemInfo":{"ByLineInfo":{"Brand":{"DisplayValue":"Fulton","Label":"Brand","Locale":"es_ES"},"Manufacturer":{"DisplayValue":"Fulton","Label":"Manufacturer","Locale":"es_ES"}},"Title":{"DisplayValue":"Fulton Birdcage - Paraguas Transparente","Label":"Title","Locale":"es_ES"}},"Offers":{"Summaries":[{"Condition":{"Value":"New"},"LowestPrice":{"Amount":21.0,"Currency":"EUR","DisplayAmount":"21,00 €"}},{"Condition":{"Value":"Used"},"LowestPrice":{"Amount":19.89,"Currency":"EUR","DisplayAmount":"19,89 €"}}]}},{"ASIN":"B0CL58QBXY","DetailPageURL":"https://www.amazon.es/dp/B0CL58QBXY?tag=topinalambricos-21&linkCode=osi&th=1&psc=1","Images":{"Primary":{"Small":{"Height":75,"URL":"https://m.media-amazon.com/images/I/3144UG+Zt4L._SL75_.jpg","Width":47}}},"ItemInfo":{"ByLineInfo":{"Brand":{"DisplayValue":"Dozer","Label":"Brand","Locale":"es_ES"}},"Title":{"DisplayValue":"Dozer Chubasquero desechable, Pack de 3 Chubasqueros Transparentes con Capucha, Poncho Impermeable para Festivales, Conciertos y Actividades al Aire Libre","Label":"Title","Locale":"es_ES"}},"Offers":{"Summaries":[{"Condition":{"Value":"New"},"LowestPrice":{"Amount":9.9,"Currency":"EUR","DisplayAmount":"9,90 €"}}]}},{"ASIN":"B0BG32VPWW","DetailPageURL":"https://www.amazon.es/dp/B0BG32VPWW?tag=topinalambricos-21&linkCode=osi&th=1&psc=1","Images":{"Primary":{"Small":{"Height":75,"URL":"https://m.media-amazon.com/images/I/41ltWc4PPjL._SL75_.jpg","Width":75}}},"ItemInfo":{"ByLineInfo":{"Brand":{"DisplayValue":"Acan","Label":"Brand","Locale":"es_ES"},"Manufacturer":{"DisplayValue":"Tradineur","Label":"Manufacturer","Locale":"es_ES"}},"Title":{"DisplayValue":"Acan Tradineur - Paraguas largo transparente - Mango acristalado - Fabricación en PVC - 8 Varillas - Evita los días lluviosos con elegancia - Color Aleatorio","Label":"Title","Locale":"es_ES"}},"Offers":{"Summaries":[{"Condition":{"Value":"New"},"LowestPrice":{"Amount":13.99,"Currency":"EUR","DisplayAmount":"13,99 €"}}]}},{"ASIN":"B0BX428YB2","DetailPageURL":"https://www.amazon.es/dp/B0BX428YB2?tag=topinalambricos-21&linkCode=osi&th=1&psc=1","Images":{"Primary":{"Small":{"Height":75,"URL":"https://m.media-amazon.com/images/I/41J+zgmgQ2L._SL75_.jpg","Width":75}}},"ItemInfo":{"ByLineInfo":{"Brand":{"DisplayValue":"Hengxinchen","Label":"Brand","Locale":"es_ES"},"Manufacturer":{"DisplayValue":"hengxinc","Label":"Manufacturer","Locale":"es_ES"}},"Title":{"DisplayValue":"Hengxinc 12 Bolsas de líquidos para Equipaje de Mano, Bolsa de Aseo Transparente, 20 x 20 cm, hermética, Bolsa de avión, líquidos, aerolínea, Reutilizable, Bolsa de cosméticos de Viaje","Label":"Title","Locale":"es_ES"}},"Offers":{"Summaries":[{"Condition":{"Value":"New"},"LowestPrice":{"Amount":7.29,"Currency":"EUR","DisplayAmount":"7,29 €"}}]}},{"ASIN":"B0B8NTBBK2","DetailPageURL":"https://www.amazon.es/dp/B0B8NTBBK2?tag=topinalambricos-21&linkCode=osi&th=1&psc=1","Images":{"Primary":{"Small":{"Height":75,"URL":"https://m.media-amazon.com/images/I/21NYf5Te0NL._SL75_.jpg","Width":58}}},"ItemInfo":{"ByLineInfo":{"Brand":{"DisplayValue":"HAWKERS","Label":"Brand","Locale":"es_ES"},"Manufacturer":{"DisplayValue":"SALDUM | PLAY HAWKERS GROUP","Label":"Manufacturer","Locale":"es_ES"}},"Title":{"DisplayValue":"HAWKERS Gafas de sol ONE para Hombre","Label":"Title","Locale":"es_ES"}},"Offers":{"Summaries":[{"Condition":{"Value":"New"},"LowestPrice":{"Amount":19.99,"Currency":"EUR","DisplayAmount":"19,99 €"}}]}}],"SearchURL":"https://www.amazon.es/s?k=transparente&rh=p_n_availability%3A-1&tag=topinalambricos-21&linkCode=osi","TotalResultCount":306}},"19":{"SearchResult":{"Items":[{"ASIN":"B00CJ7HPBE","DetailPageURL":"https://www.amazon.es/dp/B00CJ7HPBE?tag=topinalambricos-21&linkCode=osi&th=1&psc=1","Images":{"Primary":{"Small":{"Height":75,"URL":"https://m.media-amazon.com/images/I/314Qj5Dj4AL._SL75_.jpg","Width":25}}},"ItemInfo":{"ByLineInfo":{"Brand":{"DisplayValue":"Cléopâtre","Label":"Brand","Locale":"es_ES"},"Manufacturer":{"DisplayValue":"Cleopatre","Label":"Manufacturer","Locale":"es_ES"}},"Title":{"DisplayValue":"Cléopatre - Pegamento Transparente Fuerte L'Adhésive - Pegamento en Gel Ideal para Papel y Cartulina, Tareas Escolares a partir de 6 Años - Formato Recarga - 500g","Label":"Title","Locale":"es_ES"}},"Offers":{"Summaries":[{"Condition":{"Value":"New"},"LowestPrice":{"Amount":3.95,"Currency":"EUR","DisplayAmount":"3,95 € (7,90 € / kg)","PricePerUnit":7.9}}]}},{"ASIN":"B0BTYFMJGD","DetailPageURL":"https://www.amazon.es/dp/B0BTYFMJGD?tag=topinalambricos-21&linkCode=osi&th=1&psc=1","Images":{"Primary":{"Small":{"Height":75,"URL":"https://m.media-amazon.com/images/I/41or0ngfiVL._SL75_.jpg","Width":75}}},"ItemInfo":{"ByLineInfo":{"Brand":{"DisplayValue":"Oderra","Label":"Brand","Locale":"es_ES"},"Manufacturer":{"DisplayValue":"Neceser Transparente Viaje avion","Label":"Manufacturer","Locale":"es_ES"}},"Title":{"DisplayValue":"Oderra 2 Piezas Bolsa Transparente Avion, Neceser Transparente Viaje Avion, PVC Impermeable Bolsa Avion para Llevar Líquidos, para Mujeres y Hombres","Label":"Title","Locale":"es_ES"}},"Offers":{"Summaries":[{"Condition":{"Value":"New"},"LowestPrice":{"Amount":8.69,"Currency":"EUR","DisplayAmount":"8,69 € (4,34 € / count)","PricePerUnit":4.34}}]}},{"ASIN":"B09S43SRWH","DetailPageURL":"https://www.amazon.es/dp/B09S43SRWH?tag=topinalambricos-21&linkCode=osi&th=1&psc=1","Images":{"Primary":{"Small":{"Height":75,"URL":"https://m.media-amazon.com/images/I/21VlqWvdezL._SL75_.jpg","Width":75}}},"ItemInfo":{"ByLineInfo":{"Brand":{"DisplayValue":"Amazon Basics","Label":"Brand","Locale":"es_ES"},"Manufacturer":{"DisplayValue":"Amazon","Label":"Manufacturer","Locale":"es_ES"}},"Title":{"DisplayValue":"Amazon Basics Octogonal Paraguas cúpula Transparente, 87,6 cm","Label":"Title","Locale":"es_ES"}},"Offers":{"Summaries":[{"Condition":{"Value":"Used"},"LowestPrice":{"Amount":19.0,"Currency":"EUR","DisplayAmount":"19,00 €"}},{"Condition":{"Value":"New"},"LowestPrice":{"Amount":21.35,"Currency":"EUR","DisplayAmount":"21,35 €"}}]}},{"ASIN":"B0BXLGTN4M","DetailPageURL":"https://www.amazon.es/dp/B0BXLGTN4M?tag=topinalambricos-21&linkCode=osi&th=1&psc=1","Images":{"Primary":{"Small":{"Height":75,"URL":"https://m.media-amazon.com/images/I/41sNkwAbRuL._SL75_.jpg","Width":75}}},"ItemInfo":{"ByLineInfo":{"Brand":{"DisplayValue":"Runmeihe","Label":"Brand","Locale":"es_ES"}},"Title":{"DisplayValue":"Runmeihe 8 Pack Chubasquero Transparente Adulto, Desechable Poncho Impermeable para Hombre Mujer, Ligeroscon Poncho Luvia con Capuchas y Botones para Viajes Surf Senderismo Eventos","Label":"Title","Locale":"es_ES"}},"Offers":{"Summaries":[{"Condition":{"Value":"New"},"LowestPrice":{"Amount":14.99,"Currency":"EUR","DisplayAmount":"14,99 €"}}]}},{"ASIN":"B0CC4LHQ93","DetailPageURL":"https://www.amazon.es/dp/B0CC4LHQ93?tag=topinalambricos-21&linkCode=osi&th=1&psc=1","Images":{"Primary":{"Small":{"Height":75,"URL":"https://m.media-amazon.com/images/I/41TUf4V4npL._SL75_.jpg","Width":75}}},"ItemInfo":{"ByLineInfo":{"Brand":{"DisplayValue":"Helweet","Label":"Brand","Locale":"es_ES"},"Manufacturer":{"DisplayValue":"Helweet","Label":"Manufacturer","Locale":"es_ES"}},"Title":{"DisplayValue":"Mochila Transparente con Cordón, Mochila de Deporte Transparente, Bolsa de Gimnasia Transparente con Cordón, Bolsa de Cincha Transparente, Bolsa De Deportiva Transparente, para Deportes, Camping","Label":"Title","Locale":"es_ES"}},"Offers":{"Summaries":[{"Condition":{"Value":"New"},"LowestPrice":{"Amount":7.99,"Currency":"EUR","DisplayAmount":"7,99 €"}}]}},{"ASIN":"B002R8L7ZU","DetailPageURL":"https://www.amazon.es/dp/B002R8L7ZU?tag=topinalambricos-21&linkCode=osi&th=1&psc=1","Images":{"Primary":{"Small":{"Height":75,"URL":"https://m.media-amazon.com/images/I/41df3Oeu5DL._SL75_.jpg","Width":75}}},"ItemInfo":{"ByLineInfo":{"Brand":{"DisplayValue":"Fulton","Label":"Brand","Locale":"es_ES"},"Manufacturer":{"DisplayValue":"Fulton","Label":"Manufacturer","Locale":"es_ES"}},"Title":{"DisplayValue":"Fulton Birdcage - Paraguas Transparente","Label":"Title","Locale":"es_ES"}},"Offers":{"Summaries":[{"Condition":{"Value":"New"},"LowestPrice":{"Amount":21.0,"Currency":"EUR","DisplayAmount":"21,00 €"}},{"Condition":{"Value":"Used"},"LowestPrice":{"Amount":19.89,"Currency":"EUR","DisplayAmount":"19,89 €"}}]}},{"ASIN":"B0CL58QBXY","DetailPageURL":"https://www.amazon.es/dp/B0CL58QBXY?tag=topinalambricos-21&linkCode=osi&th=1&psc=1","Images":{"Primary":{"Small":{"Height":75,"URL":"https://m.media-amazon.com/images/I/3144UG+Zt4L._SL75_.jpg","Width":47}}},"ItemInfo":{"ByLineInfo":{"Brand":{"DisplayValue":"Dozer","Label":"Brand","Locale":"es_ES"}},"Title":{"DisplayValue":"Dozer Chubasquero desechable, Pack de 3 Chubasqueros Transparentes con Capucha, Poncho Impermeable para Festivales, Conciertos y Actividades al Aire Libre","Label":"Title","Locale":"es_ES"}},"Offers":{"Summaries":[{"Condition":{"Value":"New"},"LowestPrice":{"Amount":9.9,"Currency":"EUR","DisplayAmount":"9,90 €"}}]}},{"ASIN":"B0BG32VPWW","DetailPageURL":"https://www.amazon.es/dp/B0BG32VPWW?tag=topinalambricos-21&linkCode=osi&th=1&psc=1","Images":{"Primary":{"Small":{"Height":75,"URL":"https://m.media-amazon.com/images/I/41ltWc4PPjL._SL75_.jpg","Width":75}}},"ItemInfo":{"ByLineInfo":{"Brand":{"DisplayValue":"Acan","Label":"Brand","Locale":"es_ES"},"Manufacturer":{"DisplayValue":"Tradineur","Label":"Manufacturer","Locale":"es_ES"}},"Title":{"DisplayValue":"Acan Tradineur - Paraguas largo transparente - Mango acristalado - Fabricación en PVC - 8 Varillas - Evita los días lluviosos con elegancia - Color Aleatorio","Label":"Title","Locale":"es_ES"}},"Offers":{"Summaries":[{"Condition":{"Value":"New"},"LowestPrice":{"Amount":13.99,"Currency":"EUR","DisplayAmount":"13,99 €"}}]}},{"ASIN":"B0BX428YB2","DetailPageURL":"https://www.amazon.es/dp/B0BX428YB2?tag=topinalambricos-21&linkCode=osi&th=1&psc=1","Images":{"Primary":{"Small":{"Height":75,"URL":"https://m.media-amazon.com/images/I/41J+zgmgQ2L._SL75_.jpg","Width":75}}},"ItemInfo":{"ByLineInfo":{"Brand":{"DisplayValue":"Hengxinchen","Label":"Brand","Locale":"es_ES"},"Manufacturer":{"DisplayValue":"hengxinc","Label":"Manufacturer","Locale":"es_ES"}},"Title":{"DisplayValue":"Hengxinc 12 Bolsas de líquidos para Equipaje de Mano, Bolsa de Aseo Transparente, 20 x 20 cm, hermética, Bolsa de avión, líquidos, aerolínea, Reutilizable, Bolsa de cosméticos de Viaje","Label":"Title","Locale":"es_ES"}},"Offers":{"Summaries":[{"Condition":{"Value":"New"},"LowestPrice":{"Amount":7.29,"Currency":"EUR","DisplayAmount":"7,29 €"}}]}},{"ASIN":"B0B8NTBBK2","DetailPageURL":"https://www.amazon.es/dp/B0B8NTBBK2?tag=topinalambricos-21&linkCode=osi&th=1&psc=1","Images":{"Primary":{"Small":{"Height":75,"URL":"https://m.media-amazon.com/images/I/21NYf5Te0NL._SL75_.jpg","Width":58}}},"ItemInfo":{"ByLineInfo":{"Brand":{"DisplayValue":"HAWKERS","Label":"Brand","Locale":"es_ES"},"Manufacturer":{"DisplayValue":"SALDUM | PLAY HAWKERS GROUP","Label":"Manufacturer","Locale":"es_ES"}},"Title":{"DisplayValue":"HAWKERS Gafas de sol ONE para Hombre","Label":"Title","Locale":"es_ES"}},"Offers":{"Summaries":[{"Condition":{"Value":"New"},"LowestPrice":{"Amount":19.99,"Currency":"EUR","DisplayAmount":"19,99 €"}}]}}],"SearchURL":"https://www.amazon.es/s?k=transparente&rh=p_n_availability%3A-1&tag=topinalambricos-21&linkCode=osi","TotalResultCount":306}},"20":{"SearchResult":{"Items":[{"ASIN":"B00CJ7HPBE","DetailPageURL":"https://www.amazon.es/dp/B00CJ7HPBE?tag=topinalambricos-21&linkCode=osi&th=1&psc=1","Images":{"Primary":{"Small":{"Height":75,"URL":"https://m.media-amazon.com/images/I/314Qj5Dj4AL._SL75_.jpg","Width":25}}},"ItemInfo":{"ByLineInfo":{"Brand":{"DisplayValue":"Cléopâtre","Label":"Brand","Locale":"es_ES"},"Manufacturer":{"DisplayValue":"Cleopatre","Label":"Manufacturer","Locale":"es_ES"}},"Title":{"DisplayValue":"Cléopatre - Pegamento Transparente Fuerte L'Adhésive - Pegamento en Gel Ideal para Papel y Cartulina, Tareas Escolares a partir de 6 Años - Formato Recarga - 500g","Label":"Title","Locale":"es_ES"}},"Offers":{"Summaries":[{"Condition":{"Value":"New"},"LowestPrice":{"Amount":3.95,"Currency":"EUR","DisplayAmount":"3,95 € (7,90 € / kg)","PricePerUnit":7.9}}]}},{"ASIN":"B0BTYFMJGD","DetailPageURL":"https://www.amazon.es/dp/B0BTYFMJGD?tag=topinalambricos-21&linkCode=osi&th=1&psc=1","Images":{"Primary":{"Small":{"Height":75,"URL":"https://m.media-amazon.com/images/I/41or0ngfiVL._SL75_.jpg","Width":75}}},"ItemInfo":{"ByLineInfo":{"Brand":{"DisplayValue":"Oderra","Label":"Brand","Locale":"es_ES"},"Manufacturer":{"DisplayValue":"Neceser Transparente Viaje avion","Label":"Manufacturer","Locale":"es_ES"}},"Title":{"DisplayValue":"Oderra 2 Piezas Bolsa Transparente Avion, Neceser Transparente Viaje Avion, PVC Impermeable Bolsa Avion para Llevar Líquidos, para Mujeres y Hombres","Label":"Title","Locale":"es_ES"}},"Offers":{"Summaries":[{"Condition":{"Value":"New"},"LowestPrice":{"Amount":8.69,"Currency":"EUR","DisplayAmount":"8,69 € (4,34 € / count)","PricePerUnit":4.34}}]}},{"ASIN":"B09S43SRWH","DetailPageURL":"https://www.amazon.es/dp/B09S43SRWH?tag=topinalambricos-21&linkCode=osi&th=1&psc=1","Images":{"Primary":{"Small":{"Height":75,"URL":"https://m.media-amazon.com/images/I/21VlqWvdezL._SL75_.jpg","Width":75}}},"ItemInfo":{"ByLineInfo":{"Brand":{"DisplayValue":"Amazon Basics","Label":"Brand","Locale":"es_ES"},"Manufacturer":{"DisplayValue":"Amazon","Label":"Manufacturer","Locale":"es_ES"}},"Title":{"DisplayValue":"Amazon Basics Octogonal Paraguas cúpula Transparente, 87,6 cm","Label":"Title","Locale":"es_ES"}},"Offers":{"Summaries":[{"Condition":{"Value":"Used"},"LowestPrice":{"Amount":19.0,"Currency":"EUR","DisplayAmount":"19,00 €"}},{"Condition":{"Value":"New"},"LowestPrice":{"Amount":21.35,"Currency":"EUR","DisplayAmount":"21,35 €"}}]}},{"ASIN":"B0BXLGTN4M","DetailPageURL":"https://www.amazon.es/dp/B0BXLGTN4M?tag=topinalambricos-21&linkCode=osi&th=1&psc=1","Images":{"Primary":{"Small":{"Height":75,"URL":"https://m.media-amazon.com/images/I/41sNkwAbRuL._SL75_.jpg","Width":75}}},"ItemInfo":{"ByLineInfo":{"Brand":{"DisplayValue":"Runmeihe","Label":"Brand","Locale":"es_ES"}},"Title":{"DisplayValue":"Runmeihe 8 Pack Chubasquero Transparente Adulto, Desechable Poncho Impermeable para Hombre Mujer, Ligeroscon Poncho Luvia con Capuchas y Botones para Viajes Surf Senderismo Eventos","Label":"Title","Locale":"es_ES"}},"Offers":{"Summaries":[{"Condition":{"Value":"New"},"LowestPrice":{"Amount":14.99,"Currency":"EUR","DisplayAmount":"14,99 €"}}]}},{"ASIN":"B0CC4LHQ93","DetailPageURL":"https://www.amazon.es/dp/B0CC4LHQ93?tag=topinalambricos-21&linkCode=osi&th=1&psc=1","Images":{"Primary":{"Small":{"Height":75,"URL":"https://m.media-amazon.com/images/I/41TUf4V4npL._SL75_.jpg","Width":75}}},"ItemInfo":{"ByLineInfo":{"Brand":{"DisplayValue":"Helweet","Label":"Brand","Locale":"es_ES"},"Manufacturer":{"DisplayValue":"Helweet","Label":"Manufacturer","Locale":"es_ES"}},"Title":{"DisplayValue":"Mochila Transparente con Cordón, Mochila de Deporte Transparente, Bolsa de Gimnasia Transparente con Cordón, Bolsa de Cincha Transparente, Bolsa De Deportiva Transparente, para Deportes, Camping","Label":"Title","Locale":"es_ES"}},"Offers":{"Summaries":[{"Condition":{"Value":"New"},"LowestPrice":{"Amount":7.99,"Currency":"EUR","DisplayAmount":"7,99 €"}}]}},{"ASIN":"B002R8L7ZU","DetailPageURL":"https://www.amazon.es/dp/B002R8L7ZU?tag=topinalambricos-21&linkCode=osi&th=1&psc=1","Images":{"Primary":{"Small":{"Height":75,"URL":"https://m.media-amazon.com/images/I/41df3Oeu5DL._SL75_.jpg","Width":75}}},"ItemInfo":{"ByLineInfo":{"Brand":{"DisplayValue":"Fulton","Label":"Brand","Locale":"es_ES"},"Manufacturer":{"DisplayValue":"Fulton","Label":"Manufacturer","Locale":"es_ES"}},"Title":{"DisplayValue":"Fulton Birdcage - Paraguas Transparente","Label":"Title","Locale":"es_ES"}},"Offers":{"Summaries":[{"Condition":{"Value":"New"},"LowestPrice":{"Amount":21.0,"Currency":"EUR","DisplayAmount":"21,00 €"}},{"Condition":{"Value":"Used"},"LowestPrice":{"Amount":19.89,"Currency":"EUR","DisplayAmount":"19,89 €"}}]}},{"ASIN":"B0CL58QBXY","DetailPageURL":"https://www.amazon.es/dp/B0CL58QBXY?tag=topinalambricos-21&linkCode=osi&th=1&psc=1","Images":{"Primary":{"Small":{"Height":75,"URL":"https://m.media-amazon.com/images/I/3144UG+Zt4L._SL75_.jpg","Width":47}}},"ItemInfo":{"ByLineInfo":{"Brand":{"DisplayValue":"Dozer","Label":"Brand","Locale":"es_ES"}},"Title":{"DisplayValue":"Dozer Chubasquero desechable, Pack de 3 Chubasqueros Transparentes con Capucha, Poncho Impermeable para Festivales, Conciertos y Actividades al Aire Libre","Label":"Title","Locale":"es_ES"}},"Offers":{"Summaries":[{"Condition":{"Value":"New"},"LowestPrice":{"Amount":9.9,"Currency":"EUR","DisplayAmount":"9,90 €"}}]}},{"ASIN":"B0BG32VPWW","DetailPageURL":"https://www.amazon.es/dp/B0BG32VPWW?tag=topinalambricos-21&linkCode=osi&th=1&psc=1","Images":{"Primary":{"Small":{"Height":75,"URL":"https://m.media-amazon.com/images/I/41ltWc4PPjL._SL75_.jpg","Width":75}}},"ItemInfo":{"ByLineInfo":{"Brand":{"DisplayValue":"Acan","Label":"Brand","Locale":"es_ES"},"Manufacturer":{"DisplayValue":"Tradineur","Label":"Manufacturer","Locale":"es_ES"}},"Title":{"DisplayValue":"Acan Tradineur - Paraguas largo transparente - Mango acristalado - Fabricación en PVC - 8 Varillas - Evita los días lluviosos con elegancia - Color Aleatorio","Label":"Title","Locale":"es_ES"}},"Offers":{"Summaries":[{"Condition":{"Value":"New"},"LowestPrice":{"Amount":13.99,"Currency":"EUR","DisplayAmount":"13,99 €"}}]}},{"ASIN":"B0BX428YB2","DetailPageURL":"https://www.amazon.es/dp/B0BX428YB2?tag=topinalambricos-21&linkCode=osi&th=1&psc=1","Images":{"Primary":{"Small":{"Height":75,"URL":"https://m.media-amazon.com/images/I/41J+zgmgQ2L._SL75_.jpg","Width":75}}},"ItemInfo":{"ByLineInfo":{"Brand":{"DisplayValue":"Hengxinchen","Label":"Brand","Locale":"es_ES"},"Manufacturer":{"DisplayValue":"hengxinc","Label":"Manufacturer","Locale":"es_ES"}},"Title":{"DisplayValue":"Hengxinc 12 Bolsas de líquidos para Equipaje de Mano, Bolsa de Aseo Transparente, 20 x 20 cm, hermética, Bolsa de avión, líquidos, aerolínea, Reutilizable, Bolsa de cosméticos de Viaje","Label":"Title","Locale":"es_ES"}},"Offers":{"Summaries":[{"Condition":{"Value":"New"},"LowestPrice":{"Amount":7.29,"Currency":"EUR","DisplayAmount":"7,29 €"}}]}},{"ASIN":"B0B8NTBBK2","DetailPageURL":"https://www.amazon.es/dp/B0B8NTBBK2?tag=topinalambricos-21&linkCode=osi&th=1&psc=1","Images":{"Primary":{"Small":{"Height":75,"URL":"https://m.media-amazon.com/images/I/21NYf5Te0NL._SL75_.jpg","Width":58}}},"ItemInfo":{"ByLineInfo":{"Brand":{"DisplayValue":"HAWKERS","Label":"Brand","Locale":"es_ES"},"Manufacturer":{"DisplayValue":"SALDUM | PLAY HAWKERS GROUP","Label":"Manufacturer","Locale":"es_ES"}},"Title":{"DisplayValue":"HAWKERS Gafas de sol ONE para Hombre","Label":"Title","Locale":"es_ES"}},"Offers":{"Summaries":[{"Condition":{"Value":"New"},"LowestPrice":{"Amount":19.99,"Currency":"EUR","DisplayAmount":"19,99 €"}}]}}],"SearchURL":"https://www.amazon.es/s?k=transparente&rh=p_n_availability%3A-1&tag=topinalambricos-21&linkCode=osi","TotalResultCount":306}},"21":{"SearchResult":{"Items":[{"ASIN":"B00CJ7HPBE","DetailPageURL":"https://www.amazon.es/dp/B00CJ7HPBE?tag=topinalambricos-21&linkCode=osi&th=1&psc=1","Images":{"Primary":{"Small":{"Height":75,"URL":"https://m.media-amazon.com/images/I/314Qj5Dj4AL._SL75_.jpg","Width":25}}},"ItemInfo":{"ByLineInfo":{"Brand":{"DisplayValue":"Cléopâtre","Label":"Brand","Locale":"es_ES"},"Manufacturer":{"DisplayValue":"Cleopatre","Label":"Manufacturer","Locale":"es_ES"}},"Title":{"DisplayValue":"Cléopatre - Pegamento Transparente Fuerte L'Adhésive - Pegamento en Gel Ideal para Papel y Cartulina, Tareas Escolares a partir de 6 Años - Formato Recarga - 500g","Label":"Title","Locale":"es_ES"}},"Offers":{"Summaries":[{"Condition":{"Value":"New"},"LowestPrice":{"Amount":3.95,"Currency":"EUR","DisplayAmount":"3,95 € (7,90 € / kg)","PricePerUnit":7.9}}]}},{"ASIN":"B0BTYFMJGD","DetailPageURL":"https://www.amazon.es/dp/B0BTYFMJGD?tag=topinalambricos-21&linkCode=osi&th=1&psc=1","Images":{"Primary":{"Small":{"Height":75,"URL":"https://m.media-amazon.com/images/I/41or0ngfiVL._SL75_.jpg","Width":75}}},"ItemInfo":{"ByLineInfo":{"Brand":{"DisplayValue":"Oderra","Label":"Brand","Locale":"es_ES"},"Manufacturer":{"DisplayValue":"Neceser Transparente Viaje avion","Label":"Manufacturer","Locale":"es_ES"}},"Title":{"DisplayValue":"Oderra 2 Piezas Bolsa Transparente Avion, Neceser Transparente Viaje Avion, PVC Impermeable Bolsa Avion para Llevar Líquidos, para Mujeres y Hombres","Label":"Title","Locale":"es_ES"}},"Offers":{"Summaries":[{"Condition":{"Value":"New"},"LowestPrice":{"Amount":8.69,"Currency":"EUR","DisplayAmount":"8,69 € (4,34 € / count)","PricePerUnit":4.34}}]}},{"ASIN":"B09S43SRWH","DetailPageURL":"https://www.amazon.es/dp/B09S43SRWH?tag=topinalambricos-21&linkCode=osi&th=1&psc=1","Images":{"Primary":{"Small":{"Height":75,"URL":"https://m.media-amazon.com/images/I/21VlqWvdezL._SL75_.jpg","Width":75}}},"ItemInfo":{"ByLineInfo":{"Brand":{"DisplayValue":"Amazon Basics","Label":"Brand","Locale":"es_ES"},"Manufacturer":{"DisplayValue":"Amazon","Label":"Manufacturer","Locale":"es_ES"}},"Title":{"DisplayValue":"Amazon Basics Octogonal Paraguas cúpula Transparente, 87,6 cm","Label":"Title","Locale":"es_ES"}},"Offers":{"Summaries":[{"Condition":{"Value":"Used"},"LowestPrice":{"Amount":19.0,"Currency":"EUR","DisplayAmount":"19,00 €"}},{"Condition":{"Value":"New"},"LowestPrice":{"Amount":21.35,"Currency":"EUR","DisplayAmount":"21,35 €"}}]}},{"ASIN":"B0BXLGTN4M","DetailPageURL":"https://www.amazon.es/dp/B0BXLGTN4M?tag=topinalambricos-21&linkCode=osi&th=1&psc=1","Images":{"Primary":{"Small":{"Height":75,"URL":"https://m.media-amazon.com/images/I/41sNkwAbRuL._SL75_.jpg","Width":75}}},"ItemInfo":{"ByLineInfo":{"Brand":{"DisplayValue":"Runmeihe","Label":"Brand","Locale":"es_ES"}},"Title":{"DisplayValue":"Runmeihe 8 Pack Chubasquero Transparente Adulto, Desechable Poncho Impermeable para Hombre Mujer, Ligeroscon Poncho Luvia con Capuchas y Botones para Viajes Surf Senderismo Eventos","Label":"Title","Locale":"es_ES"}},"Offers":{"Summaries":[{"Condition":{"Value":"New"},"LowestPrice":{"Amount":14.99,"Currency":"EUR","DisplayAmount":"14,99 €"}}]}},{"ASIN":"B0CC4LHQ93","DetailPageURL":"https://www.amazon.es/dp/B0CC4LHQ93?tag=topinalambricos-21&linkCode=osi&th=1&psc=1","Images":{"Primary":{"Small":{"Height":75,"URL":"https://m.media-amazon.com/images/I/41TUf4V4npL._SL75_.jpg","Width":75}}},"ItemInfo":{"ByLineInfo":{"Brand":{"DisplayValue":"Helweet","Label":"Brand","Locale":"es_ES"},"Manufacturer":{"DisplayValue":"Helweet","Label":"Manufacturer","Locale":"es_ES"}},"Title":{"DisplayValue":"Mochila Transparente con Cordón, Mochila de Deporte Transparente, Bolsa de Gimnasia Transparente con Cordón, Bolsa de Cincha Transparente, Bolsa De Deportiva Transparente, para Deportes, Camping","Label":"Title","Locale":"es_ES"}},"Offers":{"Summaries":[{"Condition":{"Value":"New"},"LowestPrice":{"Amount":7.99,"Currency":"EUR","DisplayAmount":"7,99 €"}}]}},{"ASIN":"B002R8L7ZU","DetailPageURL":"https://www.amazon.es/dp/B002R8L7ZU?tag=topinalambricos-21&linkCode=osi&th=1&psc=1","Images":{"Primary":{"Small":{"Height":75,"URL":"https://m.media-amazon.com/images/I/41df3Oeu5DL._SL75_.jpg","Width":75}}},"ItemInfo":{"ByLineInfo":{"Brand":{"DisplayValue":"Fulton","Label":"Brand","Locale":"es_ES"},"Manufacturer":{"DisplayValue":"Fulton","Label":"Manufacturer","Locale":"es_ES"}},"Title":{"DisplayValue":"Fulton Birdcage - Paraguas Transparente","Label":"Title","Locale":"es_ES"}},"Offers":{"Summaries":[{"Condition":{"Value":"New"},"LowestPrice":{"Amount":21.0,"Currency":"EUR","DisplayAmount":"21,00 €"}},{"Condition":{"Value":"Used"},"LowestPrice":{"Amount":19.89,"Currency":"EUR","DisplayAmount":"19,89 €"}}]}},{"ASIN":"B0CL58QBXY","DetailPageURL":"https://www.amazon.es/dp/B0CL58QBXY?tag=topinalambricos-21&linkCode=osi&th=1&psc=1","Images":{"Primary":{"Small":{"Height":75,"URL":"https://m.media-amazon.com/images/I/3144UG+Zt4L._SL75_.jpg","Width":47}}},"ItemInfo":{"ByLineInfo":{"Brand":{"DisplayValue":"Dozer","Label":"Brand","Locale":"es_ES"}},"Title":{"DisplayValue":"Dozer Chubasquero desechable, Pack de 3 Chubasqueros Transparentes con Capucha, Poncho Impermeable para Festivales, Conciertos y Actividades al Aire Libre","Label":"Title","Locale":"es_ES"}},"Offers":{"Summaries":[{"Condition":{"Value":"New"},"LowestPrice":{"Amount":9.9,"Currency":"EUR","DisplayAmount":"9,90 €"}}]}},{"ASIN":"B0BG32VPWW","DetailPageURL":"https://www.amazon.es/dp/B0BG32VPWW?tag=topinalambricos-21&linkCode=osi&th=1&psc=1","Images":{"Primary":{"Small":{"Height":75,"URL":"https://m.media-amazon.com/images/I/41ltWc4PPjL._SL75_.jpg","Width":75}}},"ItemInfo":{"ByLineInfo":{"Brand":{"DisplayValue":"Acan","Label":"Brand","Locale":"es_ES"},"Manufacturer":{"DisplayValue":"Tradineur","Label":"Manufacturer","Locale":"es_ES"}},"Title":{"DisplayValue":"Acan Tradineur - Paraguas largo transparente - Mango acristalado - Fabricación en PVC - 8 Varillas - Evita los días lluviosos con elegancia - Color Aleatorio","Label":"Title","Locale":"es_ES"}},"Offers":{"Summaries":[{"Condition":{"Value":"New"},"LowestPrice":{"Amount":13.99,"Currency":"EUR","DisplayAmount":"13,99 €"}}]}},{"ASIN":"B0BX428YB2","DetailPageURL":"https://www.amazon.es/dp/B0BX428YB2?tag=topinalambricos-21&linkCode=osi&th=1&psc=1","Images":{"Primary":{"Small":{"Height":75,"URL":"https://m.media-amazon.com/images/I/41J+zgmgQ2L._SL75_.jpg","Width":75}}},"ItemInfo":{"ByLineInfo":{"Brand":{"DisplayValue":"Hengxinchen","Label":"Brand","Locale":"es_ES"},"Manufacturer":{"DisplayValue":"hengxinc","Label":"Manufacturer","Locale":"es_ES"}},"Title":{"DisplayValue":"Hengxinc 12 Bolsas de líquidos para Equipaje de Mano, Bolsa de Aseo Transparente, 20 x 20 cm, hermética, Bolsa de avión, líquidos, aerolínea, Reutilizable, Bolsa de cosméticos de Viaje","Label":"Title","Locale":"es_ES"}},"Offers":{"Summaries":[{"Condition":{"Value":"New"},"LowestPrice":{"Amount":7.29,"Currency":"EUR","DisplayAmount":"7,29 €"}}]}},{"ASIN":"B0B8NTBBK2","DetailPageURL":"https://www.amazon.es/dp/B0B8NTBBK2?tag=topinalambricos-21&linkCode=osi&th=1&psc=1","Images":{"Primary":{"Small":{"Height":75,"URL":"https://m.media-amazon.com/images/I/21NYf5Te0NL._SL75_.jpg","Width":58}}},"ItemInfo":{"ByLineInfo":{"Brand":{"DisplayValue":"HAWKERS","Label":"Brand","Locale":"es_ES"},"Manufacturer":{"DisplayValue":"SALDUM | PLAY HAWKERS GROUP","Label":"Manufacturer","Locale":"es_ES"}},"Title":{"DisplayValue":"HAWKERS Gafas de sol ONE para Hombre","Label":"Title","Locale":"es_ES"}},"Offers":{"Summaries":[{"Condition":{"Value":"New"},"LowestPrice":{"Amount":19.99,"Currency":"EUR","DisplayAmount":"19,99 €"}}]}}],"SearchURL":"https://www.amazon.es/s?k=transparente&rh=p_n_availability%3A-1&tag=topinalambricos-21&linkCode=osi","TotalResultCount":306}},"22":{"SearchResult":{"Items":[{"ASIN":"B00CJ7HPBE","DetailPageURL":"https://www.amazon.es/dp/B00CJ7HPBE?tag=topinalambricos-21&linkCode=osi&th=1&psc=1","Images":{"Primary":{"Small":{"Height":75,"URL":"https://m.media-amazon.com/images/I/314Qj5Dj4AL._SL75_.jpg","Width":25}}},"ItemInfo":{"ByLineInfo":{"Brand":{"DisplayValue":"Cléopâtre","Label":"Brand","Locale":"es_ES"},"Manufacturer":{"DisplayValue":"Cleopatre","Label":"Manufacturer","Locale":"es_ES"}},"Title":{"DisplayValue":"Cléopatre - Pegamento Transparente Fuerte L'Adhésive - Pegamento en Gel Ideal para Papel y Cartulina, Tareas Escolares a partir de 6 Años - Formato Recarga - 500g","Label":"Title","Locale":"es_ES"}},"Offers":{"Summaries":[{"Condition":{"Value":"New"},"LowestPrice":{"Amount":3.95,"Currency":"EUR","DisplayAmount":"3,95 € (7,90 € / kg)","PricePerUnit":7.9}}]}},{"ASIN":"B0BTYFMJGD","DetailPageURL":"https://www.amazon.es/dp/B0BTYFMJGD?tag=topinalambricos-21&linkCode=osi&th=1&psc=1","Images":{"Primary":{"Small":{"Height":75,"URL":"https://m.media-amazon.com/images/I/41or0ngfiVL._SL75_.jpg","Width":75}}},"ItemInfo":{"ByLineInfo":{"Brand":{"DisplayValue":"Oderra","Label":"Brand","Locale":"es_ES"},"Manufacturer":{"DisplayValue":"Neceser Transparente Viaje avion","Label":"Manufacturer","Locale":"es_ES"}},"Title":{"DisplayValue":"Oderra 2 Piezas Bolsa Transparente Avion, Neceser Transparente Viaje Avion, PVC Impermeable Bolsa Avion para Llevar Líquidos, para Mujeres y Hombres","Label":"Title","Locale":"es_ES"}},"Offers":{"Summaries":[{"Condition":{"Value":"New"},"LowestPrice":{"Amount":8.69,"Currency":"EUR","DisplayAmount":"8,69 € (4,34 € / count)","PricePerUnit":4.34}}]}},{"ASIN":"B09S43SRWH","DetailPageURL":"https://www.amazon.es/dp/B09S43SRWH?tag=topinalambricos-21&linkCode=osi&th=1&psc=1","Images":{"Primary":{"Small":{"Height":75,"URL":"https://m.media-amazon.com/images/I/21VlqWvdezL._SL75_.jpg","Width":75}}},"ItemInfo":{"ByLineInfo":{"Brand":{"DisplayValue":"Amazon Basics","Label":"Brand","Locale":"es_ES"},"Manufacturer":{"DisplayValue":"Amazon","Label":"Manufacturer","Locale":"es_ES"}},"Title":{"DisplayValue":"Amazon Basics Octogonal Paraguas cúpula Transparente, 87,6 cm","Label":"Title","Locale":"es_ES"}},"Offers":{"Summaries":[{"Condition":{"Value":"Used"},"LowestPrice":{"Amount":19.0,"Currency":"EUR","DisplayAmount":"19,00 €"}},{"Condition":{"Value":"New"},"LowestPrice":{"Amount":21.35,"Currency":"EUR","DisplayAmount":"21,35 €"}}]}},{"ASIN":"B0BXLGTN4M","DetailPageURL":"https://www.amazon.es/dp/B0BXLGTN4M?tag=topinalambricos-21&linkCode=osi&th=1&psc=1","Images":{"Primary":{"Small":{"Height":75,"URL":"https://m.media-amazon.com/images/I/41sNkwAbRuL._SL75_.jpg","Width":75}}},"ItemInfo":{"ByLineInfo":{"Brand":{"DisplayValue":"Runmeihe","Label":"Brand","Locale":"es_ES"}},"Title":{"DisplayValue":"Runmeihe 8 Pack Chubasquero Transparente Adulto, Desechable Poncho Impermeable para Hombre Mujer, Ligeroscon Poncho Luvia con Capuchas y Botones para Viajes Surf Senderismo Eventos","Label":"Title","Locale":"es_ES"}},"Offers":{"Summaries":[{"Condition":{"Value":"New"},"LowestPrice":{"Amount":14.99,"Currency":"EUR","DisplayAmount":"14,99 €"}}]}},{"ASIN":"B0CC4LHQ93","DetailPageURL":"https://www.amazon.es/dp/B0CC4LHQ93?tag=topinalambricos-21&linkCode=osi&th=1&psc=1","Images":{"Primary":{"Small":{"Height":75,"URL":"https://m.media-amazon.com/images/I/41TUf4V4npL._SL75_.jpg","Width":75}}},"ItemInfo":{"ByLineInfo":{"Brand":{"DisplayValue":"Helweet","Label":"Brand","Locale":"es_ES"},"Manufacturer":{"DisplayValue":"Helweet","Label":"Manufacturer","Locale":"es_ES"}},"Title":{"DisplayValue":"Mochila Transparente con Cordón, Mochila de Deporte Transparente, Bolsa de Gimnasia Transparente con Cordón, Bolsa de Cincha Transparente, Bolsa De Deportiva Transparente, para Deportes, Camping","Label":"Title","Locale":"es_ES"}},"Offers":{"Summaries":[{"Condition":{"Value":"New"},"LowestPrice":{"Amount":7.99,"Currency":"EUR","DisplayAmount":"7,99 €"}}]}},{"ASIN":"B002R8L7ZU","DetailPageURL":"https://www.amazon.es/dp/B002R8L7ZU?tag=topinalambricos-21&linkCode=osi&th=1&psc=1","Images":{"Primary":{"Small":{"Height":75,"URL":"https://m.media-amazon.com/images/I/41df3Oeu5DL._SL75_.jpg","Width":75}}},"ItemInfo":{"ByLineInfo":{"Brand":{"DisplayValue":"Fulton","Label":"Brand","Locale":"es_ES"},"Manufacturer":{"DisplayValue":"Fulton","Label":"Manufacturer","Locale":"es_ES"}},"Title":{"DisplayValue":"Fulton Birdcage - Paraguas Transparente","Label":"Title","Locale":"es_ES"}},"Offers":{"Summaries":[{"Condition":{"Value":"New"},"LowestPrice":{"Amount":21.0,"Currency":"EUR","DisplayAmount":"21,00 €"}},{"Condition":{"Value":"Used"},"LowestPrice":{"Amount":19.89,"Currency":"EUR","DisplayAmount":"19,89 €"}}]}},{"ASIN":"B0CL58QBXY","DetailPageURL":"https://www.amazon.es/dp/B0CL58QBXY?tag=topinalambricos-21&linkCode=osi&th=1&psc=1","Images":{"Primary":{"Small":{"Height":75,"URL":"https://m.media-amazon.com/images/I/3144UG+Zt4L._SL75_.jpg","Width":47}}},"ItemInfo":{"ByLineInfo":{"Brand":{"DisplayValue":"Dozer","Label":"Brand","Locale":"es_ES"}},"Title":{"DisplayValue":"Dozer Chubasquero desechable, Pack de 3 Chubasqueros Transparentes con Capucha, Poncho Impermeable para Festivales, Conciertos y Actividades al Aire Libre","Label":"Title","Locale":"es_ES"}},"Offers":{"Summaries":[{"Condition":{"Value":"New"},"LowestPrice":{"Amount":9.9,"Currency":"EUR","DisplayAmount":"9,90 €"}}]}},{"ASIN":"B0BG32VPWW","DetailPageURL":"https://www.amazon.es/dp/B0BG32VPWW?tag=topinalambricos-21&linkCode=osi&th=1&psc=1","Images":{"Primary":{"Small":{"Height":75,"URL":"https://m.media-amazon.com/images/I/41ltWc4PPjL._SL75_.jpg","Width":75}}},"ItemInfo":{"ByLineInfo":{"Brand":{"DisplayValue":"Acan","Label":"Brand","Locale":"es_ES"},"Manufacturer":{"DisplayValue":"Tradineur","Label":"Manufacturer","Locale":"es_ES"}},"Title":{"DisplayValue":"Acan Tradineur - Paraguas largo transparente - Mango acristalado - Fabricación en PVC - 8 Varillas - Evita los días lluviosos con elegancia - Color Aleatorio","Label":"Title","Locale":"es_ES"}},"Offers":{"Summaries":[{"Condition":{"Value":"New"},"LowestPrice":{"Amount":13.99,"Currency":"EUR","DisplayAmount":"13,99 €"}}]}},{"ASIN":"B0BX428YB2","DetailPageURL":"https://www.amazon.es/dp/B0BX428YB2?tag=topinalambricos-21&linkCode=osi&th=1&psc=1","Images":{"Primary":{"Small":{"Height":75,"URL":"https://m.media-amazon.com/images/I/41J+zgmgQ2L._SL75_.jpg","Width":75}}},"ItemInfo":{"ByLineInfo":{"Brand":{"DisplayValue":"Hengxinchen","Label":"Brand","Locale":"es_ES"},"Manufacturer":{"DisplayValue":"hengxinc","Label":"Manufacturer","Locale":"es_ES"}},"Title":{"DisplayValue":"Hengxinc 12 Bolsas de líquidos para Equipaje de Mano, Bolsa de Aseo Transparente, 20 x 20 cm, hermética, Bolsa de avión, líquidos, aerolínea, Reutilizable, Bolsa de cosméticos de Viaje","Label":"Title","Locale":"es_ES"}},"Offers":{"Summaries":[{"Condition":{"Value":"New"},"LowestPrice":{"Amount":7.29,"Currency":"EUR","DisplayAmount":"7,29 €"}}]}},{"ASIN":"B0B8NTBBK2","DetailPageURL":"https://www.amazon.es/dp/B0B8NTBBK2?tag=topinalambricos-21&linkCode=osi&th=1&psc=1","Images":{"Primary":{"Small":{"Height":75,"URL":"https://m.media-amazon.com/images/I/21NYf5Te0NL._SL75_.jpg","Width":58}}},"ItemInfo":{"ByLineInfo":{"Brand":{"DisplayValue":"HAWKERS","Label":"Brand","Locale":"es_ES"},"Manufacturer":{"DisplayValue":"SALDUM | PLAY HAWKERS GROUP","Label":"Manufacturer","Locale":"es_ES"}},"Title":{"DisplayValue":"HAWKERS Gafas de sol ONE para Hombre","Label":"Title","Locale":"es_ES"}},"Offers":{"Summaries":[{"Condition":{"Value":"New"},"LowestPrice":{"Amount":19.99,"Currency":"EUR","DisplayAmount":"19,99 €"}}]}}],"SearchURL":"https://www.amazon.es/s?k=transparente&rh=p_n_availability%3A-1&tag=topinalambricos-21&linkCode=osi","TotalResultCount":306}},"23":{"SearchResult":{"Items":[{"ASIN":"B00CJ7HPBE","DetailPageURL":"https://www.amazon.es/dp/B00CJ7HPBE?tag=topinalambricos-21&linkCode=osi&th=1&psc=1","Images":{"Primary":{"Small":{"Height":75,"URL":"https://m.media-amazon.com/images/I/314Qj5Dj4AL._SL75_.jpg","Width":25}}},"ItemInfo":{"ByLineInfo":{"Brand":{"DisplayValue":"Cléopâtre","Label":"Brand","Locale":"es_ES"},"Manufacturer":{"DisplayValue":"Cleopatre","Label":"Manufacturer","Locale":"es_ES"}},"Title":{"DisplayValue":"Cléopatre - Pegamento Transparente Fuerte L'Adhésive - Pegamento en Gel Ideal para Papel y Cartulina, Tareas Escolares a partir de 6 Años - Formato Recarga - 500g","Label":"Title","Locale":"es_ES"}},"Offers":{"Summaries":[{"Condition":{"Value":"New"},"LowestPrice":{"Amount":3.95,"Currency":"EUR","DisplayAmount":"3,95 € (7,90 € / kg)","PricePerUnit":7.9}}]}},{"ASIN":"B0BTYFMJGD","DetailPageURL":"https://www.amazon.es/dp/B0BTYFMJGD?tag=topinalambricos-21&linkCode=osi&th=1&psc=1","Images":{"Primary":{"Small":{"Height":75,"URL":"https://m.media-amazon.com/images/I/41or0ngfiVL._SL75_.jpg","Width":75}}},"ItemInfo":{"ByLineInfo":{"Brand":{"DisplayValue":"Oderra","Label":"Brand","Locale":"es_ES"},"Manufacturer":{"DisplayValue":"Neceser Transparente Viaje avion","Label":"Manufacturer","Locale":"es_ES"}},"Title":{"DisplayValue":"Oderra 2 Piezas Bolsa Transparente Avion, Neceser Transparente Viaje Avion, PVC Impermeable Bolsa Avion para Llevar Líquidos, para Mujeres y Hombres","Label":"Title","Locale":"es_ES"}},"Offers":{"Summaries":[{"Condition":{"Value":"New"},"LowestPrice":{"Amount":8.69,"Currency":"EUR","DisplayAmount":"8,69 € (4,34 € / count)","PricePerUnit":4.34}}]}},{"ASIN":"B09S43SRWH","DetailPageURL":"https://www.amazon.es/dp/B09S43SRWH?tag=topinalambricos-21&linkCode=osi&th=1&psc=1","Images":{"Primary":{"Small":{"Height":75,"URL":"https://m.media-amazon.com/images/I/21VlqWvdezL._SL75_.jpg","Width":75}}},"ItemInfo":{"ByLineInfo":{"Brand":{"DisplayValue":"Amazon Basics","Label":"Brand","Locale":"es_ES"},"Manufacturer":{"DisplayValue":"Amazon","Label":"Manufacturer","Locale":"es_ES"}},"Title":{"DisplayValue":"Amazon Basics Octogonal Paraguas cúpula Transparente, 87,6 cm","Label":"Title","Locale":"es_ES"}},"Offers":{"Summaries":[{"Condition":{"Value":"Used"},"LowestPrice":{"Amount":19.0,"Currency":"EUR","DisplayAmount":"19,00 €"}},{"Condition":{"Value":"New"},"LowestPrice":{"Amount":21.35,"Currency":"EUR","DisplayAmount":"21,35 €"}}]}},{"ASIN":"B0BXLGTN4M","DetailPageURL":"https://www.amazon.es/dp/B0BXLGTN4M?tag=topinalambricos-21&linkCode=osi&th=1&psc=1","Images":{"Primary":{"Small":{"Height":75,"URL":"https://m.media-amazon.com/images/I/41sNkwAbRuL._SL75_.jpg","Width":75}}},"ItemInfo":{"ByLineInfo":{"Brand":{"DisplayValue":"Runmeihe","Label":"Brand","Locale":"es_ES"}},"Title":{"DisplayValue":"Runmeihe 8 Pack Chubasquero Transparente Adulto, Desechable Poncho Impermeable para Hombre Mujer, Ligeroscon Poncho Luvia con Capuchas y Botones para Viajes Surf Senderismo Eventos","Label":"Title","Locale":"es_ES"}},"Offers":{"Summaries":[{"Condition":{"Value":"New"},"LowestPrice":{"Amount":14.99,"Currency":"EUR","DisplayAmount":"14,99 €"}}]}},{"ASIN":"B0CC4LHQ93","DetailPageURL":"https://www.amazon.es/dp/B0CC4LHQ93?tag=topinalambricos-21&linkCode=osi&th=1&psc=1","Images":{"Primary":{"Small":{"Height":75,"URL":"https://m.media-amazon.com/images/I/41TUf4V4npL._SL75_.jpg","Width":75}}},"ItemInfo":{"ByLineInfo":{"Brand":{"DisplayValue":"Helweet","Label":"Brand","Locale":"es_ES"},"Manufacturer":{"DisplayValue":"Helweet","Label":"Manufacturer","Locale":"es_ES"}},"Title":{"DisplayValue":"Mochila Transparente con Cordón, Mochila de Deporte Transparente, Bolsa de Gimnasia Transparente con Cordón, Bolsa de Cincha Transparente, Bolsa De Deportiva Transparente, para Deportes, Camping","Label":"Title","Locale":"es_ES"}},"Offers":{"Summaries":[{"Condition":{"Value":"New"},"LowestPrice":{"Amount":7.99,"Currency":"EUR","DisplayAmount":"7,99 €"}}]}},{"ASIN":"B002R8L7ZU","DetailPageURL":"https://www.amazon.es/dp/B002R8L7ZU?tag=topinalambricos-21&linkCode=osi&th=1&psc=1","Images":{"Primary":{"Small":{"Height":75,"URL":"https://m.media-amazon.com/images/I/41df3Oeu5DL._SL75_.jpg","Width":75}}},"ItemInfo":{"ByLineInfo":{"Brand":{"DisplayValue":"Fulton","Label":"Brand","Locale":"es_ES"},"Manufacturer":{"DisplayValue":"Fulton","Label":"Manufacturer","Locale":"es_ES"}},"Title":{"DisplayValue":"Fulton Birdcage - Paraguas Transparente","Label":"Title","Locale":"es_ES"}},"Offers":{"Summaries":[{"Condition":{"Value":"New"},"LowestPrice":{"Amount":21.0,"Currency":"EUR","DisplayAmount":"21,00 €"}},{"Condition":{"Value":"Used"},"LowestPrice":{"Amount":19.89,"Currency":"EUR","DisplayAmount":"19,89 €"}}]}},{"ASIN":"B0CL58QBXY","DetailPageURL":"https://www.amazon.es/dp/B0CL58QBXY?tag=topinalambricos-21&linkCode=osi&th=1&psc=1","Images":{"Primary":{"Small":{"Height":75,"URL":"https://m.media-amazon.com/images/I/3144UG+Zt4L._SL75_.jpg","Width":47}}},"ItemInfo":{"ByLineInfo":{"Brand":{"DisplayValue":"Dozer","Label":"Brand","Locale":"es_ES"}},"Title":{"DisplayValue":"Dozer Chubasquero desechable, Pack de 3 Chubasqueros Transparentes con Capucha, Poncho Impermeable para Festivales, Conciertos y Actividades al Aire Libre","Label":"Title","Locale":"es_ES"}},"Offers":{"Summaries":[{"Condition":{"Value":"New"},"LowestPrice":{"Amount":9.9,"Currency":"EUR","DisplayAmount":"9,90 €"}}]}},{"ASIN":"B0BG32VPWW","DetailPageURL":"https://www.amazon.es/dp/B0BG32VPWW?tag=topinalambricos-21&linkCode=osi&th=1&psc=1","Images":{"Primary":{"Small":{"Height":75,"URL":"https://m.media-amazon.com/images/I/41ltWc4PPjL._SL75_.jpg","Width":75}}},"ItemInfo":{"ByLineInfo":{"Brand":{"DisplayValue":"Acan","Label":"Brand","Locale":"es_ES"},"Manufacturer":{"DisplayValue":"Tradineur","Label":"Manufacturer","Locale":"es_ES"}},"Title":{"DisplayValue":"Acan Tradineur - Paraguas largo transparente - Mango acristalado - Fabricación en PVC - 8 Varillas - Evita los días lluviosos con elegancia - Color Aleatorio","Label":"Title","Locale":"es_ES"}},"Offers":{"Summaries":[{"Condition":{"Value":"New"},"LowestPrice":{"Amount":13.99,"Currency":"EUR","DisplayAmount":"13,99 €"}}]}},{"ASIN":"B0BX428YB2","DetailPageURL":"https://www.amazon.es/dp/B0BX428YB2?tag=topinalambricos-21&linkCode=osi&th=1&psc=1","Images":{"Primary":{"Small":{"Height":75,"URL":"https://m.media-amazon.com/images/I/41J+zgmgQ2L._SL75_.jpg","Width":75}}},"ItemInfo":{"ByLineInfo":{"Brand":{"DisplayValue":"Hengxinchen","Label":"Brand","Locale":"es_ES"},"Manufacturer":{"DisplayValue":"hengxinc","Label":"Manufacturer","Locale":"es_ES"}},"Title":{"DisplayValue":"Hengxinc 12 Bolsas de líquidos para Equipaje de Mano, Bolsa de Aseo Transparente, 20 x 20 cm, hermética, Bolsa de avión, líquidos, aerolínea, Reutilizable, Bolsa de cosméticos de Viaje","Label":"Title","Locale":"es_ES"}},"Offers":{"Summaries":[{"Condition":{"Value":"New"},"LowestPrice":{"Amount":7.29,"Currency":"EUR","DisplayAmount":"7,29 €"}}]}},{"ASIN":"B0B8NTBBK2","DetailPageURL":"https://www.amazon.es/dp/B0B8NTBBK2?tag=topinalambricos-21&linkCode=osi&th=1&psc=1","Images":{"Primary":{"Small":{"Height":75,"URL":"https://m.media-amazon.com/images/I/21NYf5Te0NL._SL75_.jpg","Width":58}}},"ItemInfo":{"ByLineInfo":{"Brand":{"DisplayValue":"HAWKERS","Label":"Brand","Locale":"es_ES"},"Manufacturer":{"DisplayValue":"SALDUM | PLAY HAWKERS GROUP","Label":"Manufacturer","Locale":"es_ES"}},"Title":{"DisplayValue":"HAWKERS Gafas de sol ONE para Hombre","Label":"Title","Locale":"es_ES"}},"Offers":{"Summaries":[{"Condition":{"Value":"New"},"LowestPrice":{"Amount":19.99,"Currency":"EUR","DisplayAmount":"19,99 €"}}]}}],"SearchURL":"https://www.amazon.es/s?k=transparente&rh=p_n_availability%3A-1&tag=topinalambricos-21&linkCode=osi","TotalResultCount":306}},"24":{"SearchResult":{"Items":[{"ASIN":"B00CJ7HPBE","DetailPageURL":"https://www.amazon.es/dp/B00CJ7HPBE?tag=topinalambricos-21&linkCode=osi&th=1&psc=1","Images":{"Primary":{"Small":{"Height":75,"URL":"https://m.media-amazon.com/images/I/314Qj5Dj4AL._SL75_.jpg","Width":25}}},"ItemInfo":{"ByLineInfo":{"Brand":{"DisplayValue":"Cléopâtre","Label":"Brand","Locale":"es_ES"},"Manufacturer":{"DisplayValue":"Cleopatre","Label":"Manufacturer","Locale":"es_ES"}},"Title":{"DisplayValue":"Cléopatre - Pegamento Transparente Fuerte L'Adhésive - Pegamento en Gel Ideal para Papel y Cartulina, Tareas Escolares a partir de 6 Años - Formato Recarga - 500g","Label":"Title","Locale":"es_ES"}},"Offers":{"Summaries":[{"Condition":{"Value":"New"},"LowestPrice":{"Amount":3.95,"Currency":"EUR","DisplayAmount":"3,95 € (7,90 € / kg)","PricePerUnit":7.9}}]}},{"ASIN":"B0BTYFMJGD","DetailPageURL":"https://www.amazon.es/dp/B0BTYFMJGD?tag=topinalambricos-21&linkCode=osi&th=1&psc=1","Images":{"Primary":{"Small":{"Height":75,"URL":"https://m.media-amazon.com/images/I/41or0ngfiVL._SL75_.jpg","Width":75}}},"ItemInfo":{"ByLineInfo":{"Brand":{"DisplayValue":"Oderra","Label":"Brand","Locale":"es_ES"},"Manufacturer":{"DisplayValue":"Neceser Transparente Viaje avion","Label":"Manufacturer","Locale":"es_ES"}},"Title":{"DisplayValue":"Oderra 2 Piezas Bolsa Transparente Avion, Neceser Transparente Viaje Avion, PVC Impermeable Bolsa Avion para Llevar Líquidos, para Mujeres y Hombres","Label":"Title","Locale":"es_ES"}},"Offers":{"Summaries":[{"Condition":{"Value":"New"},"LowestPrice":{"Amount":8.69,"Currency":"EUR","DisplayAmount":"8,69 € (4,34 € / count)","PricePerUnit":4.34}}]}},{"ASIN":"B09S43SRWH","DetailPageURL":"https://www.amazon.es/dp/B09S43SRWH?tag=topinalambricos-21&linkCode=osi&th=1&psc=1","Images":{"Primary":{"Small":{"Height":75,"URL":"https://m.media-amazon.com/images/I/21VlqWvdezL._SL75_.jpg","Width":75}}},"ItemInfo":{"ByLineInfo":{"Brand":{"DisplayValue":"Amazon Basics","Label":"Brand","Locale":"es_ES"},"Manufacturer":{"DisplayValue":"Amazon","Label":"Manufacturer","Locale":"es_ES"}},"Title":{"DisplayValue":"Amazon Basics Octogonal Paraguas cúpula Transparente, 87,6 cm","Label":"Title","Locale":"es_ES"}},"Offers":{"Summaries":[{"Condition":{"Value":"Used"},"LowestPrice":{"Amount":19.0,"Currency":"EUR","DisplayAmount":"19,00 €"}},{"Condition":{"Value":"New"},"LowestPrice":{"Amount":21.35,"Currency":"EUR","DisplayAmount":"21,35 €"}}]}},{"ASIN":"B0BXLGTN4M","DetailPageURL":"https://www.amazon.es/dp/B0BXLGTN4M?tag=topinalambricos-21&linkCode=osi&th=1&psc=1","Images":{"Primary":{"Small":{"Height":75,"URL":"https://m.media-amazon.com/images/I/41sNkwAbRuL._SL75_.jpg","Width":75}}},"ItemInfo":{"ByLineInfo":{"Brand":{"DisplayValue":"Runmeihe","Label":"Brand","Locale":"es_ES"}},"Title":{"DisplayValue":"Runmeihe 8 Pack Chubasquero Transparente Adulto, Desechable Poncho Impermeable para Hombre Mujer, Ligeroscon Poncho Luvia con Capuchas y Botones para Viajes Surf Senderismo Eventos","Label":"Title","Locale":"es_ES"}},"Offers":{"Summaries":[{"Condition":{"Value":"New"},"LowestPrice":{"Amount":14.99,"Currency":"EUR","DisplayAmount":"14,99 €"}}]}},{"ASIN":"B0CC4LHQ93","DetailPageURL":"https://www.amazon.es/dp/B0CC4LHQ93?tag=topinalambricos-21&linkCode=osi&th=1&psc=1","Images":{"Primary":{"Small":{"Height":75,"URL":"https://m.media-amazon.com/images/I/41TUf4V4npL._SL75_.jpg","Width":75}}},"ItemInfo":{"ByLineInfo":{"Brand":{"DisplayValue":"Helweet","Label":"Brand","Locale":"es_ES"},"Manufacturer":{"DisplayValue":"Helweet","Label":"Manufacturer","Locale":"es_ES"}},"Title":{"DisplayValue":"Mochila Transparente con Cordón, Mochila de Deporte Transparente, Bolsa de Gimnasia Transparente con Cordón, Bolsa de Cincha Transparente, Bolsa De Deportiva Transparente, para Deportes, Camping","Label":"Title","Locale":"es_ES"}},"Offers":{"Summaries":[{"Condition":{"Value":"New"},"LowestPrice":{"Amount":7.99,"Currency":"EUR","DisplayAmount":"7,99 €"}}]}},{"ASIN":"B002R8L7ZU","DetailPageURL":"https://www.amazon.es/dp/B002R8L7ZU?tag=topinalambricos-21&linkCode=osi&th=1&psc=1","Images":{"Primary":{"Small":{"Height":75,"URL":"https://m.media-amazon.com/images/I/41df3Oeu5DL._SL75_.jpg","Width":75}}},"ItemInfo":{"ByLineInfo":{"Brand":{"DisplayValue":"Fulton","Label":"Brand","Locale":"es_ES"},"Manufacturer":{"DisplayValue":"Fulton","Label":"Manufacturer","Locale":"es_ES"}},"Title":{"DisplayValue":"Fulton Birdcage - Paraguas Transparente","Label":"Title","Locale":"es_ES"}},"Offers":{"Summaries":[{"Condition":{"Value":"New"},"LowestPrice":{"Amount":21.0,"Currency":"EUR","DisplayAmount":"21,00 €"}},{"Condition":{"Value":"Used"},"LowestPrice":{"Amount":19.89,"Currency":"EUR","DisplayAmount":"19,89 €"}}]}},{"ASIN":"B0CL58QBXY","DetailPageURL":"https://www.amazon.es/dp/B0CL58QBXY?tag=topinalambricos-21&linkCode=osi&th=1&psc=1","Images":{"Primary":{"Small":{"Height":75,"URL":"https://m.media-amazon.com/images/I/3144UG+Zt4L._SL75_.jpg","Width":47}}},"ItemInfo":{"ByLineInfo":{"Brand":{"DisplayValue":"Dozer","Label":"Brand","Locale":"es_ES"}},"Title":{"DisplayValue":"Dozer Chubasquero desechable, Pack de 3 Chubasqueros Transparentes con Capucha, Poncho Impermeable para Festivales, Conciertos y Actividades al Aire Libre","Label":"Title","Locale":"es_ES"}},"Offers":{"Summaries":[{"Condition":{"Value":"New"},"LowestPrice":{"Amount":9.9,"Currency":"EUR","DisplayAmount":"9,90 €"}}]}},{"ASIN":"B0BG32VPWW","DetailPageURL":"https://www.amazon.es/dp/B0BG32VPWW?tag=topinalambricos-21&linkCode=osi&th=1&psc=1","Images":{"Primary":{"Small":{"Height":75,"URL":"https://m.media-amazon.com/images/I/41ltWc4PPjL._SL75_.jpg","Width":75}}},"ItemInfo":{"ByLineInfo":{"Brand":{"DisplayValue":"Acan","Label":"Brand","Locale":"es_ES"},"Manufacturer":{"DisplayValue":"Tradineur","Label":"Manufacturer","Locale":"es_ES"}},"Title":{"DisplayValue":"Acan Tradineur - Paraguas largo transparente - Mango acristalado - Fabricación en PVC - 8 Varillas - Evita los días lluviosos con elegancia - Color Aleatorio","Label":"Title","Locale":"es_ES"}},"Offers":{"Summaries":[{"Condition":{"Value":"New"},"LowestPrice":{"Amount":13.99,"Currency":"EUR","DisplayAmount":"13,99 €"}}]}},{"ASIN":"B0BX428YB2","DetailPageURL":"https://www.amazon.es/dp/B0BX428YB2?tag=topinalambricos-21&linkCode=osi&th=1&psc=1","Images":{"Primary":{"Small":{"Height":75,"URL":"https://m.media-amazon.com/images/I/41J+zgmgQ2L._SL75_.jpg","Width":75}}},"ItemInfo":{"ByLineInfo":{"Brand":{"DisplayValue":"Hengxinchen","Label":"Brand","Locale":"es_ES"},"Manufacturer":{"DisplayValue":"hengxinc","Label":"Manufacturer","Locale":"es_ES"}},"Title":{"DisplayValue":"Hengxinc 12 Bolsas de líquidos para Equipaje de Mano, Bolsa de Aseo Transparente, 20 x 20 cm, hermética, Bolsa de avión, líquidos, aerolínea, Reutilizable, Bolsa de cosméticos de Viaje","Label":"Title","Locale":"es_ES"}},"Offers":{"Summaries":[{"Condition":{"Value":"New"},"LowestPrice":{"Amount":7.29,"Currency":"EUR","DisplayAmount":"7,29 €"}}]}},{"ASIN":"B0B8NTBBK2","DetailPageURL":"https://www.amazon.es/dp/B0B8NTBBK2?tag=topinalambricos-21&linkCode=osi&th=1&psc=1","Images":{"Primary":{"Small":{"Height":75,"URL":"https://m.media-amazon.com/images/I/21NYf5Te0NL._SL75_.jpg","Width":58}}},"ItemInfo":{"ByLineInfo":{"Brand":{"DisplayValue":"HAWKERS","Label":"Brand","Locale":"es_ES"},"Manufacturer":{"DisplayValue":"SALDUM | PLAY HAWKERS GROUP","Label":"Manufacturer","Locale":"es_ES"}},"Title":{"DisplayValue":"HAWKERS Gafas de sol ONE para Hombre","Label":"Title","Locale":"es_ES"}},"Offers":{"Summaries":[{"Condition":{"Value":"New"},"LowestPrice":{"Amount":19.99,"Currency":"EUR","DisplayAmount":"19,99 €"}}]}}],"SearchURL":"https://www.amazon.es/s?k=transparente&rh=p_n_availability%3A-1&tag=topinalambricos-21&linkCode=osi","TotalResultCount":306}},"25":{"SearchResult":{"Items":[{"ASIN":"B00CJ7HPBE","DetailPageURL":"https://www.amazon.es/dp/B00CJ7HPBE?tag=topinalambricos-21&linkCode=osi&th=1&psc=1","Images":{"Primary":{"Small":{"Height":75,"URL":"https://m.media-amazon.com/images/I/314Qj5Dj4AL._SL75_.jpg","Width":25}}},"ItemInfo":{"ByLineInfo":{"Brand":{"DisplayValue":"Cléopâtre","Label":"Brand","Locale":"es_ES"},"Manufacturer":{"DisplayValue":"Cleopatre","Label":"Manufacturer","Locale":"es_ES"}},"Title":{"DisplayValue":"Cléopatre - Pegamento Transparente Fuerte L'Adhésive - Pegamento en Gel Ideal para Papel y Cartulina, Tareas Escolares a partir de 6 Años - Formato Recarga - 500g","Label":"Title","Locale":"es_ES"}},"Offers":{"Summaries":[{"Condition":{"Value":"New"},"LowestPrice":{"Amount":3.95,"Currency":"EUR","DisplayAmount":"3,95 € (7,90 € / kg)","PricePerUnit":7.9}}]}},{"ASIN":"B0BTYFMJGD","DetailPageURL":"https://www.amazon.es/dp/B0BTYFMJGD?tag=topinalambricos-21&linkCode=osi&th=1&psc=1","Images":{"Primary":{"Small":{"Height":75,"URL":"https://m.media-amazon.com/images/I/41or0ngfiVL._SL75_.jpg","Width":75}}},"ItemInfo":{"ByLineInfo":{"Brand":{"DisplayValue":"Oderra","Label":"Brand","Locale":"es_ES"},"Manufacturer":{"DisplayValue":"Neceser Transparente Viaje avion","Label":"Manufacturer","Locale":"es_ES"}},"Title":{"DisplayValue":"Oderra 2 Piezas Bolsa Transparente Avion, Neceser Transparente Viaje Avion, PVC Impermeable Bolsa Avion para Llevar Líquidos, para Mujeres y Hombres","Label":"Title","Locale":"es_ES"}},"Offers":{"Summaries":[{"Condition":{"Value":"New"},"LowestPrice":{"Amount":8.69,"Currency":"EUR","DisplayAmount":"8,69 € (4,34 € / count)","PricePerUnit":4.34}}]}},{"ASIN":"B09S43SRWH","DetailPageURL":"https://www.amazon.es/dp/B09S43SRWH?tag=topinalambricos-21&linkCode=osi&th=1&psc=1","Images":{"Primary":{"Small":{"Height":75,"URL":"https://m.media-amazon.com/images/I/21VlqWvdezL._SL75_.jpg","Width":75}}},"ItemInfo":{"ByLineInfo":{"Brand":{"DisplayValue":"Amazon Basics","Label":"Brand","Locale":"es_ES"},"Manufacturer":{"DisplayValue":"Amazon","Label":"Manufacturer","Locale":"es_ES"}},"Title":{"DisplayValue":"Amazon Basics Octogonal Paraguas cúpula Transparente, 87,6 cm","Label":"Title","Locale":"es_ES"}},"Offers":{"Summaries":[{"Condition":{"Value":"Used"},"LowestPrice":{"Amount":19.0,"Currency":"EUR","DisplayAmount":"19,00 €"}},{"Condition":{"Value":"New"},"LowestPrice":{"Amount":21.35,"Currency":"EUR","DisplayAmount":"21,35 €"}}]}},{"ASIN":"B0BXLGTN4M","DetailPageURL":"https://www.amazon.es/dp/B0BXLGTN4M?tag=topinalambricos-21&linkCode=osi&th=1&psc=1","Images":{"Primary":{"Small":{"Height":75,"URL":"https://m.media-amazon.com/images/I/41sNkwAbRuL._SL75_.jpg","Width":75}}},"ItemInfo":{"ByLineInfo":{"Brand":{"DisplayValue":"Runmeihe","Label":"Brand","Locale":"es_ES"}},"Title":{"DisplayValue":"Runmeihe 8 Pack Chubasquero Transparente Adulto, Desechable Poncho Impermeable para Hombre Mujer, Ligeroscon Poncho Luvia con Capuchas y Botones para Viajes Surf Senderismo Eventos","Label":"Title","Locale":"es_ES"}},"Offers":{"Summaries":[{"Condition":{"Value":"New"},"LowestPrice":{"Amount":14.99,"Currency":"EUR","DisplayAmount":"14,99 €"}}]}},{"ASIN":"B0CC4LHQ93","DetailPageURL":"https://www.amazon.es/dp/B0CC4LHQ93?tag=topinalambricos-21&linkCode=osi&th=1&psc=1","Images":{"Primary":{"Small":{"Height":75,"URL":"https://m.media-amazon.com/images/I/41TUf4V4npL._SL75_.jpg","Width":75}}},"ItemInfo":{"ByLineInfo":{"Brand":{"DisplayValue":"Helweet","Label":"Brand","Locale":"es_ES"},"Manufacturer":{"DisplayValue":"Helweet","Label":"Manufacturer","Locale":"es_ES"}},"Title":{"DisplayValue":"Mochila Transparente con Cordón, Mochila de Deporte Transparente, Bolsa de Gimnasia Transparente con Cordón, Bolsa de Cincha Transparente, Bolsa De Deportiva Transparente, para Deportes, Camping","Label":"Title","Locale":"es_ES"}},"Offers":{"Summaries":[{"Condition":{"Value":"New"},"LowestPrice":{"Amount":7.99,"Currency":"EUR","DisplayAmount":"7,99 €"}}]}},{"ASIN":"B002R8L7ZU","DetailPageURL":"https://www.amazon.es/dp/B002R8L7ZU?tag=topinalambricos-21&linkCode=osi&th=1&psc=1","Images":{"Primary":{"Small":{"Height":75,"URL":"https://m.media-amazon.com/images/I/41df3Oeu5DL._SL75_.jpg","Width":75}}},"ItemInfo":{"ByLineInfo":{"Brand":{"DisplayValue":"Fulton","Label":"Brand","Locale":"es_ES"},"Manufacturer":{"DisplayValue":"Fulton","Label":"Manufacturer","Locale":"es_ES"}},"Title":{"DisplayValue":"Fulton Birdcage - Paraguas Transparente","Label":"Title","Locale":"es_ES"}},"Offers":{"Summaries":[{"Condition":{"Value":"New"},"LowestPrice":{"Amount":21.0,"Currency":"EUR","DisplayAmount":"21,00 €"}},{"Condition":{"Value":"Used"},"LowestPrice":{"Amount":19.89,"Currency":"EUR","DisplayAmount":"19,89 €"}}]}},{"ASIN":"B0CL58QBXY","DetailPageURL":"https://www.amazon.es/dp/B0CL58QBXY?tag=topinalambricos-21&linkCode=osi&th=1&psc=1","Images":{"Primary":{"Small":{"Height":75,"URL":"https://m.media-amazon.com/images/I/3144UG+Zt4L._SL75_.jpg","Width":47}}},"ItemInfo":{"ByLineInfo":{"Brand":{"DisplayValue":"Dozer","Label":"Brand","Locale":"es_ES"}},"Title":{"DisplayValue":"Dozer Chubasquero desechable, Pack de 3 Chubasqueros Transparentes con Capucha, Poncho Impermeable para Festivales, Conciertos y Actividades al Aire Libre","Label":"Title","Locale":"es_ES"}},"Offers":{"Summaries":[{"Condition":{"Value":"New"},"LowestPrice":{"Amount":9.9,"Currency":"EUR","DisplayAmount":"9,90 €"}}]}},{"ASIN":"B0BG32VPWW","DetailPageURL":"https://www.amazon.es/dp/B0BG32VPWW?tag=topinalambricos-21&linkCode=osi&th=1&psc=1","Images":{"Primary":{"Small":{"Height":75,"URL":"https://m.media-amazon.com/images/I/41ltWc4PPjL._SL75_.jpg","Width":75}}},"ItemInfo":{"ByLineInfo":{"Brand":{"DisplayValue":"Acan","Label":"Brand","Locale":"es_ES"},"Manufacturer":{"DisplayValue":"Tradineur","Label":"Manufacturer","Locale":"es_ES"}},"Title":{"DisplayValue":"Acan Tradineur - Paraguas largo transparente - Mango acristalado - Fabricación en PVC - 8 Varillas - Evita los días lluviosos con elegancia - Color Aleatorio","Label":"Title","Locale":"es_ES"}},"Offers":{"Summaries":[{"Condition":{"Value":"New"},"LowestPrice":{"Amount":13.99,"Currency":"EUR","DisplayAmount":"13,99 €"}}]}},{"ASIN":"B0BX428YB2","DetailPageURL":"https://www.amazon.es/dp/B0BX428YB2?tag=topinalambricos-21&linkCode=osi&th=1&psc=1","Images":{"Primary":{"Small":{"Height":75,"URL":"https://m.media-amazon.com/images/I/41J+zgmgQ2L._SL75_.jpg","Width":75}}},"ItemInfo":{"ByLineInfo":{"Brand":{"DisplayValue":"Hengxinchen","Label":"Brand","Locale":"es_ES"},"Manufacturer":{"DisplayValue":"hengxinc","Label":"Manufacturer","Locale":"es_ES"}},"Title":{"DisplayValue":"Hengxinc 12 Bolsas de líquidos para Equipaje de Mano, Bolsa de Aseo Transparente, 20 x 20 cm, hermética, Bolsa de avión, líquidos, aerolínea, Reutilizable, Bolsa de cosméticos de Viaje","Label":"Title","Locale":"es_ES"}},"Offers":{"Summaries":[{"Condition":{"Value":"New"},"LowestPrice":{"Amount":7.29,"Currency":"EUR","DisplayAmount":"7,29 €"}}]}},{"ASIN":"B0B8NTBBK2","DetailPageURL":"https://www.amazon.es/dp/B0B8NTBBK2?tag=topinalambricos-21&linkCode=osi&th=1&psc=1","Images":{"Primary":{"Small":{"Height":75,"URL":"https://m.media-amazon.com/images/I/21NYf5Te0NL._SL75_.jpg","Width":58}}},"ItemInfo":{"ByLineInfo":{"Brand":{"DisplayValue":"HAWKERS","Label":"Brand","Locale":"es_ES"},"Manufacturer":{"DisplayValue":"SALDUM | PLAY HAWKERS GROUP","Label":"Manufacturer","Locale":"es_ES"}},"Title":{"DisplayValue":"HAWKERS Gafas de sol ONE para Hombre","Label":"Title","Locale":"es_ES"}},"Offers":{"Summaries":[{"Condition":{"Value":"New"},"LowestPrice":{"Amount":19.99,"Currency":"EUR","DisplayAmount":"19,99 €"}}]}}],"SearchURL":"https://www.amazon.es/s?k=transparente&rh=p_n_availability%3A-1&tag=topinalambricos-21&linkCode=osi","TotalResultCount":306}},"26":{"SearchResult":{"Items":[{"ASIN":"B00CJ7HPBE","DetailPageURL":"https://www.amazon.es/dp/B00CJ7HPBE?tag=topinalambricos-21&linkCode=osi&th=1&psc=1","Images":{"Primary":{"Small":{"Height":75,"URL":"https://m.media-amazon.com/images/I/314Qj5Dj4AL._SL75_.jpg","Width":25}}},"ItemInfo":{"ByLineInfo":{"Brand":{"DisplayValue":"Cléopâtre","Label":"Brand","Locale":"es_ES"},"Manufacturer":{"DisplayValue":"Cleopatre","Label":"Manufacturer","Locale":"es_ES"}},"Title":{"DisplayValue":"Cléopatre - Pegamento Transparente Fuerte L'Adhésive - Pegamento en Gel Ideal para Papel y Cartulina, Tareas Escolares a partir de 6 Años - Formato Recarga - 500g","Label":"Title","Locale":"es_ES"}},"Offers":{"Summaries":[{"Condition":{"Value":"New"},"LowestPrice":{"Amount":3.95,"Currency":"EUR","DisplayAmount":"3,95 € (7,90 € / kg)","PricePerUnit":7.9}}]}},{"ASIN":"B0BTYFMJGD","DetailPageURL":"https://www.amazon.es/dp/B0BTYFMJGD?tag=topinalambricos-21&linkCode=osi&th=1&psc=1","Images":{"Primary":{"Small":{"Height":75,"URL":"https://m.media-amazon.com/images/I/41or0ngfiVL._SL75_.jpg","Width":75}}},"ItemInfo":{"ByLineInfo":{"Brand":{"DisplayValue":"Oderra","Label":"Brand","Locale":"es_ES"},"Manufacturer":{"DisplayValue":"Neceser Transparente Viaje avion","Label":"Manufacturer","Locale":"es_ES"}},"Title":{"DisplayValue":"Oderra 2 Piezas Bolsa Transparente Avion, Neceser Transparente Viaje Avion, PVC Impermeable Bolsa Avion para Llevar Líquidos, para Mujeres y Hombres","Label":"Title","Locale":"es_ES"}},"Offers":{"Summaries":[{"Condition":{"Value":"New"},"LowestPrice":{"Amount":8.69,"Currency":"EUR","DisplayAmount":"8,69 € (4,34 € / count)","PricePerUnit":4.34}}]}},{"ASIN":"B09S43SRWH","DetailPageURL":"https://www.amazon.es/dp/B09S43SRWH?tag=topinalambricos-21&linkCode=osi&th=1&psc=1","Images":{"Primary":{"Small":{"Height":75,"URL":"https://m.media-amazon.com/images/I/21VlqWvdezL._SL75_.jpg","Width":75}}},"ItemInfo":{"ByLineInfo":{"Brand":{"DisplayValue":"Amazon Basics","Label":"Brand","Locale":"es_ES"},"Manufacturer":{"DisplayValue":"Amazon","Label":"Manufacturer","Locale":"es_ES"}},"Title":{"DisplayValue":"Amazon Basics Octogonal Paraguas cúpula Transparente, 87,6 cm","Label":"Title","Locale":"es_ES"}},"Offers":{"Summaries":[{"Condition":{"Value":"Used"},"LowestPrice":{"Amount":19.0,"Currency":"EUR","DisplayAmount":"19,00 €"}},{"Condition":{"Value":"New"},"LowestPrice":{"Amount":21.35,"Currency":"EUR","DisplayAmount":"21,35 €"}}]}},{"ASIN":"B0BXLGTN4M","DetailPageURL":"https://www.amazon.es/dp/B0BXLGTN4M?tag=topinalambricos-21&linkCode=osi&th=1&psc=1","Images":{"Primary":{"Small":{"Height":75,"URL":"https://m.media-amazon.com/images/I/41sNkwAbRuL._SL75_.jpg","Width":75}}},"ItemInfo":{"ByLineInfo":{"Brand":{"DisplayValue":"Runmeihe","Label":"Brand","Locale":"es_ES"}},"Title":{"DisplayValue":"Runmeihe 8 Pack Chubasquero Transparente Adulto, Desechable Poncho Impermeable para Hombre Mujer, Ligeroscon Poncho Luvia con Capuchas y Botones para Viajes Surf Senderismo Eventos","Label":"Title","Locale":"es_ES"}},"Offers":{"Summaries":[{"Condition":{"Value":"New"},"LowestPrice":{"Amount":14.99,"Currency":"EUR","DisplayAmount":"14,99 €"}}]}},{"ASIN":"B0CC4LHQ93","DetailPageURL":"https://www.amazon.es/dp/B0CC4LHQ93?tag=topinalambricos-21&linkCode=osi&th=1&psc=1","Images":{"Primary":{"Small":{"Height":75,"URL":"https://m.media-amazon.com/images/I/41TUf4V4npL._SL75_.jpg","Width":75}}},"ItemInfo":{"ByLineInfo":{"Brand":{"DisplayValue":"Helweet","Label":"Brand","Locale":"es_ES"},"Manufacturer":{"DisplayValue":"Helweet","Label":"Manufacturer","Locale":"es_ES"}},"Title":{"DisplayValue":"Mochila Transparente con Cordón, Mochila de Deporte Transparente, Bolsa de Gimnasia Transparente con Cordón, Bolsa de Cincha Transparente, Bolsa De Deportiva Transparente, para Deportes, Camping","Label":"Title","Locale":"es_ES"}},"Offers":{"Summaries":[{"Condition":{"Value":"New"},"LowestPrice":{"Amount":7.99,"Currency":"EUR","DisplayAmount":"7,99 €"}}]}},{"ASIN":"B002R8L7ZU","DetailPageURL":"https://www.amazon.es/dp/B002R8L7ZU?tag=topinalambricos-21&linkCode=osi&th=1&psc=1","Images":{"Primary":{"Small":{"Height":75,"URL":"https://m.media-amazon.com/images/I/41df3Oeu5DL._SL75_.jpg","Width":75}}},"ItemInfo":{"ByLineInfo":{"Brand":{"DisplayValue":"Fulton","Label":"Brand","Locale":"es_ES"},"Manufacturer":{"DisplayValue":"Fulton","Label":"Manufacturer","Locale":"es_ES"}},"Title":{"DisplayValue":"Fulton Birdcage - Paraguas Transparente","Label":"Title","Locale":"es_ES"}},"Offers":{"Summaries":[{"Condition":{"Value":"New"},"LowestPrice":{"Amount":21.0,"Currency":"EUR","DisplayAmount":"21,00 €"}},{"Condition":{"Value":"Used"},"LowestPrice":{"Amount":19.89,"Currency":"EUR","DisplayAmount":"19,89 €"}}]}},{"ASIN":"B0CL58QBXY","DetailPageURL":"https://www.amazon.es/dp/B0CL58QBXY?tag=topinalambricos-21&linkCode=osi&th=1&psc=1","Images":{"Primary":{"Small":{"Height":75,"URL":"https://m.media-amazon.com/images/I/3144UG+Zt4L._SL75_.jpg","Width":47}}},"ItemInfo":{"ByLineInfo":{"Brand":{"DisplayValue":"Dozer","Label":"Brand","Locale":"es_ES"}},"Title":{"DisplayValue":"Dozer Chubasquero desechable, Pack de 3 Chubasqueros Transparentes con Capucha, Poncho Impermeable para Festivales, Conciertos y Actividades al Aire Libre","Label":"Title","Locale":"es_ES"}},"Offers":{"Summaries":[{"Condition":{"Value":"New"},"LowestPrice":{"Amount":9.9,"Currency":"EUR","DisplayAmount":"9,90 €"}}]}},{"ASIN":"B0BG32VPWW","DetailPageURL":"https://www.amazon.es/dp/B0BG32VPWW?tag=topinalambricos-21&linkCode=osi&th=1&psc=1","Images":{"Primary":{"Small":{"Height":75,"URL":"https://m.media-amazon.com/images/I/41ltWc4PPjL._SL75_.jpg","Width":75}}},"ItemInfo":{"ByLineInfo":{"Brand":{"DisplayValue":"Acan","Label":"Brand","Locale":"es_ES"},"Manufacturer":{"DisplayValue":"Tradineur","Label":"Manufacturer","Locale":"es_ES"}},"Title":{"DisplayValue":"Acan Tradineur - Paraguas largo transparente - Mango acristalado - Fabricación en PVC - 8 Varillas - Evita los días lluviosos con elegancia - Color Aleatorio","Label":"Title","Locale":"es_ES"}},"Offers":{"Summaries":[{"Condition":{"Value":"New"},"LowestPrice":{"Amount":13.99,"Currency":"EUR","DisplayAmount":"13,99 €"}}]}},{"ASIN":"B0BX428YB2","DetailPageURL":"https://www.amazon.es/dp/B0BX428YB2?tag=topinalambricos-21&linkCode=osi&th=1&psc=1","Images":{"Primary":{"Small":{"Height":75,"URL":"https://m.media-amazon.com/images/I/41J+zgmgQ2L._SL75_.jpg","Width":75}}},"ItemInfo":{"ByLineInfo":{"Brand":{"DisplayValue":"Hengxinchen","Label":"Brand","Locale":"es_ES"},"Manufacturer":{"DisplayValue":"hengxinc","Label":"Manufacturer","Locale":"es_ES"}},"Title":{"DisplayValue":"Hengxinc 12 Bolsas de líquidos para Equipaje de Mano, Bolsa de Aseo Transparente, 20 x 20 cm, hermética, Bolsa de avión, líquidos, aerolínea, Reutilizable, Bolsa de cosméticos de Viaje","Label":"Title","Locale":"es_ES"}},"Offers":{"Summaries":[{"Condition":{"Value":"New"},"LowestPrice":{"Amount":7.29,"Currency":"EUR","DisplayAmount":"7,29 €"}}]}},{"ASIN":"B0B8NTBBK2","DetailPageURL":"https://www.amazon.es/dp/B0B8NTBBK2?tag=topinalambricos-21&linkCode=osi&th=1&psc=1","Images":{"Primary":{"Small":{"Height":75,"URL":"https://m.media-amazon.com/images/I/21NYf5Te0NL._SL75_.jpg","Width":58}}},"ItemInfo":{"ByLineInfo":{"Brand":{"DisplayValue":"HAWKERS","Label":"Brand","Locale":"es_ES"},"Manufacturer":{"DisplayValue":"SALDUM | PLAY HAWKERS GROUP","Label":"Manufacturer","Locale":"es_ES"}},"Title":{"DisplayValue":"HAWKERS Gafas de sol ONE para Hombre","Label":"Title","Locale":"es_ES"}},"Offers":{"Summaries":[{"Condition":{"Value":"New"},"LowestPrice":{"Amount":19.99,"Currency":"EUR","DisplayAmount":"19,99 €"}}]}}],"SearchURL":"https://www.amazon.es/s?k=transparente&rh=p_n_availability%3A-1&tag=topinalambricos-21&linkCode=osi","TotalResultCount":306}},"27":{"SearchResult":{"Items":[{"ASIN":"B00CJ7HPBE","DetailPageURL":"https://www.amazon.es/dp/B00CJ7HPBE?tag=topinalambricos-21&linkCode=osi&th=1&psc=1","Images":{"Primary":{"Small":{"Height":75,"URL":"https://m.media-amazon.com/images/I/314Qj5Dj4AL._SL75_.jpg","Width":25}}},"ItemInfo":{"ByLineInfo":{"Brand":{"DisplayValue":"Cléopâtre","Label":"Brand","Locale":"es_ES"},"Manufacturer":{"DisplayValue":"Cleopatre","Label":"Manufacturer","Locale":"es_ES"}},"Title":{"DisplayValue":"Cléopatre - Pegamento Transparente Fuerte L'Adhésive - Pegamento en Gel Ideal para Papel y Cartulina, Tareas Escolares a partir de 6 Años - Formato Recarga - 500g","Label":"Title","Locale":"es_ES"}},"Offers":{"Summaries":[{"Condition":{"Value":"New"},"LowestPrice":{"Amount":3.95,"Currency":"EUR","DisplayAmount":"3,95 € (7,90 € / kg)","PricePerUnit":7.9}}]}},{"ASIN":"B0BTYFMJGD","DetailPageURL":"https://www.amazon.es/dp/B0BTYFMJGD?tag=topinalambricos-21&linkCode=osi&th=1&psc=1","Images":{"Primary":{"Small":{"Height":75,"URL":"https://m.media-amazon.com/images/I/41or0ngfiVL._SL75_.jpg","Width":75}}},"ItemInfo":{"ByLineInfo":{"Brand":{"DisplayValue":"Oderra","Label":"Brand","Locale":"es_ES"},"Manufacturer":{"DisplayValue":"Neceser Transparente Viaje avion","Label":"Manufacturer","Locale":"es_ES"}},"Title":{"DisplayValue":"Oderra 2 Piezas Bolsa Transparente Avion, Neceser Transparente Viaje Avion, PVC Impermeable Bolsa Avion para Llevar Líquidos, para Mujeres y Hombres","Label":"Title","Locale":"es_ES"}},"Offers":{"Summaries":[{"Condition":{"Value":"New"},"LowestPrice":{"Amount":8.69,"Currency":"EUR","DisplayAmount":"8,69 € (4,34 € / count)","PricePerUnit":4.34}}]}},{"ASIN":"B09S43SRWH","DetailPageURL":"https://www.amazon.es/dp/B09S43SRWH?tag=topinalambricos-21&linkCode=osi&th=1&psc=1","Images":{"Primary":{"Small":{"Height":75,"URL":"https://m.media-amazon.com/images/I/21VlqWvdezL._SL75_.jpg","Width":75}}},"ItemInfo":{"ByLineInfo":{"Brand":{"DisplayValue":"Amazon Basics","Label":"Brand","Locale":"es_ES"},"Manufacturer":{"DisplayValue":"Amazon","Label":"Manufacturer","Locale":"es_ES"}},"Title":{"DisplayValue":"Amazon Basics Octogonal Paraguas cúpula Transparente, 87,6 cm","Label":"Title","Locale":"es_ES"}},"Offers":{"Summaries":[{"Condition":{"Value":"Used"},"LowestPrice":{"Amount":19.0,"Currency":"EUR","DisplayAmount":"19,00 €"}},{"Condition":{"Value":"New"},"LowestPrice":{"Amount":21.35,"Currency":"EUR","DisplayAmount":"21,35 €"}}]}},{"ASIN":"B0BXLGTN4M","DetailPageURL":"https://www.amazon.es/dp/B0BXLGTN4M?tag=topinalambricos-21&linkCode=osi&th=1&psc=1","Images":{"Primary":{"Small":{"Height":75,"URL":"https://m.media-amazon.com/images/I/41sNkwAbRuL._SL75_.jpg","Width":75}}},"ItemInfo":{"ByLineInfo":{"Brand":{"DisplayValue":"Runmeihe","Label":"Brand","Locale":"es_ES"}},"Title":{"DisplayValue":"Runmeihe 8 Pack Chubasquero Transparente Adulto, Desechable Poncho Impermeable para Hombre Mujer, Ligeroscon Poncho Luvia con Capuchas y Botones para Viajes Surf Senderismo Eventos","Label":"Title","Locale":"es_ES"}},"Offers":{"Summaries":[{"Condition":{"Value":"New"},"LowestPrice":{"Amount":14.99,"Currency":"EUR","DisplayAmount":"14,99 €"}}]}},{"ASIN":"B0CC4LHQ93","DetailPageURL":"https://www.amazon.es/dp/B0CC4LHQ93?tag=topinalambricos-21&linkCode=osi&th=1&psc=1","Images":{"Primary":{"Small":{"Height":75,"URL":"https://m.media-amazon.com/images/I/41TUf4V4npL._SL75_.jpg","Width":75}}},"ItemInfo":{"ByLineInfo":{"Brand":{"DisplayValue":"Helweet","Label":"Brand","Locale":"es_ES"},"Manufacturer":{"DisplayValue":"Helweet","Label":"Manufacturer","Locale":"es_ES"}},"Title":{"DisplayValue":"Mochila Transparente con Cordón, Mochila de Deporte Transparente, Bolsa de Gimnasia Transparente con Cordón, Bolsa de Cincha Transparente, Bolsa De Deportiva Transparente, para Deportes, Camping","Label":"Title","Locale":"es_ES"}},"Offers":{"Summaries":[{"Condition":{"Value":"New"},"LowestPrice":{"Amount":7.99,"Currency":"EUR","DisplayAmount":"7,99 €"}}]}},{"ASIN":"B002R8L7ZU","DetailPageURL":"https://www.amazon.es/dp/B002R8L7ZU?tag=topinalambricos-21&linkCode=osi&th=1&psc=1","Images":{"Primary":{"Small":{"Height":75,"URL":"https://m.media-amazon.com/images/I/41df3Oeu5DL._SL75_.jpg","Width":75}}},"ItemInfo":{"ByLineInfo":{"Brand":{"DisplayValue":"Fulton","Label":"Brand","Locale":"es_ES"},"Manufacturer":{"DisplayValue":"Fulton","Label":"Manufacturer","Locale":"es_ES"}},"Title":{"DisplayValue":"Fulton Birdcage - Paraguas Transparente","Label":"Title","Locale":"es_ES"}},"Offers":{"Summaries":[{"Condition":{"Value":"New"},"LowestPrice":{"Amount":21.0,"Currency":"EUR","DisplayAmount":"21,00 €"}},{"Condition":{"Value":"Used"},"LowestPrice":{"Amount":19.89,"Currency":"EUR","DisplayAmount":"19,89 €"}}]}},{"ASIN":"B0CL58QBXY","DetailPageURL":"https://www.amazon.es/dp/B0CL58QBXY?tag=topinalambricos-21&linkCode=osi&th=1&psc=1","Images":{"Primary":{"Small":{"Height":75,"URL":"https://m.media-amazon.com/images/I/3144UG+Zt4L._SL75_.jpg","Width":47}}},"ItemInfo":{"ByLineInfo":{"Brand":{"DisplayValue":"Dozer","Label":"Brand","Locale":"es_ES"}},"Title":{"DisplayValue":"Dozer Chubasquero desechable, Pack de 3 Chubasqueros Transparentes con Capucha, Poncho Impermeable para Festivales, Conciertos y Actividades al Aire Libre","Label":"Title","Locale":"es_ES"}},"Offers":{"Summaries":[{"Condition":{"Value":"New"},"LowestPrice":{"Amount":9.9,"Currency":"EUR","DisplayAmount":"9,90 €"}}]}},{"ASIN":"B0BG32VPWW","DetailPageURL":"https://www.amazon.es/dp/B0BG32VPWW?tag=topinalambricos-21&linkCode=osi&th=1&psc=1","Images":{"Primary":{"Small":{"Height":75,"URL":"https://m.media-amazon.com/images/I/41ltWc4PPjL._SL75_.jpg","Width":75}}},"ItemInfo":{"ByLineInfo":{"Brand":{"DisplayValue":"Acan","Label":"Brand","Locale":"es_ES"},"Manufacturer":{"DisplayValue":"Tradineur","Label":"Manufacturer","Locale":"es_ES"}},"Title":{"DisplayValue":"Acan Tradineur - Paraguas largo transparente - Mango acristalado - Fabricación en PVC - 8 Varillas - Evita los días lluviosos con elegancia - Color Aleatorio","Label":"Title","Locale":"es_ES"}},"Offers":{"Summaries":[{"Condition":{"Value":"New"},"LowestPrice":{"Amount":13.99,"Currency":"EUR","DisplayAmount":"13,99 €"}}]}},{"ASIN":"B0BX428YB2","DetailPageURL":"https://www.amazon.es/dp/B0BX428YB2?tag=topinalambricos-21&linkCode=osi&th=1&psc=1","Images":{"Primary":{"Small":{"Height":75,"URL":"https://m.media-amazon.com/images/I/41J+zgmgQ2L._SL75_.jpg","Width":75}}},"ItemInfo":{"ByLineInfo":{"Brand":{"DisplayValue":"Hengxinchen","Label":"Brand","Locale":"es_ES"},"Manufacturer":{"DisplayValue":"hengxinc","Label":"Manufacturer","Locale":"es_ES"}},"Title":{"DisplayValue":"Hengxinc 12 Bolsas de líquidos para Equipaje de Mano, Bolsa de Aseo Transparente, 20 x 20 cm, hermética, Bolsa de avión, líquidos, aerolínea, Reutilizable, Bolsa de cosméticos de Viaje","Label":"Title","Locale":"es_ES"}},"Offers":{"Summaries":[{"Condition":{"Value":"New"},"LowestPrice":{"Amount":7.29,"Currency":"EUR","DisplayAmount":"7,29 €"}}]}},{"ASIN":"B0B8NTBBK2","DetailPageURL":"https://www.amazon.es/dp/B0B8NTBBK2?tag=topinalambricos-21&linkCode=osi&th=1&psc=1","Images":{"Primary":{"Small":{"Height":75,"URL":"https://m.media-amazon.com/images/I/21NYf5Te0NL._SL75_.jpg","Width":58}}},"ItemInfo":{"ByLineInfo":{"Brand":{"DisplayValue":"HAWKERS","Label":"Brand","Locale":"es_ES"},"Manufacturer":{"DisplayValue":"SALDUM | PLAY HAWKERS GROUP","Label":"Manufacturer","Locale":"es_ES"}},"Title":{"DisplayValue":"HAWKERS Gafas de sol ONE para Hombre","Label":"Title","Locale":"es_ES"}},"Offers":{"Summaries":[{"Condition":{"Value":"New"},"LowestPrice":{"Amount":19.99,"Currency":"EUR","DisplayAmount":"19,99 €"}}]}}],"SearchURL":"https://www.amazon.es/s?k=transparente&rh=p_n_availability%3A-1&tag=topinalambricos-21&linkCode=osi","TotalResultCount":306}},"28":{"SearchResult":{"Items":[{"ASIN":"B00CJ7HPBE","DetailPageURL":"https://www.amazon.es/dp/B00CJ7HPBE?tag=topinalambricos-21&linkCode=osi&th=1&psc=1","Images":{"Primary":{"Small":{"Height":75,"URL":"https://m.media-amazon.com/images/I/314Qj5Dj4AL._SL75_.jpg","Width":25}}},"ItemInfo":{"ByLineInfo":{"Brand":{"DisplayValue":"Cléopâtre","Label":"Brand","Locale":"es_ES"},"Manufacturer":{"DisplayValue":"Cleopatre","Label":"Manufacturer","Locale":"es_ES"}},"Title":{"DisplayValue":"Cléopatre - Pegamento Transparente Fuerte L'Adhésive - Pegamento en Gel Ideal para Papel y Cartulina, Tareas Escolares a partir de 6 Años - Formato Recarga - 500g","Label":"Title","Locale":"es_ES"}},"Offers":{"Summaries":[{"Condition":{"Value":"New"},"LowestPrice":{"Amount":3.95,"Currency":"EUR","DisplayAmount":"3,95 € (7,90 € / kg)","PricePerUnit":7.9}}]}},{"ASIN":"B0BTYFMJGD","DetailPageURL":"https://www.amazon.es/dp/B0BTYFMJGD?tag=topinalambricos-21&linkCode=osi&th=1&psc=1","Images":{"Primary":{"Small":{"Height":75,"URL":"https://m.media-amazon.com/images/I/41or0ngfiVL._SL75_.jpg","Width":75}}},"ItemInfo":{"ByLineInfo":{"Brand":{"DisplayValue":"Oderra","Label":"Brand","Locale":"es_ES"},"Manufacturer":{"DisplayValue":"Neceser Transparente Viaje avion","Label":"Manufacturer","Locale":"es_ES"}},"Title":{"DisplayValue":"Oderra 2 Piezas Bolsa Transparente Avion, Neceser Transparente Viaje Avion, PVC Impermeable Bolsa Avion para Llevar Líquidos, para Mujeres y Hombres","Label":"Title","Locale":"es_ES"}},"Offers":{"Summaries":[{"Condition":{"Value":"New"},"LowestPrice":{"Amount":8.69,"Currency":"EUR","DisplayAmount":"8,69 € (4,34 € / count)","PricePerUnit":4.34}}]}},{"ASIN":"B09S43SRWH","DetailPageURL":"https://www.amazon.es/dp/B09S43SRWH?tag=topinalambricos-21&linkCode=osi&th=1&psc=1","Images":{"Primary":{"Small":{"Height":75,"URL":"https://m.media-amazon.com/images/I/21VlqWvdezL._SL75_.jpg","Width":75}}},"ItemInfo":{"ByLineInfo":{"Brand":{"DisplayValue":"Amazon Basics","Label":"Brand","Locale":"es_ES"},"Manufacturer":{"DisplayValue":"Amazon","Label":"Manufacturer","Locale":"es_ES"}},"Title":{"DisplayValue":"Amazon Basics Octogonal Paraguas cúpula Transparente, 87,6 cm","Label":"Title","Locale":"es_ES"}},"Offers":{"Summaries":[{"Condition":{"Value":"Used"},"LowestPrice":{"Amount":19.0,"Currency":"EUR","DisplayAmount":"19,00 €"}},{"Condition":{"Value":"New"},"LowestPrice":{"Amount":21.35,"Currency":"EUR","DisplayAmount":"21,35 €"}}]}},{"ASIN":"B0BXLGTN4M","DetailPageURL":"https://www.amazon.es/dp/B0BXLGTN4M?tag=topinalambricos-21&linkCode=osi&th=1&psc=1","Images":{"Primary":{"Small":{"Height":75,"URL":"https://m.media-amazon.com/images/I/41sNkwAbRuL._SL75_.jpg","Width":75}}},"ItemInfo":{"ByLineInfo":{"Brand":{"DisplayValue":"Runmeihe","Label":"Brand","Locale":"es_ES"}},"Title":{"DisplayValue":"Runmeihe 8 Pack Chubasquero Transparente Adulto, Desechable Poncho Impermeable para Hombre Mujer, Ligeroscon Poncho Luvia con Capuchas y Botones para Viajes Surf Senderismo Eventos","Label":"Title","Locale":"es_ES"}},"Offers":{"Summaries":[{"Condition":{"Value":"New"},"LowestPrice":{"Amount":14.99,"Currency":"EUR","DisplayAmount":"14,99 €"}}]}},{"ASIN":"B0CC4LHQ93","DetailPageURL":"https://www.amazon.es/dp/B0CC4LHQ93?tag=topinalambricos-21&linkCode=osi&th=1&psc=1","Images":{"Primary":{"Small":{"Height":75,"URL":"https://m.media-amazon.com/images/I/41TUf4V4npL._SL75_.jpg","Width":75}}},"ItemInfo":{"ByLineInfo":{"Brand":{"DisplayValue":"Helweet","Label":"Brand","Locale":"es_ES"},"Manufacturer":{"DisplayValue":"Helweet","Label":"Manufacturer","Locale":"es_ES"}},"Title":{"DisplayValue":"Mochila Transparente con Cordón, Mochila de Deporte Transparente, Bolsa de Gimnasia Transparente con Cordón, Bolsa de Cincha Transparente, Bolsa De Deportiva Transparente, para Deportes, Camping","Label":"Title","Locale":"es_ES"}},"Offers":{"Summaries":[{"Condition":{"Value":"New"},"LowestPrice":{"Amount":7.99,"Currency":"EUR","DisplayAmount":"7,99 €"}}]}},{"ASIN":"B002R8L7ZU","DetailPageURL":"https://www.amazon.es/dp/B002R8L7ZU?tag=topinalambricos-21&linkCode=osi&th=1&psc=1","Images":{"Primary":{"Small":{"Height":75,"URL":"https://m.media-amazon.com/images/I/41df3Oeu5DL._SL75_.jpg","Width":75}}},"ItemInfo":{"ByLineInfo":{"Brand":{"DisplayValue":"Fulton","Label":"Brand","Locale":"es_ES"},"Manufacturer":{"DisplayValue":"Fulton","Label":"Manufacturer","Locale":"es_ES"}},"Title":{"DisplayValue":"Fulton Birdcage - Paraguas Transparente","Label":"Title","Locale":"es_ES"}},"Offers":{"Summaries":[{"Condition":{"Value":"New"},"LowestPrice":{"Amount":21.0,"Currency":"EUR","DisplayAmount":"21,00 €"}},{"Condition":{"Value":"Used"},"LowestPrice":{"Amount":19.89,"Currency":"EUR","DisplayAmount":"19,89 €"}}]}},{"ASIN":"B0CL58QBXY","DetailPageURL":"https://www.amazon.es/dp/B0CL58QBXY?tag=topinalambricos-21&linkCode=osi&th=1&psc=1","Images":{"Primary":{"Small":{"Height":75,"URL":"https://m.media-amazon.com/images/I/3144UG+Zt4L._SL75_.jpg","Width":47}}},"ItemInfo":{"ByLineInfo":{"Brand":{"DisplayValue":"Dozer","Label":"Brand","Locale":"es_ES"}},"Title":{"DisplayValue":"Dozer Chubasquero desechable, Pack de 3 Chubasqueros Transparentes con Capucha, Poncho Impermeable para Festivales, Conciertos y Actividades al Aire Libre","Label":"Title","Locale":"es_ES"}},"Offers":{"Summaries":[{"Condition":{"Value":"New"},"LowestPrice":{"Amount":9.9,"Currency":"EUR","DisplayAmount":"9,90 €"}}]}},{"ASIN":"B0BG32VPWW","DetailPageURL":"https://www.amazon.es/dp/B0BG32VPWW?tag=topinalambricos-21&linkCode=osi&th=1&psc=1","Images":{"Primary":{"Small":{"Height":75,"URL":"https://m.media-amazon.com/images/I/41ltWc4PPjL._SL75_.jpg","Width":75}}},"ItemInfo":{"ByLineInfo":{"Brand":{"DisplayValue":"Acan","Label":"Brand","Locale":"es_ES"},"Manufacturer":{"DisplayValue":"Tradineur","Label":"Manufacturer","Locale":"es_ES"}},"Title":{"DisplayValue":"Acan Tradineur - Paraguas largo transparente - Mango acristalado - Fabricación en PVC - 8 Varillas - Evita los días lluviosos con elegancia - Color Aleatorio","Label":"Title","Locale":"es_ES"}},"Offers":{"Summaries":[{"Condition":{"Value":"New"},"LowestPrice":{"Amount":13.99,"Currency":"EUR","DisplayAmount":"13,99 €"}}]}},{"ASIN":"B0BX428YB2","DetailPageURL":"https://www.amazon.es/dp/B0BX428YB2?tag=topinalambricos-21&linkCode=osi&th=1&psc=1","Images":{"Primary":{"Small":{"Height":75,"URL":"https://m.media-amazon.com/images/I/41J+zgmgQ2L._SL75_.jpg","Width":75}}},"ItemInfo":{"ByLineInfo":{"Brand":{"DisplayValue":"Hengxinchen","Label":"Brand","Locale":"es_ES"},"Manufacturer":{"DisplayValue":"hengxinc","Label":"Manufacturer","Locale":"es_ES"}},"Title":{"DisplayValue":"Hengxinc 12 Bolsas de líquidos para Equipaje de Mano, Bolsa de Aseo Transparente, 20 x 20 cm, hermética, Bolsa de avión, líquidos, aerolínea, Reutilizable, Bolsa de cosméticos de Viaje","Label":"Title","Locale":"es_ES"}},"Offers":{"Summaries":[{"Condition":{"Value":"New"},"LowestPrice":{"Amount":7.29,"Currency":"EUR","DisplayAmount":"7,29 €"}}]}},{"ASIN":"B0B8NTBBK2","DetailPageURL":"https://www.amazon.es/dp/B0B8NTBBK2?tag=topinalambricos-21&linkCode=osi&th=1&psc=1","Images":{"Primary":{"Small":{"Height":75,"URL":"https://m.media-amazon.com/images/I/21NYf5Te0NL._SL75_.jpg","Width":58}}},"ItemInfo":{"ByLineInfo":{"Brand":{"DisplayValue":"HAWKERS","Label":"Brand","Locale":"es_ES"},"Manufacturer":{"DisplayValue":"SALDUM | PLAY HAWKERS GROUP","Label":"Manufacturer","Locale":"es_ES"}},"Title":{"DisplayValue":"HAWKERS Gafas de sol ONE para Hombre","Label":"Title","Locale":"es_ES"}},"Offers":{"Summaries":[{"Condition":{"Value":"New"},"LowestPrice":{"Amount":19.99,"Currency":"EUR","DisplayAmount":"19,99 €"}}]}}],"SearchURL":"https://www.amazon.es/s?k=transparente&rh=p_n_availability%3A-1&tag=topinalambricos-21&linkCode=osi","TotalResultCount":306}},"29":{"SearchResult":{"Items":[{"ASIN":"B00CJ7HPBE","DetailPageURL":"https://www.amazon.es/dp/B00CJ7HPBE?tag=topinalambricos-21&linkCode=osi&th=1&psc=1","Images":{"Primary":{"Small":{"Height":75,"URL":"https://m.media-amazon.com/images/I/314Qj5Dj4AL._SL75_.jpg","Width":25}}},"ItemInfo":{"ByLineInfo":{"Brand":{"DisplayValue":"Cléopâtre","Label":"Brand","Locale":"es_ES"},"Manufacturer":{"DisplayValue":"Cleopatre","Label":"Manufacturer","Locale":"es_ES"}},"Title":{"DisplayValue":"Cléopatre - Pegamento Transparente Fuerte L'Adhésive - Pegamento en Gel Ideal para Papel y Cartulina, Tareas Escolares a partir de 6 Años - Formato Recarga - 500g","Label":"Title","Locale":"es_ES"}},"Offers":{"Summaries":[{"Condition":{"Value":"New"},"LowestPrice":{"Amount":3.95,"Currency":"EUR","DisplayAmount":"3,95 € (7,90 € / kg)","PricePerUnit":7.9}}]}},{"ASIN":"B0BTYFMJGD","DetailPageURL":"https://www.amazon.es/dp/B0BTYFMJGD?tag=topinalambricos-21&linkCode=osi&th=1&psc=1","Images":{"Primary":{"Small":{"Height":75,"URL":"https://m.media-amazon.com/images/I/41or0ngfiVL._SL75_.jpg","Width":75}}},"ItemInfo":{"ByLineInfo":{"Brand":{"DisplayValue":"Oderra","Label":"Brand","Locale":"es_ES"},"Manufacturer":{"DisplayValue":"Neceser Transparente Viaje avion","Label":"Manufacturer","Locale":"es_ES"}},"Title":{"DisplayValue":"Oderra 2 Piezas Bolsa Transparente Avion, Neceser Transparente Viaje Avion, PVC Impermeable Bolsa Avion para Llevar Líquidos, para Mujeres y Hombres","Label":"Title","Locale":"es_ES"}},"Offers":{"Summaries":[{"Condition":{"Value":"New"},"LowestPrice":{"Amount":8.69,"Currency":"EUR","DisplayAmount":"8,69 € (4,34 € / count)","PricePerUnit":4.34}}]}},{"ASIN":"B09S43SRWH","DetailPageURL":"https://www.amazon.es/dp/B09S43SRWH?tag=topinalambricos-21&linkCode=osi&th=1&psc=1","Images":{"Primary":{"Small":{"Height":75,"URL":"https://m.media-amazon.com/images/I/21VlqWvdezL._SL75_.jpg","Width":75}}},"ItemInfo":{"ByLineInfo":{"Brand":{"DisplayValue":"Amazon Basics","Label":"Brand","Locale":"es_ES"},"Manufacturer":{"DisplayValue":"Amazon","Label":"Manufacturer","Locale":"es_ES"}},"Title":{"DisplayValue":"Amazon Basics Octogonal Paraguas cúpula Transparente, 87,6 cm","Label":"Title","Locale":"es_ES"}},"Offers":{"Summaries":[{"Condition":{"Value":"Used"},"LowestPrice":{"Amount":19.0,"Currency":"EUR","DisplayAmount":"19,00 €"}},{"Condition":{"Value":"New"},"LowestPrice":{"Amount":21.35,"Currency":"EUR","DisplayAmount":"21,35 €"}}]}},{"ASIN":"B0BXLGTN4M","DetailPageURL":"https://www.amazon.es/dp/B0BXLGTN4M?tag=topinalambricos-21&linkCode=osi&th=1&psc=1","Images":{"Primary":{"Small":{"Height":75,"URL":"https://m.media-amazon.com/images/I/41sNkwAbRuL._SL75_.jpg","Width":75}}},"ItemInfo":{"ByLineInfo":{"Brand":{"DisplayValue":"Runmeihe","Label":"Brand","Locale":"es_ES"}},"Title":{"DisplayValue":"Runmeihe 8 Pack Chubasquero Transparente Adulto, Desechable Poncho Impermeable para Hombre Mujer, Ligeroscon Poncho Luvia con Capuchas y Botones para Viajes Surf Senderismo Eventos","Label":"Title","Locale":"es_ES"}},"Offers":{"Summaries":[{"Condition":{"Value":"New"},"LowestPrice":{"Amount":14.99,"Currency":"EUR","DisplayAmount":"14,99 €"}}]}},{"ASIN":"B0CC4LHQ93","DetailPageURL":"https://www.amazon.es/dp/B0CC4LHQ93?tag=topinalambricos-21&linkCode=osi&th=1&psc=1","Images":{"Primary":{"Small":{"Height":75,"URL":"https://m.media-amazon.com/images/I/41TUf4V4npL._SL75_.jpg","Width":75}}},"ItemInfo":{"ByLineInfo":{"Brand":{"DisplayValue":"Helweet","Label":"Brand","Locale":"es_ES"},"Manufacturer":{"DisplayValue":"Helweet","Label":"Manufacturer","Locale":"es_ES"}},"Title":{"DisplayValue":"Mochila Transparente con Cordón, Mochila de Deporte Transparente, Bolsa de Gimnasia Transparente con Cordón, Bolsa de Cincha Transparente, Bolsa De Deportiva Transparente, para Deportes, Camping","Label":"Title","Locale":"es_ES"}},"Offers":{"Summaries":[{"Condition":{"Value":"New"},"LowestPrice":{"Amount":7.99,"Currency":"EUR","DisplayAmount":"7,99 €"}}]}},{"ASIN":"B002R8L7ZU","DetailPageURL":"https://www.amazon.es/dp/B002R8L7ZU?tag=topinalambricos-21&linkCode=osi&th=1&psc=1","Images":{"Primary":{"Small":{"Height":75,"URL":"https://m.media-amazon.com/images/I/41df3Oeu5DL._SL75_.jpg","Width":75}}},"ItemInfo":{"ByLineInfo":{"Brand":{"DisplayValue":"Fulton","Label":"Brand","Locale":"es_ES"},"Manufacturer":{"DisplayValue":"Fulton","Label":"Manufacturer","Locale":"es_ES"}},"Title":{"DisplayValue":"Fulton Birdcage - Paraguas Transparente","Label":"Title","Locale":"es_ES"}},"Offers":{"Summaries":[{"Condition":{"Value":"New"},"LowestPrice":{"Amount":21.0,"Currency":"EUR","DisplayAmount":"21,00 €"}},{"Condition":{"Value":"Used"},"LowestPrice":{"Amount":19.89,"Currency":"EUR","DisplayAmount":"19,89 €"}}]}},{"ASIN":"B0CL58QBXY","DetailPageURL":"https://www.amazon.es/dp/B0CL58QBXY?tag=topinalambricos-21&linkCode=osi&th=1&psc=1","Images":{"Primary":{"Small":{"Height":75,"URL":"https://m.media-amazon.com/images/I/3144UG+Zt4L._SL75_.jpg","Width":47}}},"ItemInfo":{"ByLineInfo":{"Brand":{"DisplayValue":"Dozer","Label":"Brand","Locale":"es_ES"}},"Title":{"DisplayValue":"Dozer Chubasquero desechable, Pack de 3 Chubasqueros Transparentes con Capucha, Poncho Impermeable para Festivales, Conciertos y Actividades al Aire Libre","Label":"Title","Locale":"es_ES"}},"Offers":{"Summaries":[{"Condition":{"Value":"New"},"LowestPrice":{"Amount":9.9,"Currency":"EUR","DisplayAmount":"9,90 €"}}]}},{"ASIN":"B0BG32VPWW","DetailPageURL":"https://www.amazon.es/dp/B0BG32VPWW?tag=topinalambricos-21&linkCode=osi&th=1&psc=1","Images":{"Primary":{"Small":{"Height":75,"URL":"https://m.media-amazon.com/images/I/41ltWc4PPjL._SL75_.jpg","Width":75}}},"ItemInfo":{"ByLineInfo":{"Brand":{"DisplayValue":"Acan","Label":"Brand","Locale":"es_ES"},"Manufacturer":{"DisplayValue":"Tradineur","Label":"Manufacturer","Locale":"es_ES"}},"Title":{"DisplayValue":"Acan Tradineur - Paraguas largo transparente - Mango acristalado - Fabricación en PVC - 8 Varillas - Evita los días lluviosos con elegancia - Color Aleatorio","Label":"Title","Locale":"es_ES"}},"Offers":{"Summaries":[{"Condition":{"Value":"New"},"LowestPrice":{"Amount":13.99,"Currency":"EUR","DisplayAmount":"13,99 €"}}]}},{"ASIN":"B0BX428YB2","DetailPageURL":"https://www.amazon.es/dp/B0BX428YB2?tag=topinalambricos-21&linkCode=osi&th=1&psc=1","Images":{"Primary":{"Small":{"Height":75,"URL":"https://m.media-amazon.com/images/I/41J+zgmgQ2L._SL75_.jpg","Width":75}}},"ItemInfo":{"ByLineInfo":{"Brand":{"DisplayValue":"Hengxinchen","Label":"Brand","Locale":"es_ES"},"Manufacturer":{"DisplayValue":"hengxinc","Label":"Manufacturer","Locale":"es_ES"}},"Title":{"DisplayValue":"Hengxinc 12 Bolsas de líquidos para Equipaje de Mano, Bolsa de Aseo Transparente, 20 x 20 cm, hermética, Bolsa de avión, líquidos, aerolínea, Reutilizable, Bolsa de cosméticos de Viaje","Label":"Title","Locale":"es_ES"}},"Offers":{"Summaries":[{"Condition":{"Value":"New"},"LowestPrice":{"Amount":7.29,"Currency":"EUR","DisplayAmount":"7,29 €"}}]}},{"ASIN":"B0B8NTBBK2","DetailPageURL":"https://www.amazon.es/dp/B0B8NTBBK2?tag=topinalambricos-21&linkCode=osi&th=1&psc=1","Images":{"Primary":{"Small":{"Height":75,"URL":"https://m.media-amazon.com/images/I/21NYf5Te0NL._SL75_.jpg","Width":58}}},"ItemInfo":{"ByLineInfo":{"Brand":{"DisplayValue":"HAWKERS","Label":"Brand","Locale":"es_ES"},"Manufacturer":{"DisplayValue":"SALDUM | PLAY HAWKERS GROUP","Label":"Manufacturer","Locale":"es_ES"}},"Title":{"DisplayValue":"HAWKERS Gafas de sol ONE para Hombre","Label":"Title","Locale":"es_ES"}},"Offers":{"Summaries":[{"Condition":{"Value":"New"},"LowestPrice":{"Amount":19.99,"Currency":"EUR","DisplayAmount":"19,99 €"}}]}}],"SearchURL":"https://www.amazon.es/s?k=transparente&rh=p_n_availability%3A-1&tag=topinalambricos-21&linkCode=osi","TotalResultCount":306}},"30":{"SearchResult":{"Items":[{"ASIN":"B00CJ7HPBE","DetailPageURL":"https://www.amazon.es/dp/B00CJ7HPBE?tag=topinalambricos-21&linkCode=osi&th=1&psc=1","Images":{"Primary":{"Small":{"Height":75,"URL":"https://m.media-amazon.com/images/I/314Qj5Dj4AL._SL75_.jpg","Width":25}}},"ItemInfo":{"ByLineInfo":{"Brand":{"DisplayValue":"Cléopâtre","Label":"Brand","Locale":"es_ES"},"Manufacturer":{"DisplayValue":"Cleopatre","Label":"Manufacturer","Locale":"es_ES"}},"Title":{"DisplayValue":"Cléopatre - Pegamento Transparente Fuerte L'Adhésive - Pegamento en Gel Ideal para Papel y Cartulina, Tareas Escolares a partir de 6 Años - Formato Recarga - 500g","Label":"Title","Locale":"es_ES"}},"Offers":{"Summaries":[{"Condition":{"Value":"New"},"LowestPrice":{"Amount":3.95,"Currency":"EUR","DisplayAmount":"3,95 € (7,90 € / kg)","PricePerUnit":7.9}}]}},{"ASIN":"B0BTYFMJGD","DetailPageURL":"https://www.amazon.es/dp/B0BTYFMJGD?tag=topinalambricos-21&linkCode=osi&th=1&psc=1","Images":{"Primary":{"Small":{"Height":75,"URL":"https://m.media-amazon.com/images/I/41or0ngfiVL._SL75_.jpg","Width":75}}},"ItemInfo":{"ByLineInfo":{"Brand":{"DisplayValue":"Oderra","Label":"Brand","Locale":"es_ES"},"Manufacturer":{"DisplayValue":"Neceser Transparente Viaje avion","Label":"Manufacturer","Locale":"es_ES"}},"Title":{"DisplayValue":"Oderra 2 Piezas Bolsa Transparente Avion, Neceser Transparente Viaje Avion, PVC Impermeable Bolsa Avion para Llevar Líquidos, para Mujeres y Hombres","Label":"Title","Locale":"es_ES"}},"Offers":{"Summaries":[{"Condition":{"Value":"New"},"LowestPrice":{"Amount":8.69,"Currency":"EUR","DisplayAmount":"8,69 € (4,34 € / count)","PricePerUnit":4.34}}]}},{"ASIN":"B09S43SRWH","DetailPageURL":"https://www.amazon.es/dp/B09S43SRWH?tag=topinalambricos-21&linkCode=osi&th=1&psc=1","Images":{"Primary":{"Small":{"Height":75,"URL":"https://m.media-amazon.com/images/I/21VlqWvdezL._SL75_.jpg","Width":75}}},"ItemInfo":{"ByLineInfo":{"Brand":{"DisplayValue":"Amazon Basics","Label":"Brand","Locale":"es_ES"},"Manufacturer":{"DisplayValue":"Amazon","Label":"Manufacturer","Locale":"es_ES"}},"Title":{"DisplayValue":"Amazon Basics Octogonal Paraguas cúpula Transparente, 87,6 cm","Label":"Title","Locale":"es_ES"}},"Offers":{"Summaries":[{"Condition":{"Value":"Used"},"LowestPrice":{"Amount":19.0,"Currency":"EUR","DisplayAmount":"19,00 €"}},{"Condition":{"Value":"New"},"LowestPrice":{"Amount":21.35,"Currency":"EUR","DisplayAmount":"21,35 €"}}]}},{"ASIN":"B0BXLGTN4M","DetailPageURL":"https://www.amazon.es/dp/B0BXLGTN4M?tag=topinalambricos-21&linkCode=osi&th=1&psc=1","Images":{"Primary":{"Small":{"Height":75,"URL":"https://m.media-amazon.com/images/I/41sNkwAbRuL._SL75_.jpg","Width":75}}},"ItemInfo":{"ByLineInfo":{"Brand":{"DisplayValue":"Runmeihe","Label":"Brand","Locale":"es_ES"}},"Title":{"DisplayValue":"Runmeihe 8 Pack Chubasquero Transparente Adulto, Desechable Poncho Impermeable para Hombre Mujer, Ligeroscon Poncho Luvia con Capuchas y Botones para Viajes Surf Senderismo Eventos","Label":"Title","Locale":"es_ES"}},"Offers":{"Summaries":[{"Condition":{"Value":"New"},"LowestPrice":{"Amount":14.99,"Currency":"EUR","DisplayAmount":"14,99 €"}}]}},{"ASIN":"B0CC4LHQ93","DetailPageURL":"https://www.amazon.es/dp/B0CC4LHQ93?tag=topinalambricos-21&linkCode=osi&th=1&psc=1","Images":{"Primary":{"Small":{"Height":75,"URL":"https://m.media-amazon.com/images/I/41TUf4V4npL._SL75_.jpg","Width":75}}},"ItemInfo":{"ByLineInfo":{"Brand":{"DisplayValue":"Helweet","Label":"Brand","Locale":"es_ES"},"Manufacturer":{"DisplayValue":"Helweet","Label":"Manufacturer","Locale":"es_ES"}},"Title":{"DisplayValue":"Mochila Transparente con Cordón, Mochila de Deporte Transparente, Bolsa de Gimnasia Transparente con Cordón, Bolsa de Cincha Transparente, Bolsa De Deportiva Transparente, para Deportes, Camping","Label":"Title","Locale":"es_ES"}},"Offers":{"Summaries":[{"Condition":{"Value":"New"},"LowestPrice":{"Amount":7.99,"Currency":"EUR","DisplayAmount":"7,99 €"}}]}},{"ASIN":"B002R8L7ZU","DetailPageURL":"https://www.amazon.es/dp/B002R8L7ZU?tag=topinalambricos-21&linkCode=osi&th=1&psc=1","Images":{"Primary":{"Small":{"Height":75,"URL":"https://m.media-amazon.com/images/I/41df3Oeu5DL._SL75_.jpg","Width":75}}},"ItemInfo":{"ByLineInfo":{"Brand":{"DisplayValue":"Fulton","Label":"Brand","Locale":"es_ES"},"Manufacturer":{"DisplayValue":"Fulton","Label":"Manufacturer","Locale":"es_ES"}},"Title":{"DisplayValue":"Fulton Birdcage - Paraguas Transparente","Label":"Title","Locale":"es_ES"}},"Offers":{"Summaries":[{"Condition":{"Value":"New"},"LowestPrice":{"Amount":21.0,"Currency":"EUR","DisplayAmount":"21,00 €"}},{"Condition":{"Value":"Used"},"LowestPrice":{"Amount":19.89,"Currency":"EUR","DisplayAmount":"19,89 €"}}]}},{"ASIN":"B0CL58QBXY","DetailPageURL":"https://www.amazon.es/dp/B0CL58QBXY?tag=topinalambricos-21&linkCode=osi&th=1&psc=1","Images":{"Primary":{"Small":{"Height":75,"URL":"https://m.media-amazon.com/images/I/3144UG+Zt4L._SL75_.jpg","Width":47}}},"ItemInfo":{"ByLineInfo":{"Brand":{"DisplayValue":"Dozer","Label":"Brand","Locale":"es_ES"}},"Title":{"DisplayValue":"Dozer Chubasquero desechable, Pack de 3 Chubasqueros Transparentes con Capucha, Poncho Impermeable para Festivales, Conciertos y Actividades al Aire Libre","Label":"Title","Locale":"es_ES"}},"Offers":{"Summaries":[{"Condition":{"Value":"New"},"LowestPrice":{"Amount":9.9,"Currency":"EUR","DisplayAmount":"9,90 €"}}]}},{"ASIN":"B0BG32VPWW","DetailPageURL":"https://www.amazon.es/dp/B0BG32VPWW?tag=topinalambricos-21&linkCode=osi&th=1&psc=1","Images":{"Primary":{"Small":{"Height":75,"URL":"https://m.media-amazon.com/images/I/41ltWc4PPjL._SL75_.jpg","Width":75}}},"ItemInfo":{"ByLineInfo":{"Brand":{"DisplayValue":"Acan","Label":"Brand","Locale":"es_ES"},"Manufacturer":{"DisplayValue":"Tradineur","Label":"Manufacturer","Locale":"es_ES"}},"Title":{"DisplayValue":"Acan Tradineur - Paraguas largo transparente - Mango acristalado - Fabricación en PVC - 8 Varillas - Evita los días lluviosos con elegancia - Color Aleatorio","Label":"Title","Locale":"es_ES"}},"Offers":{"Summaries":[{"Condition":{"Value":"New"},"LowestPrice":{"Amount":13.99,"Currency":"EUR","DisplayAmount":"13,99 €"}}]}},{"ASIN":"B0BX428YB2","DetailPageURL":"https://www.amazon.es/dp/B0BX428YB2?tag=topinalambricos-21&linkCode=osi&th=1&psc=1","Images":{"Primary":{"Small":{"Height":75,"URL":"https://m.media-amazon.com/images/I/41J+zgmgQ2L._SL75_.jpg","Width":75}}},"ItemInfo":{"ByLineInfo":{"Brand":{"DisplayValue":"Hengxinchen","Label":"Brand","Locale":"es_ES"},"Manufacturer":{"DisplayValue":"hengxinc","Label":"Manufacturer","Locale":"es_ES"}},"Title":{"DisplayValue":"Hengxinc 12 Bolsas de líquidos para Equipaje de Mano, Bolsa de Aseo Transparente, 20 x 20 cm, hermética, Bolsa de avión, líquidos, aerolínea, Reutilizable, Bolsa de cosméticos de Viaje","Label":"Title","Locale":"es_ES"}},"Offers":{"Summaries":[{"Condition":{"Value":"New"},"LowestPrice":{"Amount":7.29,"Currency":"EUR","DisplayAmount":"7,29 €"}}]}},{"ASIN":"B0B8NTBBK2","DetailPageURL":"https://www.amazon.es/dp/B0B8NTBBK2?tag=topinalambricos-21&linkCode=osi&th=1&psc=1","Images":{"Primary":{"Small":{"Height":75,"URL":"https://m.media-amazon.com/images/I/21NYf5Te0NL._SL75_.jpg","Width":58}}},"ItemInfo":{"ByLineInfo":{"Brand":{"DisplayValue":"HAWKERS","Label":"Brand","Locale":"es_ES"},"Manufacturer":{"DisplayValue":"SALDUM | PLAY HAWKERS GROUP","Label":"Manufacturer","Locale":"es_ES"}},"Title":{"DisplayValue":"HAWKERS Gafas de sol ONE para Hombre","Label":"Title","Locale":"es_ES"}},"Offers":{"Summaries":[{"Condition":{"Value":"New"},"LowestPrice":{"Amount":19.99,"Currency":"EUR","DisplayAmount":"19,99 €"}}]}}],"SearchURL":"https://www.amazon.es/s?k=transparente&rh=p_n_availability%3A-1&tag=topinalambricos-21&linkCode=osi","TotalResultCount":306}},"31":{"SearchResult":{"Items":[{"ASIN":"B00CJ7HPBE","DetailPageURL":"https://www.amazon.es/dp/B00CJ7HPBE?tag=topinalambricos-21&linkCode=osi&th=1&psc=1","Images":{"Primary":{"Small":{"Height":75,"URL":"https://m.media-amazon.com/images/I/314Qj5Dj4AL._SL75_.jpg","Width":25}}},"ItemInfo":{"ByLineInfo":{"Brand":{"DisplayValue":"Cléopâtre","Label":"Brand","Locale":"es_ES"},"Manufacturer":{"DisplayValue":"Cleopatre","Label":"Manufacturer","Locale":"es_ES"}},"Title":{"DisplayValue":"Cléopatre - Pegamento Transparente Fuerte L'Adhésive - Pegamento en Gel Ideal para Papel y Cartulina, Tareas Escolares a partir de 6 Años - Formato Recarga - 500g","Label":"Title","Locale":"es_ES"}},"Offers":{"Summaries":[{"Condition":{"Value":"New"},"LowestPrice":{"Amount":3.95,"Currency":"EUR","DisplayAmount":"3,95 € (7,90 € / kg)","PricePerUnit":7.9}}]}},{"ASIN":"B0BTYFMJGD","DetailPageURL":"https://www.amazon.es/dp/B0BTYFMJGD?tag=topinalambricos-21&linkCode=osi&th=1&psc=1","Images":{"Primary":{"Small":{"Height":75,"URL":"https://m.media-amazon.com/images/I/41or0ngfiVL._SL75_.jpg","Width":75}}},"ItemInfo":{"ByLineInfo":{"Brand":{"DisplayValue":"Oderra","Label":"Brand","Locale":"es_ES"},"Manufacturer":{"DisplayValue":"Neceser Transparente Viaje avion","Label":"Manufacturer","Locale":"es_ES"}},"Title":{"DisplayValue":"Oderra 2 Piezas Bolsa Transparente Avion, Neceser Transparente Viaje Avion, PVC Impermeable Bolsa Avion para Llevar Líquidos, para Mujeres y Hombres","Label":"Title","Locale":"es_ES"}},"Offers":{"Summaries":[{"Condition":{"Value":"New"},"LowestPrice":{"Amount":8.69,"Currency":"EUR","DisplayAmount":"8,69 € (4,34 € / count)","PricePerUnit":4.34}}]}},{"ASIN":"B09S43SRWH","DetailPageURL":"https://www.amazon.es/dp/B09S43SRWH?tag=topinalambricos-21&linkCode=osi&th=1&psc=1","Images":{"Primary":{"Small":{"Height":75,"URL":"https://m.media-amazon.com/images/I/21VlqWvdezL._SL75_.jpg","Width":75}}},"ItemInfo":{"ByLineInfo":{"Brand":{"DisplayValue":"Amazon Basics","Label":"Brand","Locale":"es_ES"},"Manufacturer":{"DisplayValue":"Amazon","Label":"Manufacturer","Locale":"es_ES"}},"Title":{"DisplayValue":"Amazon Basics Octogonal Paraguas cúpula Transparente, 87,6 cm","Label":"Title","Locale":"es_ES"}},"Offers":{"Summaries":[{"Condition":{"Value":"Used"},"LowestPrice":{"Amount":19.0,"Currency":"EUR","DisplayAmount":"19,00 €"}},{"Condition":{"Value":"New"},"LowestPrice":{"Amount":21.35,"Currency":"EUR","DisplayAmount":"21,35 €"}}]}},{"ASIN":"B0BXLGTN4M","DetailPageURL":"https://www.amazon.es/dp/B0BXLGTN4M?tag=topinalambricos-21&linkCode=osi&th=1&psc=1","Images":{"Primary":{"Small":{"Height":75,"URL":"https://m.media-amazon.com/images/I/41sNkwAbRuL._SL75_.jpg","Width":75}}},"ItemInfo":{"ByLineInfo":{"Brand":{"DisplayValue":"Runmeihe","Label":"Brand","Locale":"es_ES"}},"Title":{"DisplayValue":"Runmeihe 8 Pack Chubasquero Transparente Adulto, Desechable Poncho Impermeable para Hombre Mujer, Ligeroscon Poncho Luvia con Capuchas y Botones para Viajes Surf Senderismo Eventos","Label":"Title","Locale":"es_ES"}},"Offers":{"Summaries":[{"Condition":{"Value":"New"},"LowestPrice":{"Amount":14.99,"Currency":"EUR","DisplayAmount":"14,99 €"}}]}},{"ASIN":"B0CC4LHQ93","DetailPageURL":"https://www.amazon.es/dp/B0CC4LHQ93?tag=topinalambricos-21&linkCode=osi&th=1&psc=1","Images":{"Primary":{"Small":{"Height":75,"URL":"https://m.media-amazon.com/images/I/41TUf4V4npL._SL75_.jpg","Width":75}}},"ItemInfo":{"ByLineInfo":{"Brand":{"DisplayValue":"Helweet","Label":"Brand","Locale":"es_ES"},"Manufacturer":{"DisplayValue":"Helweet","Label":"Manufacturer","Locale":"es_ES"}},"Title":{"DisplayValue":"Mochila Transparente con Cordón, Mochila de Deporte Transparente, Bolsa de Gimnasia Transparente con Cordón, Bolsa de Cincha Transparente, Bolsa De Deportiva Transparente, para Deportes, Camping","Label":"Title","Locale":"es_ES"}},"Offers":{"Summaries":[{"Condition":{"Value":"New"},"LowestPrice":{"Amount":7.99,"Currency":"EUR","DisplayAmount":"7,99 €"}}]}},{"ASIN":"B002R8L7ZU","DetailPageURL":"https://www.amazon.es/dp/B002R8L7ZU?tag=topinalambricos-21&linkCode=osi&th=1&psc=1","Images":{"Primary":{"Small":{"Height":75,"URL":"https://m.media-amazon.com/images/I/41df3Oeu5DL._SL75_.jpg","Width":75}}},"ItemInfo":{"ByLineInfo":{"Brand":{"DisplayValue":"Fulton","Label":"Brand","Locale":"es_ES"},"Manufacturer":{"DisplayValue":"Fulton","Label":"Manufacturer","Locale":"es_ES"}},"Title":{"DisplayValue":"Fulton Birdcage - Paraguas Transparente","Label":"Title","Locale":"es_ES"}},"Offers":{"Summaries":[{"Condition":{"Value":"New"},"LowestPrice":{"Amount":21.0,"Currency":"EUR","DisplayAmount":"21,00 €"}},{"Condition":{"Value":"Used"},"LowestPrice":{"Amount":19.89,"Currency":"EUR","DisplayAmount":"19,89 €"}}]}},{"ASIN":"B0CL58QBXY","DetailPageURL":"https://www.amazon.es/dp/B0CL58QBXY?tag=topinalambricos-21&linkCode=osi&th=1&psc=1","Images":{"Primary":{"Small":{"Height":75,"URL":"https://m.media-amazon.com/images/I/3144UG+Zt4L._SL75_.jpg","Width":47}}},"ItemInfo":{"ByLineInfo":{"Brand":{"DisplayValue":"Dozer","Label":"Brand","Locale":"es_ES"}},"Title":{"DisplayValue":"Dozer Chubasquero desechable, Pack de 3 Chubasqueros Transparentes con Capucha, Poncho Impermeable para Festivales, Conciertos y Actividades al Aire Libre","Label":"Title","Locale":"es_ES"}},"Offers":{"Summaries":[{"Condition":{"Value":"New"},"LowestPrice":{"Amount":9.9,"Currency":"EUR","DisplayAmount":"9,90 €"}}]}},{"ASIN":"B0BG32VPWW","DetailPageURL":"https://www.amazon.es/dp/B0BG32VPWW?tag=topinalambricos-21&linkCode=osi&th=1&psc=1","Images":{"Primary":{"Small":{"Height":75,"URL":"https://m.media-amazon.com/images/I/41ltWc4PPjL._SL75_.jpg","Width":75}}},"ItemInfo":{"ByLineInfo":{"Brand":{"DisplayValue":"Acan","Label":"Brand","Locale":"es_ES"},"Manufacturer":{"DisplayValue":"Tradineur","Label":"Manufacturer","Locale":"es_ES"}},"Title":{"DisplayValue":"Acan Tradineur - Paraguas largo transparente - Mango acristalado - Fabricación en PVC - 8 Varillas - Evita los días lluviosos con elegancia - Color Aleatorio","Label":"Title","Locale":"es_ES"}},"Offers":{"Summaries":[{"Condition":{"Value":"New"},"LowestPrice":{"Amount":13.99,"Currency":"EUR","DisplayAmount":"13,99 €"}}]}},{"ASIN":"B0BX428YB2","DetailPageURL":"https://www.amazon.es/dp/B0BX428YB2?tag=topinalambricos-21&linkCode=osi&th=1&psc=1","Images":{"Primary":{"Small":{"Height":75,"URL":"https://m.media-amazon.com/images/I/41J+zgmgQ2L._SL75_.jpg","Width":75}}},"ItemInfo":{"ByLineInfo":{"Brand":{"DisplayValue":"Hengxinchen","Label":"Brand","Locale":"es_ES"},"Manufacturer":{"DisplayValue":"hengxinc","Label":"Manufacturer","Locale":"es_ES"}},"Title":{"DisplayValue":"Hengxinc 12 Bolsas de líquidos para Equipaje de Mano, Bolsa de Aseo Transparente, 20 x 20 cm, hermética, Bolsa de avión, líquidos, aerolínea, Reutilizable, Bolsa de cosméticos de Viaje","Label":"Title","Locale":"es_ES"}},"Offers":{"Summaries":[{"Condition":{"Value":"New"},"LowestPrice":{"Amount":7.29,"Currency":"EUR","DisplayAmount":"7,29 €"}}]}},{"ASIN":"B0B8NTBBK2","DetailPageURL":"https://www.amazon.es/dp/B0B8NTBBK2?tag=topinalambricos-21&linkCode=osi&th=1&psc=1","Images":{"Primary":{"Small":{"Height":75,"URL":"https://m.media-amazon.com/images/I/21NYf5Te0NL._SL75_.jpg","Width":58}}},"ItemInfo":{"ByLineInfo":{"Brand":{"DisplayValue":"HAWKERS","Label":"Brand","Locale":"es_ES"},"Manufacturer":{"DisplayValue":"SALDUM | PLAY HAWKERS GROUP","Label":"Manufacturer","Locale":"es_ES"}},"Title":{"DisplayValue":"HAWKERS Gafas de sol ONE para Hombre","Label":"Title","Locale":"es_ES"}},"Offers":{"Summaries":[{"Condition":{"Value":"New"},"LowestPrice":{"Amount":19.99,"Currency":"EUR","DisplayAmount":"19,99 €"}}]}}],"SearchURL":"https://www.amazon.es/s?k=transparente&rh=p_n_availability%3A-1&tag=topinalambricos-21&linkCode=osi","TotalResultCount":306}},"32":{"SearchResult":{"Items":[{"ASIN":"B00CJ7HPBE","DetailPageURL":"https://www.amazon.es/dp/B00CJ7HPBE?tag=topinalambricos-21&linkCode=osi&th=1&psc=1","Images":{"Primary":{"Small":{"Height":75,"URL":"https://m.media-amazon.com/images/I/314Qj5Dj4AL._SL75_.jpg","Width":25}}},"ItemInfo":{"ByLineInfo":{"Brand":{"DisplayValue":"Cléopâtre","Label":"Brand","Locale":"es_ES"},"Manufacturer":{"DisplayValue":"Cleopatre","Label":"Manufacturer","Locale":"es_ES"}},"Title":{"DisplayValue":"Cléopatre - Pegamento Transparente Fuerte L'Adhésive - Pegamento en Gel Ideal para Papel y Cartulina, Tareas Escolares a partir de 6 Años - Formato Recarga - 500g","Label":"Title","Locale":"es_ES"}},"Offers":{"Summaries":[{"Condition":{"Value":"New"},"LowestPrice":{"Amount":3.95,"Currency":"EUR","DisplayAmount":"3,95 € (7,90 € / kg)","PricePerUnit":7.9}}]}},{"ASIN":"B0BTYFMJGD","DetailPageURL":"https://www.amazon.es/dp/B0BTYFMJGD?tag=topinalambricos-21&linkCode=osi&th=1&psc=1","Images":{"Primary":{"Small":{"Height":75,"URL":"https://m.media-amazon.com/images/I/41or0ngfiVL._SL75_.jpg","Width":75}}},"ItemInfo":{"ByLineInfo":{"Brand":{"DisplayValue":"Oderra","Label":"Brand","Locale":"es_ES"},"Manufacturer":{"DisplayValue":"Neceser Transparente Viaje avion","Label":"Manufacturer","Locale":"es_ES"}},"Title":{"DisplayValue":"Oderra 2 Piezas Bolsa Transparente Avion, Neceser Transparente Viaje Avion, PVC Impermeable Bolsa Avion para Llevar Líquidos, para Mujeres y Hombres","Label":"Title","Locale":"es_ES"}},"Offers":{"Summaries":[{"Condition":{"Value":"New"},"LowestPrice":{"Amount":8.69,"Currency":"EUR","DisplayAmount":"8,69 € (4,34 € / count)","PricePerUnit":4.34}}]}},{"ASIN":"B09S43SRWH","DetailPageURL":"https://www.amazon.es/dp/B09S43SRWH?tag=topinalambricos-21&linkCode=osi&th=1&psc=1","Images":{"Primary":{"Small":{"Height":75,"URL":"https://m.media-amazon.com/images/I/21VlqWvdezL._SL75_.jpg","Width":75}}},"ItemInfo":{"ByLineInfo":{"Brand":{"DisplayValue":"Amazon Basics","Label":"Brand","Locale":"es_ES"},"Manufacturer":{"DisplayValue":"Amazon","Label":"Manufacturer","Locale":"es_ES"}},"Title":{"DisplayValue":"Amazon Basics Octogonal Paraguas cúpula Transparente, 87,6 cm","Label":"Title","Locale":"es_ES"}},"Offers":{"Summaries":[{"Condition":{"Value":"Used"},"LowestPrice":{"Amount":19.0,"Currency":"EUR","DisplayAmount":"19,00 €"}},{"Condition":{"Value":"New"},"LowestPrice":{"Amount":21.35,"Currency":"EUR","DisplayAmount":"21,35 €"}}]}},{"ASIN":"B0BXLGTN4M","DetailPageURL":"https://www.amazon.es/dp/B0BXLGTN4M?tag=topinalambricos-21&linkCode=osi&th=1&psc=1","Images":{"Primary":{"Small":{"Height":75,"URL":"https://m.media-amazon.com/images/I/41sNkwAbRuL._SL75_.jpg","Width":75}}},"ItemInfo":{"ByLineInfo":{"Brand":{"DisplayValue":"Runmeihe","Label":"Brand","Locale":"es_ES"}},"Title":{"DisplayValue":"Runmeihe 8 Pack Chubasquero Transparente Adulto, Desechable Poncho Impermeable para Hombre Mujer, Ligeroscon Poncho Luvia con Capuchas y Botones para Viajes Surf Senderismo Eventos","Label":"Title","Locale":"es_ES"}},"Offers":{"Summaries":[{"Condition":{"Value":"New"},"LowestPrice":{"Amount":14.99,"Currency":"EUR","DisplayAmount":"14,99 €"}}]}},{"ASIN":"B0CC4LHQ93","DetailPageURL":"https://www.amazon.es/dp/B0CC4LHQ93?tag=topinalambricos-21&linkCode=osi&th=1&psc=1","Images":{"Primary":{"Small":{"Height":75,"URL":"https://m.media-amazon.com/images/I/41TUf4V4npL._SL75_.jpg","Width":75}}},"ItemInfo":{"ByLineInfo":{"Brand":{"DisplayValue":"Helweet","Label":"Brand","Locale":"es_ES"},"Manufacturer":{"DisplayValue":"Helweet","Label":"Manufacturer","Locale":"es_ES"}},"Title":{"DisplayValue":"Mochila Transparente con Cordón, Mochila de Deporte Transparente, Bolsa de Gimnasia Transparente con Cordón, Bolsa de Cincha Transparente, Bolsa De Deportiva Transparente, para Deportes, Camping","Label":"Title","Locale":"es_ES"}},"Offers":{"Summaries":[{"Condition":{"Value":"New"},"LowestPrice":{"Amount":7.99,"Currency":"EUR","DisplayAmount":"7,99 €"}}]}},{"ASIN":"B002R8L7ZU","DetailPageURL":"https://www.amazon.es/dp/B002R8L7ZU?tag=topinalambricos-21&linkCode=osi&th=1&psc=1","Images":{"Primary":{"Small":{"Height":75,"URL":"https://m.media-amazon.com/images/I/41df3Oeu5DL._SL75_.jpg","Width":75}}},"ItemInfo":{"ByLineInfo":{"Brand":{"DisplayValue":"Fulton","Label":"Brand","Locale":"es_ES"},"Manufacturer":{"DisplayValue":"Fulton","Label":"Manufacturer","Locale":"es_ES"}},"Title":{"DisplayValue":"Fulton Birdcage - Paraguas Transparente","Label":"Title","Locale":"es_ES"}},"Offers":{"Summaries":[{"Condition":{"Value":"New"},"LowestPrice":{"Amount":21.0,"Currency":"EUR","DisplayAmount":"21,00 €"}},{"Condition":{"Value":"Used"},"LowestPrice":{"Amount":19.89,"Currency":"EUR","DisplayAmount":"19,89 €"}}]}},{"ASIN":"B0CL58QBXY","DetailPageURL":"https://www.amazon.es/dp/B0CL58QBXY?tag=topinalambricos-21&linkCode=osi&th=1&psc=1","Images":{"Primary":{"Small":{"Height":75,"URL":"https://m.media-amazon.com/images/I/3144UG+Zt4L._SL75_.jpg","Width":47}}},"ItemInfo":{"ByLineInfo":{"Brand":{"DisplayValue":"Dozer","Label":"Brand","Locale":"es_ES"}},"Title":{"DisplayValue":"Dozer Chubasquero desechable, Pack de 3 Chubasqueros Transparentes con Capucha, Poncho Impermeable para Festivales, Conciertos y Actividades al Aire Libre","Label":"Title","Locale":"es_ES"}},"Offers":{"Summaries":[{"Condition":{"Value":"New"},"LowestPrice":{"Amount":9.9,"Currency":"EUR","DisplayAmount":"9,90 €"}}]}},{"ASIN":"B0BG32VPWW","DetailPageURL":"https://www.amazon.es/dp/B0BG32VPWW?tag=topinalambricos-21&linkCode=osi&th=1&psc=1","Images":{"Primary":{"Small":{"Height":75,"URL":"https://m.media-amazon.com/images/I/41ltWc4PPjL._SL75_.jpg","Width":75}}},"ItemInfo":{"ByLineInfo":{"Brand":{"DisplayValue":"Acan","Label":"Brand","Locale":"es_ES"},"Manufacturer":{"DisplayValue":"Tradineur","Label":"Manufacturer","Locale":"es_ES"}},"Title":{"DisplayValue":"Acan Tradineur - Paraguas largo transparente - Mango acristalado - Fabricación en PVC - 8 Varillas - Evita los días lluviosos con elegancia - Color Aleatorio","Label":"Title","Locale":"es_ES"}},"Offers":{"Summaries":[{"Condition":{"Value":"New"},"LowestPrice":{"Amount":13.99,"Currency":"EUR","DisplayAmount":"13,99 €"}}]}},{"ASIN":"B0BX428YB2","DetailPageURL":"https://www.amazon.es/dp/B0BX428YB2?tag=topinalambricos-21&linkCode=osi&th=1&psc=1","Images":{"Primary":{"Small":{"Height":75,"URL":"https://m.media-amazon.com/images/I/41J+zgmgQ2L._SL75_.jpg","Width":75}}},"ItemInfo":{"ByLineInfo":{"Brand":{"DisplayValue":"Hengxinchen","Label":"Brand","Locale":"es_ES"},"Manufacturer":{"DisplayValue":"hengxinc","Label":"Manufacturer","Locale":"es_ES"}},"Title":{"DisplayValue":"Hengxinc 12 Bolsas de líquidos para Equipaje de Mano, Bolsa de Aseo Transparente, 20 x 20 cm, hermética, Bolsa de avión, líquidos, aerolínea, Reutilizable, Bolsa de cosméticos de Viaje","Label":"Title","Locale":"es_ES"}},"Offers":{"Summaries":[{"Condition":{"Value":"New"},"LowestPrice":{"Amount":7.29,"Currency":"EUR","DisplayAmount":"7,29 €"}}]}},{"ASIN":"B0B8NTBBK2","DetailPageURL":"https://www.amazon.es/dp/B0B8NTBBK2?tag=topinalambricos-21&linkCode=osi&th=1&psc=1","Images":{"Primary":{"Small":{"Height":75,"URL":"https://m.media-amazon.com/images/I/21NYf5Te0NL._SL75_.jpg","Width":58}}},"ItemInfo":{"ByLineInfo":{"Brand":{"DisplayValue":"HAWKERS","Label":"Brand","Locale":"es_ES"},"Manufacturer":{"DisplayValue":"SALDUM | PLAY HAWKERS GROUP","Label":"Manufacturer","Locale":"es_ES"}},"Title":{"DisplayValue":"HAWKERS Gafas de sol ONE para Hombre","Label":"Title","Locale":"es_ES"}},"Offers":{"Summaries":[{"Condition":{"Value":"New"},"LowestPrice":{"Amount":19.99,"Currency":"EUR","DisplayAmount":"19,99 €"}}]}}],"SearchURL":"https://www.amazon.es/s?k=transparente&rh=p_n_availability%3A-1&tag=topinalambricos-21&linkCode=osi","TotalResultCount":306}},"33":{"SearchResult":{"Items":[{"ASIN":"B00CJ7HPBE","DetailPageURL":"https://www.amazon.es/dp/B00CJ7HPBE?tag=topinalambricos-21&linkCode=osi&th=1&psc=1","Images":{"Primary":{"Small":{"Height":75,"URL":"https://m.media-amazon.com/images/I/314Qj5Dj4AL._SL75_.jpg","Width":25}}},"ItemInfo":{"ByLineInfo":{"Brand":{"DisplayValue":"Cléopâtre","Label":"Brand","Locale":"es_ES"},"Manufacturer":{"DisplayValue":"Cleopatre","Label":"Manufacturer","Locale":"es_ES"}},"Title":{"DisplayValue":"Cléopatre - Pegamento Transparente Fuerte L'Adhésive - Pegamento en Gel Ideal para Papel y Cartulina, Tareas Escolares a partir de 6 Años - Formato Recarga - 500g","Label":"Title","Locale":"es_ES"}},"Offers":{"Summaries":[{"Condition":{"Value":"New"},"LowestPrice":{"Amount":3.95,"Currency":"EUR","DisplayAmount":"3,95 € (7,90 € / kg)","PricePerUnit":7.9}}]}},{"ASIN":"B0BTYFMJGD","DetailPageURL":"https://www.amazon.es/dp/B0BTYFMJGD?tag=topinalambricos-21&linkCode=osi&th=1&psc=1","Images":{"Primary":{"Small":{"Height":75,"URL":"https://m.media-amazon.com/images/I/41or0ngfiVL._SL75_.jpg","Width":75}}},"ItemInfo":{"ByLineInfo":{"Brand":{"DisplayValue":"Oderra","Label":"Brand","Locale":"es_ES"},"Manufacturer":{"DisplayValue":"Neceser Transparente Viaje avion","Label":"Manufacturer","Locale":"es_ES"}},"Title":{"DisplayValue":"Oderra 2 Piezas Bolsa Transparente Avion, Neceser Transparente Viaje Avion, PVC Impermeable Bolsa Avion para Llevar Líquidos, para Mujeres y Hombres","Label":"Title","Locale":"es_ES"}},"Offers":{"Summaries":[{"Condition":{"Value":"New"},"LowestPrice":{"Amount":8.69,"Currency":"EUR","DisplayAmount":"8,69 € (4,34 € / count)","PricePerUnit":4.34}}]}},{"ASIN":"B09S43SRWH","DetailPageURL":"https://www.amazon.es/dp/B09S43SRWH?tag=topinalambricos-21&linkCode=osi&th=1&psc=1","Images":{"Primary":{"Small":{"Height":75,"URL":"https://m.media-amazon.com/images/I/21VlqWvdezL._SL75_.jpg","Width":75}}},"ItemInfo":{"ByLineInfo":{"Brand":{"DisplayValue":"Amazon Basics","Label":"Brand","Locale":"es_ES"},"Manufacturer":{"DisplayValue":"Amazon","Label":"Manufacturer","Locale":"es_ES"}},"Title":{"DisplayValue":"Amazon Basics Octogonal Paraguas cúpula Transparente, 87,6 cm","Label":"Title","Locale":"es_ES"}},"Offers":{"Summaries":[{"Condition":{"Value":"Used"},"LowestPrice":{"Amount":19.0,"Currency":"EUR","DisplayAmount":"19,00 €"}},{"Condition":{"Value":"New"},"LowestPrice":{"Amount":21.35,"Currency":"EUR","DisplayAmount":"21,35 €"}}]}},{"ASIN":"B0BXLGTN4M","DetailPageURL":"https://www.amazon.es/dp/B0BXLGTN4M?tag=topinalambricos-21&linkCode=osi&th=1&psc=1","Images":{"Primary":{"Small":{"Height":75,"URL":"https://m.media-amazon.com/images/I/41sNkwAbRuL._SL75_.jpg","Width":75}}},"ItemInfo":{"ByLineInfo":{"Brand":{"DisplayValue":"Runmeihe","Label":"Brand","Locale":"es_ES"}},"Title":{"DisplayValue":"Runmeihe 8 Pack Chubasquero Transparente Adulto, Desechable Poncho Impermeable para Hombre Mujer, Ligeroscon Poncho Luvia con Capuchas y Botones para Viajes Surf Senderismo Eventos","Label":"Title","Locale":"es_ES"}},"Offers":{"Summaries":[{"Condition":{"Value":"New"},"LowestPrice":{"Amount":14.99,"Currency":"EUR","DisplayAmount":"14,99 €"}}]}},{"ASIN":"B0CC4LHQ93","DetailPageURL":"https://www.amazon.es/dp/B0CC4LHQ93?tag=topinalambricos-21&linkCode=osi&th=1&psc=1","Images":{"Primary":{"Small":{"Height":75,"URL":"https://m.media-amazon.com/images/I/41TUf4V4npL._SL75_.jpg","Width":75}}},"ItemInfo":{"ByLineInfo":{"Brand":{"DisplayValue":"Helweet","Label":"Brand","Locale":"es_ES"},"Manufacturer":{"DisplayValue":"Helweet","Label":"Manufacturer","Locale":"es_ES"}},"Title":{"DisplayValue":"Mochila Transparente con Cordón, Mochila de Deporte Transparente, Bolsa de Gimnasia Transparente con Cordón, Bolsa de Cincha Transparente, Bolsa De Deportiva Transparente, para Deportes, Camping","Label":"Title","Locale":"es_ES"}},"Offers":{"Summaries":[{"Condition":{"Value":"New"},"LowestPrice":{"Amount":7.99,"Currency":"EUR","DisplayAmount":"7,99 €"}}]}},{"ASIN":"B002R8L7ZU","DetailPageURL":"https://www.amazon.es/dp/B002R8L7ZU?tag=topinalambricos-21&linkCode=osi&th=1&psc=1","Images":{"Primary":{"Small":{"Height":75,"URL":"https://m.media-amazon.com/images/I/41df3Oeu5DL._SL75_.jpg","Width":75}}},"ItemInfo":{"ByLineInfo":{"Brand":{"DisplayValue":"Fulton","Label":"Brand","Locale":"es_ES"},"Manufacturer":{"DisplayValue":"Fulton","Label":"Manufacturer","Locale":"es_ES"}},"Title":{"DisplayValue":"Fulton Birdcage - Paraguas Transparente","Label":"Title","Locale":"es_ES"}},"Offers":{"Summaries":[{"Condition":{"Value":"New"},"LowestPrice":{"Amount":21.0,"Currency":"EUR","DisplayAmount":"21,00 €"}},{"Condition":{"Value":"Used"},"LowestPrice":{"Amount":19.89,"Currency":"EUR","DisplayAmount":"19,89 €"}}]}},{"ASIN":"B0CL58QBXY","DetailPageURL":"https://www.amazon.es/dp/B0CL58QBXY?tag=topinalambricos-21&linkCode=osi&th=1&psc=1","Images":{"Primary":{"Small":{"Height":75,"URL":"https://m.media-amazon.com/images/I/3144UG+Zt4L._SL75_.jpg","Width":47}}},"ItemInfo":{"ByLineInfo":{"Brand":{"DisplayValue":"Dozer","Label":"Brand","Locale":"es_ES"}},"Title":{"DisplayValue":"Dozer Chubasquero desechable, Pack de 3 Chubasqueros Transparentes con Capucha, Poncho Impermeable para Festivales, Conciertos y Actividades al Aire Libre","Label":"Title","Locale":"es_ES"}},"Offers":{"Summaries":[{"Condition":{"Value":"New"},"LowestPrice":{"Amount":9.9,"Currency":"EUR","DisplayAmount":"9,90 €"}}]}},{"ASIN":"B0BG32VPWW","DetailPageURL":"https://www.amazon.es/dp/B0BG32VPWW?tag=topinalambricos-21&linkCode=osi&th=1&psc=1","Images":{"Primary":{"Small":{"Height":75,"URL":"https://m.media-amazon.com/images/I/41ltWc4PPjL._SL75_.jpg","Width":75}}},"ItemInfo":{"ByLineInfo":{"Brand":{"DisplayValue":"Acan","Label":"Brand","Locale":"es_ES"},"Manufacturer":{"DisplayValue":"Tradineur","Label":"Manufacturer","Locale":"es_ES"}},"Title":{"DisplayValue":"Acan Tradineur - Paraguas largo transparente - Mango acristalado - Fabricación en PVC - 8 Varillas - Evita los días lluviosos con elegancia - Color Aleatorio","Label":"Title","Locale":"es_ES"}},"Offers":{"Summaries":[{"Condition":{"Value":"New"},"LowestPrice":{"Amount":13.99,"Currency":"EUR","DisplayAmount":"13,99 €"}}]}},{"ASIN":"B0BX428YB2","DetailPageURL":"https://www.amazon.es/dp/B0BX428YB2?tag=topinalambricos-21&linkCode=osi&th=1&psc=1","Images":{"Primary":{"Small":{"Height":75,"URL":"https://m.media-amazon.com/images/I/41J+zgmgQ2L._SL75_.jpg","Width":75}}},"ItemInfo":{"ByLineInfo":{"Brand":{"DisplayValue":"Hengxinchen","Label":"Brand","Locale":"es_ES"},"Manufacturer":{"DisplayValue":"hengxinc","Label":"Manufacturer","Locale":"es_ES"}},"Title":{"DisplayValue":"Hengxinc 12 Bolsas de líquidos para Equipaje de Mano, Bolsa de Aseo Transparente, 20 x 20 cm, hermética, Bolsa de avión, líquidos, aerolínea, Reutilizable, Bolsa de cosméticos de Viaje","Label":"Title","Locale":"es_ES"}},"Offers":{"Summaries":[{"Condition":{"Value":"New"},"LowestPrice":{"Amount":7.29,"Currency":"EUR","DisplayAmount":"7,29 €"}}]}},{"ASIN":"B0B8NTBBK2","DetailPageURL":"https://www.amazon.es/dp/B0B8NTBBK2?tag=topinalambricos-21&linkCode=osi&th=1&psc=1","Images":{"Primary":{"Small":{"Height":75,"URL":"https://m.media-amazon.com/images/I/21NYf5Te0NL._SL75_.jpg","Width":58}}},"ItemInfo":{"ByLineInfo":{"Brand":{"DisplayValue":"HAWKERS","Label":"Brand","Locale":"es_ES"},"Manufacturer":{"DisplayValue":"SALDUM | PLAY HAWKERS GROUP","Label":"Manufacturer","Locale":"es_ES"}},"Title":{"DisplayValue":"HAWKERS Gafas de sol ONE para Hombre","Label":"Title","Locale":"es_ES"}},"Offers":{"Summaries":[{"Condition":{"Value":"New"},"LowestPrice":{"Amount":19.99,"Currency":"EUR","DisplayAmount":"19,99 €"}}]}}],"SearchURL":"https://www.amazon.es/s?k=transparente&rh=p_n_availability%3A-1&tag=topinalambricos-21&linkCode=osi","TotalResultCount":306}},"35":{"SearchResult":{"Items":[{"ASIN":"B00CJ7HPBE","DetailPageURL":"https://www.amazon.es/dp/B00CJ7HPBE?tag=topinalambricos-21&linkCode=osi&th=1&psc=1","Images":{"Primary":{"Small":{"Height":75,"URL":"https://m.media-amazon.com/images/I/314Qj5Dj4AL._SL75_.jpg","Width":25}}},"ItemInfo":{"ByLineInfo":{"Brand":{"DisplayValue":"Cléopâtre","Label":"Brand","Locale":"es_ES"},"Manufacturer":{"DisplayValue":"Cleopatre","Label":"Manufacturer","Locale":"es_ES"}},"Title":{"DisplayValue":"Cléopatre - Pegamento Transparente Fuerte L'Adhésive - Pegamento en Gel Ideal para Papel y Cartulina, Tareas Escolares a partir de 6 Años - Formato Recarga - 500g","Label":"Title","Locale":"es_ES"}},"Offers":{"Summaries":[{"Condition":{"Value":"New"},"LowestPrice":{"Amount":3.95,"Currency":"EUR","DisplayAmount":"3,95 € (7,90 € / kg)","PricePerUnit":7.9}}]}},{"ASIN":"B0BTYFMJGD","DetailPageURL":"https://www.amazon.es/dp/B0BTYFMJGD?tag=topinalambricos-21&linkCode=osi&th=1&psc=1","Images":{"Primary":{"Small":{"Height":75,"URL":"https://m.media-amazon.com/images/I/41or0ngfiVL._SL75_.jpg","Width":75}}},"ItemInfo":{"ByLineInfo":{"Brand":{"DisplayValue":"Oderra","Label":"Brand","Locale":"es_ES"},"Manufacturer":{"DisplayValue":"Neceser Transparente Viaje avion","Label":"Manufacturer","Locale":"es_ES"}},"Title":{"DisplayValue":"Oderra 2 Piezas Bolsa Transparente Avion, Neceser Transparente Viaje Avion, PVC Impermeable Bolsa Avion para Llevar Líquidos, para Mujeres y Hombres","Label":"Title","Locale":"es_ES"}},"Offers":{"Summaries":[{"Condition":{"Value":"New"},"LowestPrice":{"Amount":8.69,"Currency":"EUR","DisplayAmount":"8,69 € (4,34 € / count)","PricePerUnit":4.34}}]}},{"ASIN":"B09S43SRWH","DetailPageURL":"https://www.amazon.es/dp/B09S43SRWH?tag=topinalambricos-21&linkCode=osi&th=1&psc=1","Images":{"Primary":{"Small":{"Height":75,"URL":"https://m.media-amazon.com/images/I/21VlqWvdezL._SL75_.jpg","Width":75}}},"ItemInfo":{"ByLineInfo":{"Brand":{"DisplayValue":"Amazon Basics","Label":"Brand","Locale":"es_ES"},"Manufacturer":{"DisplayValue":"Amazon","Label":"Manufacturer","Locale":"es_ES"}},"Title":{"DisplayValue":"Amazon Basics Octogonal Paraguas cúpula Transparente, 87,6 cm","Label":"Title","Locale":"es_ES"}},"Offers":{"Summaries":[{"Condition":{"Value":"Used"},"LowestPrice":{"Amount":19.0,"Currency":"EUR","DisplayAmount":"19,00 €"}},{"Condition":{"Value":"New"},"LowestPrice":{"Amount":21.35,"Currency":"EUR","DisplayAmount":"21,35 €"}}]}},{"ASIN":"B0BXLGTN4M","DetailPageURL":"https://www.amazon.es/dp/B0BXLGTN4M?tag=topinalambricos-21&linkCode=osi&th=1&psc=1","Images":{"Primary":{"Small":{"Height":75,"URL":"https://m.media-amazon.com/images/I/41sNkwAbRuL._SL75_.jpg","Width":75}}},"ItemInfo":{"ByLineInfo":{"Brand":{"DisplayValue":"Runmeihe","Label":"Brand","Locale":"es_ES"}},"Title":{"DisplayValue":"Runmeihe 8 Pack Chubasquero Transparente Adulto, Desechable Poncho Impermeable para Hombre Mujer, Ligeroscon Poncho Luvia con Capuchas y Botones para Viajes Surf Senderismo Eventos","Label":"Title","Locale":"es_ES"}},"Offers":{"Summaries":[{"Condition":{"Value":"New"},"LowestPrice":{"Amount":14.99,"Currency":"EUR","DisplayAmount":"14,99 €"}}]}},{"ASIN":"B0CC4LHQ93","DetailPageURL":"https://www.amazon.es/dp/B0CC4LHQ93?tag=topinalambricos-21&linkCode=osi&th=1&psc=1","Images":{"Primary":{"Small":{"Height":75,"URL":"https://m.media-amazon.com/images/I/41TUf4V4npL._SL75_.jpg","Width":75}}},"ItemInfo":{"ByLineInfo":{"Brand":{"DisplayValue":"Helweet","Label":"Brand","Locale":"es_ES"},"Manufacturer":{"DisplayValue":"Helweet","Label":"Manufacturer","Locale":"es_ES"}},"Title":{"DisplayValue":"Mochila Transparente con Cordón, Mochila de Deporte Transparente, Bolsa de Gimnasia Transparente con Cordón, Bolsa de Cincha Transparente, Bolsa De Deportiva Transparente, para Deportes, Camping","Label":"Title","Locale":"es_ES"}},"Offers":{"Summaries":[{"Condition":{"Value":"New"},"LowestPrice":{"Amount":7.99,"Currency":"EUR","DisplayAmount":"7,99 €"}}]}},{"ASIN":"B002R8L7ZU","DetailPageURL":"https://www.amazon.es/dp/B002R8L7ZU?tag=topinalambricos-21&linkCode=osi&th=1&psc=1","Images":{"Primary":{"Small":{"Height":75,"URL":"https://m.media-amazon.com/images/I/41df3Oeu5DL._SL75_.jpg","Width":75}}},"ItemInfo":{"ByLineInfo":{"Brand":{"DisplayValue":"Fulton","Label":"Brand","Locale":"es_ES"},"Manufacturer":{"DisplayValue":"Fulton","Label":"Manufacturer","Locale":"es_ES"}},"Title":{"DisplayValue":"Fulton Birdcage - Paraguas Transparente","Label":"Title","Locale":"es_ES"}},"Offers":{"Summaries":[{"Condition":{"Value":"New"},"LowestPrice":{"Amount":21.0,"Currency":"EUR","DisplayAmount":"21,00 €"}},{"Condition":{"Value":"Used"},"LowestPrice":{"Amount":19.89,"Currency":"EUR","DisplayAmount":"19,89 €"}}]}},{"ASIN":"B0CL58QBXY","DetailPageURL":"https://www.amazon.es/dp/B0CL58QBXY?tag=topinalambricos-21&linkCode=osi&th=1&psc=1","Images":{"Primary":{"Small":{"Height":75,"URL":"https://m.media-amazon.com/images/I/3144UG+Zt4L._SL75_.jpg","Width":47}}},"ItemInfo":{"ByLineInfo":{"Brand":{"DisplayValue":"Dozer","Label":"Brand","Locale":"es_ES"}},"Title":{"DisplayValue":"Dozer Chubasquero desechable, Pack de 3 Chubasqueros Transparentes con Capucha, Poncho Impermeable para Festivales, Conciertos y Actividades al Aire Libre","Label":"Title","Locale":"es_ES"}},"Offers":{"Summaries":[{"Condition":{"Value":"New"},"LowestPrice":{"Amount":9.9,"Currency":"EUR","DisplayAmount":"9,90 €"}}]}},{"ASIN":"B0BG32VPWW","DetailPageURL":"https://www.amazon.es/dp/B0BG32VPWW?tag=topinalambricos-21&linkCode=osi&th=1&psc=1","Images":{"Primary":{"Small":{"Height":75,"URL":"https://m.media-amazon.com/images/I/41ltWc4PPjL._SL75_.jpg","Width":75}}},"ItemInfo":{"ByLineInfo":{"Brand":{"DisplayValue":"Acan","Label":"Brand","Locale":"es_ES"},"Manufacturer":{"DisplayValue":"Tradineur","Label":"Manufacturer","Locale":"es_ES"}},"Title":{"DisplayValue":"Acan Tradineur - Paraguas largo transparente - Mango acristalado - Fabricación en PVC - 8 Varillas - Evita los días lluviosos con elegancia - Color Aleatorio","Label":"Title","Locale":"es_ES"}},"Offers":{"Summaries":[{"Condition":{"Value":"New"},"LowestPrice":{"Amount":13.99,"Currency":"EUR","DisplayAmount":"13,99 €"}}]}},{"ASIN":"B0BX428YB2","DetailPageURL":"https://www.amazon.es/dp/B0BX428YB2?tag=topinalambricos-21&linkCode=osi&th=1&psc=1","Images":{"Primary":{"Small":{"Height":75,"URL":"https://m.media-amazon.com/images/I/41J+zgmgQ2L._SL75_.jpg","Width":75}}},"ItemInfo":{"ByLineInfo":{"Brand":{"DisplayValue":"Hengxinchen","Label":"Brand","Locale":"es_ES"},"Manufacturer":{"DisplayValue":"hengxinc","Label":"Manufacturer","Locale":"es_ES"}},"Title":{"DisplayValue":"Hengxinc 12 Bolsas de líquidos para Equipaje de Mano, Bolsa de Aseo Transparente, 20 x 20 cm, hermética, Bolsa de avión, líquidos, aerolínea, Reutilizable, Bolsa de cosméticos de Viaje","Label":"Title","Locale":"es_ES"}},"Offers":{"Summaries":[{"Condition":{"Value":"New"},"LowestPrice":{"Amount":7.29,"Currency":"EUR","DisplayAmount":"7,29 €"}}]}},{"ASIN":"B0B8NTBBK2","DetailPageURL":"https://www.amazon.es/dp/B0B8NTBBK2?tag=topinalambricos-21&linkCode=osi&th=1&psc=1","Images":{"Primary":{"Small":{"Height":75,"URL":"https://m.media-amazon.com/images/I/21NYf5Te0NL._SL75_.jpg","Width":58}}},"ItemInfo":{"ByLineInfo":{"Brand":{"DisplayValue":"HAWKERS","Label":"Brand","Locale":"es_ES"},"Manufacturer":{"DisplayValue":"SALDUM | PLAY HAWKERS GROUP","Label":"Manufacturer","Locale":"es_ES"}},"Title":{"DisplayValue":"HAWKERS Gafas de sol ONE para Hombre","Label":"Title","Locale":"es_ES"}},"Offers":{"Summaries":[{"Condition":{"Value":"New"},"LowestPrice":{"Amount":19.99,"Currency":"EUR","DisplayAmount":"19,99 €"}}]}}],"SearchURL":"https://www.amazon.es/s?k=transparente&rh=p_n_availability%3A-1&tag=topinalambricos-21&linkCode=osi","TotalResultCount":306}},"36":{"SearchResult":{"Items":[{"ASIN":"B00CJ7HPBE","DetailPageURL":"https://www.amazon.es/dp/B00CJ7HPBE?tag=topinalambricos-21&linkCode=osi&th=1&psc=1","Images":{"Primary":{"Small":{"Height":75,"URL":"https://m.media-amazon.com/images/I/314Qj5Dj4AL._SL75_.jpg","Width":25}}},"ItemInfo":{"ByLineInfo":{"Brand":{"DisplayValue":"Cléopâtre","Label":"Brand","Locale":"es_ES"},"Manufacturer":{"DisplayValue":"Cleopatre","Label":"Manufacturer","Locale":"es_ES"}},"Title":{"DisplayValue":"Cléopatre - Pegamento Transparente Fuerte L'Adhésive - Pegamento en Gel Ideal para Papel y Cartulina, Tareas Escolares a partir de 6 Años - Formato Recarga - 500g","Label":"Title","Locale":"es_ES"}},"Offers":{"Summaries":[{"Condition":{"Value":"New"},"LowestPrice":{"Amount":3.95,"Currency":"EUR","DisplayAmount":"3,95 € (7,90 € / kg)","PricePerUnit":7.9}}]}},{"ASIN":"B0BTYFMJGD","DetailPageURL":"https://www.amazon.es/dp/B0BTYFMJGD?tag=topinalambricos-21&linkCode=osi&th=1&psc=1","Images":{"Primary":{"Small":{"Height":75,"URL":"https://m.media-amazon.com/images/I/41or0ngfiVL._SL75_.jpg","Width":75}}},"ItemInfo":{"ByLineInfo":{"Brand":{"DisplayValue":"Oderra","Label":"Brand","Locale":"es_ES"},"Manufacturer":{"DisplayValue":"Neceser Transparente Viaje avion","Label":"Manufacturer","Locale":"es_ES"}},"Title":{"DisplayValue":"Oderra 2 Piezas Bolsa Transparente Avion, Neceser Transparente Viaje Avion, PVC Impermeable Bolsa Avion para Llevar Líquidos, para Mujeres y Hombres","Label":"Title","Locale":"es_ES"}},"Offers":{"Summaries":[{"Condition":{"Value":"New"},"LowestPrice":{"Amount":8.69,"Currency":"EUR","DisplayAmount":"8,69 € (4,34 € / count)","PricePerUnit":4.34}}]}},{"ASIN":"B09S43SRWH","DetailPageURL":"https://www.amazon.es/dp/B09S43SRWH?tag=topinalambricos-21&linkCode=osi&th=1&psc=1","Images":{"Primary":{"Small":{"Height":75,"URL":"https://m.media-amazon.com/images/I/21VlqWvdezL._SL75_.jpg","Width":75}}},"ItemInfo":{"ByLineInfo":{"Brand":{"DisplayValue":"Amazon Basics","Label":"Brand","Locale":"es_ES"},"Manufacturer":{"DisplayValue":"Amazon","Label":"Manufacturer","Locale":"es_ES"}},"Title":{"DisplayValue":"Amazon Basics Octogonal Paraguas cúpula Transparente, 87,6 cm","Label":"Title","Locale":"es_ES"}},"Offers":{"Summaries":[{"Condition":{"Value":"Used"},"LowestPrice":{"Amount":19.0,"Currency":"EUR","DisplayAmount":"19,00 €"}},{"Condition":{"Value":"New"},"LowestPrice":{"Amount":21.35,"Currency":"EUR","DisplayAmount":"21,35 €"}}]}},{"ASIN":"B0BXLGTN4M","DetailPageURL":"https://www.amazon.es/dp/B0BXLGTN4M?tag=topinalambricos-21&linkCode=osi&th=1&psc=1","Images":{"Primary":{"Small":{"Height":75,"URL":"https://m.media-amazon.com/images/I/41sNkwAbRuL._SL75_.jpg","Width":75}}},"ItemInfo":{"ByLineInfo":{"Brand":{"DisplayValue":"Runmeihe","Label":"Brand","Locale":"es_ES"}},"Title":{"DisplayValue":"Runmeihe 8 Pack Chubasquero Transparente Adulto, Desechable Poncho Impermeable para Hombre Mujer, Ligeroscon Poncho Luvia con Capuchas y Botones para Viajes Surf Senderismo Eventos","Label":"Title","Locale":"es_ES"}},"Offers":{"Summaries":[{"Condition":{"Value":"New"},"LowestPrice":{"Amount":14.99,"Currency":"EUR","DisplayAmount":"14,99 €"}}]}},{"ASIN":"B0CC4LHQ93","DetailPageURL":"https://www.amazon.es/dp/B0CC4LHQ93?tag=topinalambricos-21&linkCode=osi&th=1&psc=1","Images":{"Primary":{"Small":{"Height":75,"URL":"https://m.media-amazon.com/images/I/41TUf4V4npL._SL75_.jpg","Width":75}}},"ItemInfo":{"ByLineInfo":{"Brand":{"DisplayValue":"Helweet","Label":"Brand","Locale":"es_ES"},"Manufacturer":{"DisplayValue":"Helweet","Label":"Manufacturer","Locale":"es_ES"}},"Title":{"DisplayValue":"Mochila Transparente con Cordón, Mochila de Deporte Transparente, Bolsa de Gimnasia Transparente con Cordón, Bolsa de Cincha Transparente, Bolsa De Deportiva Transparente, para Deportes, Camping","Label":"Title","Locale":"es_ES"}},"Offers":{"Summaries":[{"Condition":{"Value":"New"},"LowestPrice":{"Amount":7.99,"Currency":"EUR","DisplayAmount":"7,99 €"}}]}},{"ASIN":"B002R8L7ZU","DetailPageURL":"https://www.amazon.es/dp/B002R8L7ZU?tag=topinalambricos-21&linkCode=osi&th=1&psc=1","Images":{"Primary":{"Small":{"Height":75,"URL":"https://m.media-amazon.com/images/I/41df3Oeu5DL._SL75_.jpg","Width":75}}},"ItemInfo":{"ByLineInfo":{"Brand":{"DisplayValue":"Fulton","Label":"Brand","Locale":"es_ES"},"Manufacturer":{"DisplayValue":"Fulton","Label":"Manufacturer","Locale":"es_ES"}},"Title":{"DisplayValue":"Fulton Birdcage - Paraguas Transparente","Label":"Title","Locale":"es_ES"}},"Offers":{"Summaries":[{"Condition":{"Value":"New"},"LowestPrice":{"Amount":21.0,"Currency":"EUR","DisplayAmount":"21,00 €"}},{"Condition":{"Value":"Used"},"LowestPrice":{"Amount":19.89,"Currency":"EUR","DisplayAmount":"19,89 €"}}]}},{"ASIN":"B0CL58QBXY","DetailPageURL":"https://www.amazon.es/dp/B0CL58QBXY?tag=topinalambricos-21&linkCode=osi&th=1&psc=1","Images":{"Primary":{"Small":{"Height":75,"URL":"https://m.media-amazon.com/images/I/3144UG+Zt4L._SL75_.jpg","Width":47}}},"ItemInfo":{"ByLineInfo":{"Brand":{"DisplayValue":"Dozer","Label":"Brand","Locale":"es_ES"}},"Title":{"DisplayValue":"Dozer Chubasquero desechable, Pack de 3 Chubasqueros Transparentes con Capucha, Poncho Impermeable para Festivales, Conciertos y Actividades al Aire Libre","Label":"Title","Locale":"es_ES"}},"Offers":{"Summaries":[{"Condition":{"Value":"New"},"LowestPrice":{"Amount":9.9,"Currency":"EUR","DisplayAmount":"9,90 €"}}]}},{"ASIN":"B0BG32VPWW","DetailPageURL":"https://www.amazon.es/dp/B0BG32VPWW?tag=topinalambricos-21&linkCode=osi&th=1&psc=1","Images":{"Primary":{"Small":{"Height":75,"URL":"https://m.media-amazon.com/images/I/41ltWc4PPjL._SL75_.jpg","Width":75}}},"ItemInfo":{"ByLineInfo":{"Brand":{"DisplayValue":"Acan","Label":"Brand","Locale":"es_ES"},"Manufacturer":{"DisplayValue":"Tradineur","Label":"Manufacturer","Locale":"es_ES"}},"Title":{"DisplayValue":"Acan Tradineur - Paraguas largo transparente - Mango acristalado - Fabricación en PVC - 8 Varillas - Evita los días lluviosos con elegancia - Color Aleatorio","Label":"Title","Locale":"es_ES"}},"Offers":{"Summaries":[{"Condition":{"Value":"New"},"LowestPrice":{"Amount":13.99,"Currency":"EUR","DisplayAmount":"13,99 €"}}]}},{"ASIN":"B0BX428YB2","DetailPageURL":"https://www.amazon.es/dp/B0BX428YB2?tag=topinalambricos-21&linkCode=osi&th=1&psc=1","Images":{"Primary":{"Small":{"Height":75,"URL":"https://m.media-amazon.com/images/I/41J+zgmgQ2L._SL75_.jpg","Width":75}}},"ItemInfo":{"ByLineInfo":{"Brand":{"DisplayValue":"Hengxinchen","Label":"Brand","Locale":"es_ES"},"Manufacturer":{"DisplayValue":"hengxinc","Label":"Manufacturer","Locale":"es_ES"}},"Title":{"DisplayValue":"Hengxinc 12 Bolsas de líquidos para Equipaje de Mano, Bolsa de Aseo Transparente, 20 x 20 cm, hermética, Bolsa de avión, líquidos, aerolínea, Reutilizable, Bolsa de cosméticos de Viaje","Label":"Title","Locale":"es_ES"}},"Offers":{"Summaries":[{"Condition":{"Value":"New"},"LowestPrice":{"Amount":7.29,"Currency":"EUR","DisplayAmount":"7,29 €"}}]}},{"ASIN":"B0B8NTBBK2","DetailPageURL":"https://www.amazon.es/dp/B0B8NTBBK2?tag=topinalambricos-21&linkCode=osi&th=1&psc=1","Images":{"Primary":{"Small":{"Height":75,"URL":"https://m.media-amazon.com/images/I/21NYf5Te0NL._SL75_.jpg","Width":58}}},"ItemInfo":{"ByLineInfo":{"Brand":{"DisplayValue":"HAWKERS","Label":"Brand","Locale":"es_ES"},"Manufacturer":{"DisplayValue":"SALDUM | PLAY HAWKERS GROUP","Label":"Manufacturer","Locale":"es_ES"}},"Title":{"DisplayValue":"HAWKERS Gafas de sol ONE para Hombre","Label":"Title","Locale":"es_ES"}},"Offers":{"Summaries":[{"Condition":{"Value":"New"},"LowestPrice":{"Amount":19.99,"Currency":"EUR","DisplayAmount":"19,99 €"}}]}}],"SearchURL":"https://www.amazon.es/s?k=transparente&rh=p_n_availability%3A-1&tag=topinalambricos-21&linkCode=osi","TotalResultCount":306}},"37":{"SearchResult":{"Items":[{"ASIN":"B00CJ7HPBE","DetailPageURL":"https://www.amazon.es/dp/B00CJ7HPBE?tag=topinalambricos-21&linkCode=osi&th=1&psc=1","Images":{"Primary":{"Small":{"Height":75,"URL":"https://m.media-amazon.com/images/I/314Qj5Dj4AL._SL75_.jpg","Width":25}}},"ItemInfo":{"ByLineInfo":{"Brand":{"DisplayValue":"Cléopâtre","Label":"Brand","Locale":"es_ES"},"Manufacturer":{"DisplayValue":"Cleopatre","Label":"Manufacturer","Locale":"es_ES"}},"Title":{"DisplayValue":"Cléopatre - Pegamento Transparente Fuerte L'Adhésive - Pegamento en Gel Ideal para Papel y Cartulina, Tareas Escolares a partir de 6 Años - Formato Recarga - 500g","Label":"Title","Locale":"es_ES"}},"Offers":{"Summaries":[{"Condition":{"Value":"New"},"LowestPrice":{"Amount":3.95,"Currency":"EUR","DisplayAmount":"3,95 € (7,90 € / kg)","PricePerUnit":7.9}}]}},{"ASIN":"B0BTYFMJGD","DetailPageURL":"https://www.amazon.es/dp/B0BTYFMJGD?tag=topinalambricos-21&linkCode=osi&th=1&psc=1","Images":{"Primary":{"Small":{"Height":75,"URL":"https://m.media-amazon.com/images/I/41or0ngfiVL._SL75_.jpg","Width":75}}},"ItemInfo":{"ByLineInfo":{"Brand":{"DisplayValue":"Oderra","Label":"Brand","Locale":"es_ES"},"Manufacturer":{"DisplayValue":"Neceser Transparente Viaje avion","Label":"Manufacturer","Locale":"es_ES"}},"Title":{"DisplayValue":"Oderra 2 Piezas Bolsa Transparente Avion, Neceser Transparente Viaje Avion, PVC Impermeable Bolsa Avion para Llevar Líquidos, para Mujeres y Hombres","Label":"Title","Locale":"es_ES"}},"Offers":{"Summaries":[{"Condition":{"Value":"New"},"LowestPrice":{"Amount":8.69,"Currency":"EUR","DisplayAmount":"8,69 € (4,34 € / count)","PricePerUnit":4.34}}]}},{"ASIN":"B09S43SRWH","DetailPageURL":"https://www.amazon.es/dp/B09S43SRWH?tag=topinalambricos-21&linkCode=osi&th=1&psc=1","Images":{"Primary":{"Small":{"Height":75,"URL":"https://m.media-amazon.com/images/I/21VlqWvdezL._SL75_.jpg","Width":75}}},"ItemInfo":{"ByLineInfo":{"Brand":{"DisplayValue":"Amazon Basics","Label":"Brand","Locale":"es_ES"},"Manufacturer":{"DisplayValue":"Amazon","Label":"Manufacturer","Locale":"es_ES"}},"Title":{"DisplayValue":"Amazon Basics Octogonal Paraguas cúpula Transparente, 87,6 cm","Label":"Title","Locale":"es_ES"}},"Offers":{"Summaries":[{"Condition":{"Value":"Used"},"LowestPrice":{"Amount":19.0,"Currency":"EUR","DisplayAmount":"19,00 €"}},{"Condition":{"Value":"New"},"LowestPrice":{"Amount":21.35,"Currency":"EUR","DisplayAmount":"21,35 €"}}]}},{"ASIN":"B0BXLGTN4M","DetailPageURL":"https://www.amazon.es/dp/B0BXLGTN4M?tag=topinalambricos-21&linkCode=osi&th=1&psc=1","Images":{"Primary":{"Small":{"Height":75,"URL":"https://m.media-amazon.com/images/I/41sNkwAbRuL._SL75_.jpg","Width":75}}},"ItemInfo":{"ByLineInfo":{"Brand":{"DisplayValue":"Runmeihe","Label":"Brand","Locale":"es_ES"}},"Title":{"DisplayValue":"Runmeihe 8 Pack Chubasquero Transparente Adulto, Desechable Poncho Impermeable para Hombre Mujer, Ligeroscon Poncho Luvia con Capuchas y Botones para Viajes Surf Senderismo Eventos","Label":"Title","Locale":"es_ES"}},"Offers":{"Summaries":[{"Condition":{"Value":"New"},"LowestPrice":{"Amount":14.99,"Currency":"EUR","DisplayAmount":"14,99 €"}}]}},{"ASIN":"B0CC4LHQ93","DetailPageURL":"https://www.amazon.es/dp/B0CC4LHQ93?tag=topinalambricos-21&linkCode=osi&th=1&psc=1","Images":{"Primary":{"Small":{"Height":75,"URL":"https://m.media-amazon.com/images/I/41TUf4V4npL._SL75_.jpg","Width":75}}},"ItemInfo":{"ByLineInfo":{"Brand":{"DisplayValue":"Helweet","Label":"Brand","Locale":"es_ES"},"Manufacturer":{"DisplayValue":"Helweet","Label":"Manufacturer","Locale":"es_ES"}},"Title":{"DisplayValue":"Mochila Transparente con Cordón, Mochila de Deporte Transparente, Bolsa de Gimnasia Transparente con Cordón, Bolsa de Cincha Transparente, Bolsa De Deportiva Transparente, para Deportes, Camping","Label":"Title","Locale":"es_ES"}},"Offers":{"Summaries":[{"Condition":{"Value":"New"},"LowestPrice":{"Amount":7.99,"Currency":"EUR","DisplayAmount":"7,99 €"}}]}},{"ASIN":"B002R8L7ZU","DetailPageURL":"https://www.amazon.es/dp/B002R8L7ZU?tag=topinalambricos-21&linkCode=osi&th=1&psc=1","Images":{"Primary":{"Small":{"Height":75,"URL":"https://m.media-amazon.com/images/I/41df3Oeu5DL._SL75_.jpg","Width":75}}},"ItemInfo":{"ByLineInfo":{"Brand":{"DisplayValue":"Fulton","Label":"Brand","Locale":"es_ES"},"Manufacturer":{"DisplayValue":"Fulton","Label":"Manufacturer","Locale":"es_ES"}},"Title":{"DisplayValue":"Fulton Birdcage - Paraguas Transparente","Label":"Title","Locale":"es_ES"}},"Offers":{"Summaries":[{"Condition":{"Value":"New"},"LowestPrice":{"Amount":21.0,"Currency":"EUR","DisplayAmount":"21,00 €"}},{"Condition":{"Value":"Used"},"LowestPrice":{"Amount":19.89,"Currency":"EUR","DisplayAmount":"19,89 €"}}]}},{"ASIN":"B0CL58QBXY","DetailPageURL":"https://www.amazon.es/dp/B0CL58QBXY?tag=topinalambricos-21&linkCode=osi&th=1&psc=1","Images":{"Primary":{"Small":{"Height":75,"URL":"https://m.media-amazon.com/images/I/3144UG+Zt4L._SL75_.jpg","Width":47}}},"ItemInfo":{"ByLineInfo":{"Brand":{"DisplayValue":"Dozer","Label":"Brand","Locale":"es_ES"}},"Title":{"DisplayValue":"Dozer Chubasquero desechable, Pack de 3 Chubasqueros Transparentes con Capucha, Poncho Impermeable para Festivales, Conciertos y Actividades al Aire Libre","Label":"Title","Locale":"es_ES"}},"Offers":{"Summaries":[{"Condition":{"Value":"New"},"LowestPrice":{"Amount":9.9,"Currency":"EUR","DisplayAmount":"9,90 €"}}]}},{"ASIN":"B0BG32VPWW","DetailPageURL":"https://www.amazon.es/dp/B0BG32VPWW?tag=topinalambricos-21&linkCode=osi&th=1&psc=1","Images":{"Primary":{"Small":{"Height":75,"URL":"https://m.media-amazon.com/images/I/41ltWc4PPjL._SL75_.jpg","Width":75}}},"ItemInfo":{"ByLineInfo":{"Brand":{"DisplayValue":"Acan","Label":"Brand","Locale":"es_ES"},"Manufacturer":{"DisplayValue":"Tradineur","Label":"Manufacturer","Locale":"es_ES"}},"Title":{"DisplayValue":"Acan Tradineur - Paraguas largo transparente - Mango acristalado - Fabricación en PVC - 8 Varillas - Evita los días lluviosos con elegancia - Color Aleatorio","Label":"Title","Locale":"es_ES"}},"Offers":{"Summaries":[{"Condition":{"Value":"New"},"LowestPrice":{"Amount":13.99,"Currency":"EUR","DisplayAmount":"13,99 €"}}]}},{"ASIN":"B0BX428YB2","DetailPageURL":"https://www.amazon.es/dp/B0BX428YB2?tag=topinalambricos-21&linkCode=osi&th=1&psc=1","Images":{"Primary":{"Small":{"Height":75,"URL":"https://m.media-amazon.com/images/I/41J+zgmgQ2L._SL75_.jpg","Width":75}}},"ItemInfo":{"ByLineInfo":{"Brand":{"DisplayValue":"Hengxinchen","Label":"Brand","Locale":"es_ES"},"Manufacturer":{"DisplayValue":"hengxinc","Label":"Manufacturer","Locale":"es_ES"}},"Title":{"DisplayValue":"Hengxinc 12 Bolsas de líquidos para Equipaje de Mano, Bolsa de Aseo Transparente, 20 x 20 cm, hermética, Bolsa de avión, líquidos, aerolínea, Reutilizable, Bolsa de cosméticos de Viaje","Label":"Title","Locale":"es_ES"}},"Offers":{"Summaries":[{"Condition":{"Value":"New"},"LowestPrice":{"Amount":7.29,"Currency":"EUR","DisplayAmount":"7,29 €"}}]}},{"ASIN":"B0B8NTBBK2","DetailPageURL":"https://www.amazon.es/dp/B0B8NTBBK2?tag=topinalambricos-21&linkCode=osi&th=1&psc=1","Images":{"Primary":{"Small":{"Height":75,"URL":"https://m.media-amazon.com/images/I/21NYf5Te0NL._SL75_.jpg","Width":58}}},"ItemInfo":{"ByLineInfo":{"Brand":{"DisplayValue":"HAWKERS","Label":"Brand","Locale":"es_ES"},"Manufacturer":{"DisplayValue":"SALDUM | PLAY HAWKERS GROUP","Label":"Manufacturer","Locale":"es_ES"}},"Title":{"DisplayValue":"HAWKERS Gafas de sol ONE para Hombre","Label":"Title","Locale":"es_ES"}},"Offers":{"Summaries":[{"Condition":{"Value":"New"},"LowestPrice":{"Amount":19.99,"Currency":"EUR","DisplayAmount":"19,99 €"}}]}}],"SearchURL":"https://www.amazon.es/s?k=transparente&rh=p_n_availability%3A-1&tag=topinalambricos-21&linkCode=osi","TotalResultCount":306}},"38":{"SearchResult":{"Items":[{"ASIN":"B00CJ7HPBE","DetailPageURL":"https://www.amazon.es/dp/B00CJ7HPBE?tag=topinalambricos-21&linkCode=osi&th=1&psc=1","Images":{"Primary":{"Small":{"Height":75,"URL":"https://m.media-amazon.com/images/I/314Qj5Dj4AL._SL75_.jpg","Width":25}}},"ItemInfo":{"ByLineInfo":{"Brand":{"DisplayValue":"Cléopâtre","Label":"Brand","Locale":"es_ES"},"Manufacturer":{"DisplayValue":"Cleopatre","Label":"Manufacturer","Locale":"es_ES"}},"Title":{"DisplayValue":"Cléopatre - Pegamento Transparente Fuerte L'Adhésive - Pegamento en Gel Ideal para Papel y Cartulina, Tareas Escolares a partir de 6 Años - Formato Recarga - 500g","Label":"Title","Locale":"es_ES"}},"Offers":{"Summaries":[{"Condition":{"Value":"New"},"LowestPrice":{"Amount":3.95,"Currency":"EUR","DisplayAmount":"3,95 € (7,90 € / kg)","PricePerUnit":7.9}}]}},{"ASIN":"B0BTYFMJGD","DetailPageURL":"https://www.amazon.es/dp/B0BTYFMJGD?tag=topinalambricos-21&linkCode=osi&th=1&psc=1","Images":{"Primary":{"Small":{"Height":75,"URL":"https://m.media-amazon.com/images/I/41or0ngfiVL._SL75_.jpg","Width":75}}},"ItemInfo":{"ByLineInfo":{"Brand":{"DisplayValue":"Oderra","Label":"Brand","Locale":"es_ES"},"Manufacturer":{"DisplayValue":"Neceser Transparente Viaje avion","Label":"Manufacturer","Locale":"es_ES"}},"Title":{"DisplayValue":"Oderra 2 Piezas Bolsa Transparente Avion, Neceser Transparente Viaje Avion, PVC Impermeable Bolsa Avion para Llevar Líquidos, para Mujeres y Hombres","Label":"Title","Locale":"es_ES"}},"Offers":{"Summaries":[{"Condition":{"Value":"New"},"LowestPrice":{"Amount":8.69,"Currency":"EUR","DisplayAmount":"8,69 € (4,34 € / count)","PricePerUnit":4.34}}]}},{"ASIN":"B09S43SRWH","DetailPageURL":"https://www.amazon.es/dp/B09S43SRWH?tag=topinalambricos-21&linkCode=osi&th=1&psc=1","Images":{"Primary":{"Small":{"Height":75,"URL":"https://m.media-amazon.com/images/I/21VlqWvdezL._SL75_.jpg","Width":75}}},"ItemInfo":{"ByLineInfo":{"Brand":{"DisplayValue":"Amazon Basics","Label":"Brand","Locale":"es_ES"},"Manufacturer":{"DisplayValue":"Amazon","Label":"Manufacturer","Locale":"es_ES"}},"Title":{"DisplayValue":"Amazon Basics Octogonal Paraguas cúpula Transparente, 87,6 cm","Label":"Title","Locale":"es_ES"}},"Offers":{"Summaries":[{"Condition":{"Value":"Used"},"LowestPrice":{"Amount":19.0,"Currency":"EUR","DisplayAmount":"19,00 €"}},{"Condition":{"Value":"New"},"LowestPrice":{"Amount":21.35,"Currency":"EUR","DisplayAmount":"21,35 €"}}]}},{"ASIN":"B0BXLGTN4M","DetailPageURL":"https://www.amazon.es/dp/B0BXLGTN4M?tag=topinalambricos-21&linkCode=osi&th=1&psc=1","Images":{"Primary":{"Small":{"Height":75,"URL":"https://m.media-amazon.com/images/I/41sNkwAbRuL._SL75_.jpg","Width":75}}},"ItemInfo":{"ByLineInfo":{"Brand":{"DisplayValue":"Runmeihe","Label":"Brand","Locale":"es_ES"}},"Title":{"DisplayValue":"Runmeihe 8 Pack Chubasquero Transparente Adulto, Desechable Poncho Impermeable para Hombre Mujer, Ligeroscon Poncho Luvia con Capuchas y Botones para Viajes Surf Senderismo Eventos","Label":"Title","Locale":"es_ES"}},"Offers":{"Summaries":[{"Condition":{"Value":"New"},"LowestPrice":{"Amount":14.99,"Currency":"EUR","DisplayAmount":"14,99 €"}}]}},{"ASIN":"B0CC4LHQ93","DetailPageURL":"https://www.amazon.es/dp/B0CC4LHQ93?tag=topinalambricos-21&linkCode=osi&th=1&psc=1","Images":{"Primary":{"Small":{"Height":75,"URL":"https://m.media-amazon.com/images/I/41TUf4V4npL._SL75_.jpg","Width":75}}},"ItemInfo":{"ByLineInfo":{"Brand":{"DisplayValue":"Helweet","Label":"Brand","Locale":"es_ES"},"Manufacturer":{"DisplayValue":"Helweet","Label":"Manufacturer","Locale":"es_ES"}},"Title":{"DisplayValue":"Mochila Transparente con Cordón, Mochila de Deporte Transparente, Bolsa de Gimnasia Transparente con Cordón, Bolsa de Cincha Transparente, Bolsa De Deportiva Transparente, para Deportes, Camping","Label":"Title","Locale":"es_ES"}},"Offers":{"Summaries":[{"Condition":{"Value":"New"},"LowestPrice":{"Amount":7.99,"Currency":"EUR","DisplayAmount":"7,99 €"}}]}},{"ASIN":"B002R8L7ZU","DetailPageURL":"https://www.amazon.es/dp/B002R8L7ZU?tag=topinalambricos-21&linkCode=osi&th=1&psc=1","Images":{"Primary":{"Small":{"Height":75,"URL":"https://m.media-amazon.com/images/I/41df3Oeu5DL._SL75_.jpg","Width":75}}},"ItemInfo":{"ByLineInfo":{"Brand":{"DisplayValue":"Fulton","Label":"Brand","Locale":"es_ES"},"Manufacturer":{"DisplayValue":"Fulton","Label":"Manufacturer","Locale":"es_ES"}},"Title":{"DisplayValue":"Fulton Birdcage - Paraguas Transparente","Label":"Title","Locale":"es_ES"}},"Offers":{"Summaries":[{"Condition":{"Value":"New"},"LowestPrice":{"Amount":21.0,"Currency":"EUR","DisplayAmount":"21,00 €"}},{"Condition":{"Value":"Used"},"LowestPrice":{"Amount":19.89,"Currency":"EUR","DisplayAmount":"19,89 €"}}]}},{"ASIN":"B0CL58QBXY","DetailPageURL":"https://www.amazon.es/dp/B0CL58QBXY?tag=topinalambricos-21&linkCode=osi&th=1&psc=1","Images":{"Primary":{"Small":{"Height":75,"URL":"https://m.media-amazon.com/images/I/3144UG+Zt4L._SL75_.jpg","Width":47}}},"ItemInfo":{"ByLineInfo":{"Brand":{"DisplayValue":"Dozer","Label":"Brand","Locale":"es_ES"}},"Title":{"DisplayValue":"Dozer Chubasquero desechable, Pack de 3 Chubasqueros Transparentes con Capucha, Poncho Impermeable para Festivales, Conciertos y Actividades al Aire Libre","Label":"Title","Locale":"es_ES"}},"Offers":{"Summaries":[{"Condition":{"Value":"New"},"LowestPrice":{"Amount":9.9,"Currency":"EUR","DisplayAmount":"9,90 €"}}]}},{"ASIN":"B0BG32VPWW","DetailPageURL":"https://www.amazon.es/dp/B0BG32VPWW?tag=topinalambricos-21&linkCode=osi&th=1&psc=1","Images":{"Primary":{"Small":{"Height":75,"URL":"https://m.media-amazon.com/images/I/41ltWc4PPjL._SL75_.jpg","Width":75}}},"ItemInfo":{"ByLineInfo":{"Brand":{"DisplayValue":"Acan","Label":"Brand","Locale":"es_ES"},"Manufacturer":{"DisplayValue":"Tradineur","Label":"Manufacturer","Locale":"es_ES"}},"Title":{"DisplayValue":"Acan Tradineur - Paraguas largo transparente - Mango acristalado - Fabricación en PVC - 8 Varillas - Evita los días lluviosos con elegancia - Color Aleatorio","Label":"Title","Locale":"es_ES"}},"Offers":{"Summaries":[{"Condition":{"Value":"New"},"LowestPrice":{"Amount":13.99,"Currency":"EUR","DisplayAmount":"13,99 €"}}]}},{"ASIN":"B0BX428YB2","DetailPageURL":"https://www.amazon.es/dp/B0BX428YB2?tag=topinalambricos-21&linkCode=osi&th=1&psc=1","Images":{"Primary":{"Small":{"Height":75,"URL":"https://m.media-amazon.com/images/I/41J+zgmgQ2L._SL75_.jpg","Width":75}}},"ItemInfo":{"ByLineInfo":{"Brand":{"DisplayValue":"Hengxinchen","Label":"Brand","Locale":"es_ES"},"Manufacturer":{"DisplayValue":"hengxinc","Label":"Manufacturer","Locale":"es_ES"}},"Title":{"DisplayValue":"Hengxinc 12 Bolsas de líquidos para Equipaje de Mano, Bolsa de Aseo Transparente, 20 x 20 cm, hermética, Bolsa de avión, líquidos, aerolínea, Reutilizable, Bolsa de cosméticos de Viaje","Label":"Title","Locale":"es_ES"}},"Offers":{"Summaries":[{"Condition":{"Value":"New"},"LowestPrice":{"Amount":7.29,"Currency":"EUR","DisplayAmount":"7,29 €"}}]}},{"ASIN":"B0B8NTBBK2","DetailPageURL":"https://www.amazon.es/dp/B0B8NTBBK2?tag=topinalambricos-21&linkCode=osi&th=1&psc=1","Images":{"Primary":{"Small":{"Height":75,"URL":"https://m.media-amazon.com/images/I/21NYf5Te0NL._SL75_.jpg","Width":58}}},"ItemInfo":{"ByLineInfo":{"Brand":{"DisplayValue":"HAWKERS","Label":"Brand","Locale":"es_ES"},"Manufacturer":{"DisplayValue":"SALDUM | PLAY HAWKERS GROUP","Label":"Manufacturer","Locale":"es_ES"}},"Title":{"DisplayValue":"HAWKERS Gafas de sol ONE para Hombre","Label":"Title","Locale":"es_ES"}},"Offers":{"Summaries":[{"Condition":{"Value":"New"},"LowestPrice":{"Amount":19.99,"Currency":"EUR","DisplayAmount":"19,99 €"}}]}}],"SearchURL":"https://www.amazon.es/s?k=transparente&rh=p_n_availability%3A-1&tag=topinalambricos-21&linkCode=osi","TotalResultCount":306}},"39":{"SearchResult":{"Items":[{"ASIN":"B00CJ7HPBE","DetailPageURL":"https://www.amazon.es/dp/B00CJ7HPBE?tag=topinalambricos-21&linkCode=osi&th=1&psc=1","Images":{"Primary":{"Small":{"Height":75,"URL":"https://m.media-amazon.com/images/I/314Qj5Dj4AL._SL75_.jpg","Width":25}}},"ItemInfo":{"ByLineInfo":{"Brand":{"DisplayValue":"Cléopâtre","Label":"Brand","Locale":"es_ES"},"Manufacturer":{"DisplayValue":"Cleopatre","Label":"Manufacturer","Locale":"es_ES"}},"Title":{"DisplayValue":"Cléopatre - Pegamento Transparente Fuerte L'Adhésive - Pegamento en Gel Ideal para Papel y Cartulina, Tareas Escolares a partir de 6 Años - Formato Recarga - 500g","Label":"Title","Locale":"es_ES"}},"Offers":{"Summaries":[{"Condition":{"Value":"New"},"LowestPrice":{"Amount":3.95,"Currency":"EUR","DisplayAmount":"3,95 € (7,90 € / kg)","PricePerUnit":7.9}}]}},{"ASIN":"B0BTYFMJGD","DetailPageURL":"https://www.amazon.es/dp/B0BTYFMJGD?tag=topinalambricos-21&linkCode=osi&th=1&psc=1","Images":{"Primary":{"Small":{"Height":75,"URL":"https://m.media-amazon.com/images/I/41or0ngfiVL._SL75_.jpg","Width":75}}},"ItemInfo":{"ByLineInfo":{"Brand":{"DisplayValue":"Oderra","Label":"Brand","Locale":"es_ES"},"Manufacturer":{"DisplayValue":"Neceser Transparente Viaje avion","Label":"Manufacturer","Locale":"es_ES"}},"Title":{"DisplayValue":"Oderra 2 Piezas Bolsa Transparente Avion, Neceser Transparente Viaje Avion, PVC Impermeable Bolsa Avion para Llevar Líquidos, para Mujeres y Hombres","Label":"Title","Locale":"es_ES"}},"Offers":{"Summaries":[{"Condition":{"Value":"New"},"LowestPrice":{"Amount":8.69,"Currency":"EUR","DisplayAmount":"8,69 € (4,34 € / count)","PricePerUnit":4.34}}]}},{"ASIN":"B09S43SRWH","DetailPageURL":"https://www.amazon.es/dp/B09S43SRWH?tag=topinalambricos-21&linkCode=osi&th=1&psc=1","Images":{"Primary":{"Small":{"Height":75,"URL":"https://m.media-amazon.com/images/I/21VlqWvdezL._SL75_.jpg","Width":75}}},"ItemInfo":{"ByLineInfo":{"Brand":{"DisplayValue":"Amazon Basics","Label":"Brand","Locale":"es_ES"},"Manufacturer":{"DisplayValue":"Amazon","Label":"Manufacturer","Locale":"es_ES"}},"Title":{"DisplayValue":"Amazon Basics Octogonal Paraguas cúpula Transparente, 87,6 cm","Label":"Title","Locale":"es_ES"}},"Offers":{"Summaries":[{"Condition":{"Value":"Used"},"LowestPrice":{"Amount":19.0,"Currency":"EUR","DisplayAmount":"19,00 €"}},{"Condition":{"Value":"New"},"LowestPrice":{"Amount":21.35,"Currency":"EUR","DisplayAmount":"21,35 €"}}]}},{"ASIN":"B0BXLGTN4M","DetailPageURL":"https://www.amazon.es/dp/B0BXLGTN4M?tag=topinalambricos-21&linkCode=osi&th=1&psc=1","Images":{"Primary":{"Small":{"Height":75,"URL":"https://m.media-amazon.com/images/I/41sNkwAbRuL._SL75_.jpg","Width":75}}},"ItemInfo":{"ByLineInfo":{"Brand":{"DisplayValue":"Runmeihe","Label":"Brand","Locale":"es_ES"}},"Title":{"DisplayValue":"Runmeihe 8 Pack Chubasquero Transparente Adulto, Desechable Poncho Impermeable para Hombre Mujer, Ligeroscon Poncho Luvia con Capuchas y Botones para Viajes Surf Senderismo Eventos","Label":"Title","Locale":"es_ES"}},"Offers":{"Summaries":[{"Condition":{"Value":"New"},"LowestPrice":{"Amount":14.99,"Currency":"EUR","DisplayAmount":"14,99 €"}}]}},{"ASIN":"B0CC4LHQ93","DetailPageURL":"https://www.amazon.es/dp/B0CC4LHQ93?tag=topinalambricos-21&linkCode=osi&th=1&psc=1","Images":{"Primary":{"Small":{"Height":75,"URL":"https://m.media-amazon.com/images/I/41TUf4V4npL._SL75_.jpg","Width":75}}},"ItemInfo":{"ByLineInfo":{"Brand":{"DisplayValue":"Helweet","Label":"Brand","Locale":"es_ES"},"Manufacturer":{"DisplayValue":"Helweet","Label":"Manufacturer","Locale":"es_ES"}},"Title":{"DisplayValue":"Mochila Transparente con Cordón, Mochila de Deporte Transparente, Bolsa de Gimnasia Transparente con Cordón, Bolsa de Cincha Transparente, Bolsa De Deportiva Transparente, para Deportes, Camping","Label":"Title","Locale":"es_ES"}},"Offers":{"Summaries":[{"Condition":{"Value":"New"},"LowestPrice":{"Amount":7.99,"Currency":"EUR","DisplayAmount":"7,99 €"}}]}},{"ASIN":"B002R8L7ZU","DetailPageURL":"https://www.amazon.es/dp/B002R8L7ZU?tag=topinalambricos-21&linkCode=osi&th=1&psc=1","Images":{"Primary":{"Small":{"Height":75,"URL":"https://m.media-amazon.com/images/I/41df3Oeu5DL._SL75_.jpg","Width":75}}},"ItemInfo":{"ByLineInfo":{"Brand":{"DisplayValue":"Fulton","Label":"Brand","Locale":"es_ES"},"Manufacturer":{"DisplayValue":"Fulton","Label":"Manufacturer","Locale":"es_ES"}},"Title":{"DisplayValue":"Fulton Birdcage - Paraguas Transparente","Label":"Title","Locale":"es_ES"}},"Offers":{"Summaries":[{"Condition":{"Value":"New"},"LowestPrice":{"Amount":21.0,"Currency":"EUR","DisplayAmount":"21,00 €"}},{"Condition":{"Value":"Used"},"LowestPrice":{"Amount":19.89,"Currency":"EUR","DisplayAmount":"19,89 €"}}]}},{"ASIN":"B0CL58QBXY","DetailPageURL":"https://www.amazon.es/dp/B0CL58QBXY?tag=topinalambricos-21&linkCode=osi&th=1&psc=1","Images":{"Primary":{"Small":{"Height":75,"URL":"https://m.media-amazon.com/images/I/3144UG+Zt4L._SL75_.jpg","Width":47}}},"ItemInfo":{"ByLineInfo":{"Brand":{"DisplayValue":"Dozer","Label":"Brand","Locale":"es_ES"}},"Title":{"DisplayValue":"Dozer Chubasquero desechable, Pack de 3 Chubasqueros Transparentes con Capucha, Poncho Impermeable para Festivales, Conciertos y Actividades al Aire Libre","Label":"Title","Locale":"es_ES"}},"Offers":{"Summaries":[{"Condition":{"Value":"New"},"LowestPrice":{"Amount":9.9,"Currency":"EUR","DisplayAmount":"9,90 €"}}]}},{"ASIN":"B0BG32VPWW","DetailPageURL":"https://www.amazon.es/dp/B0BG32VPWW?tag=topinalambricos-21&linkCode=osi&th=1&psc=1","Images":{"Primary":{"Small":{"Height":75,"URL":"https://m.media-amazon.com/images/I/41ltWc4PPjL._SL75_.jpg","Width":75}}},"ItemInfo":{"ByLineInfo":{"Brand":{"DisplayValue":"Acan","Label":"Brand","Locale":"es_ES"},"Manufacturer":{"DisplayValue":"Tradineur","Label":"Manufacturer","Locale":"es_ES"}},"Title":{"DisplayValue":"Acan Tradineur - Paraguas largo transparente - Mango acristalado - Fabricación en PVC - 8 Varillas - Evita los días lluviosos con elegancia - Color Aleatorio","Label":"Title","Locale":"es_ES"}},"Offers":{"Summaries":[{"Condition":{"Value":"New"},"LowestPrice":{"Amount":13.99,"Currency":"EUR","DisplayAmount":"13,99 €"}}]}},{"ASIN":"B0BX428YB2","DetailPageURL":"https://www.amazon.es/dp/B0BX428YB2?tag=topinalambricos-21&linkCode=osi&th=1&psc=1","Images":{"Primary":{"Small":{"Height":75,"URL":"https://m.media-amazon.com/images/I/41J+zgmgQ2L._SL75_.jpg","Width":75}}},"ItemInfo":{"ByLineInfo":{"Brand":{"DisplayValue":"Hengxinchen","Label":"Brand","Locale":"es_ES"},"Manufacturer":{"DisplayValue":"hengxinc","Label":"Manufacturer","Locale":"es_ES"}},"Title":{"DisplayValue":"Hengxinc 12 Bolsas de líquidos para Equipaje de Mano, Bolsa de Aseo Transparente, 20 x 20 cm, hermética, Bolsa de avión, líquidos, aerolínea, Reutilizable, Bolsa de cosméticos de Viaje","Label":"Title","Locale":"es_ES"}},"Offers":{"Summaries":[{"Condition":{"Value":"New"},"LowestPrice":{"Amount":7.29,"Currency":"EUR","DisplayAmount":"7,29 €"}}]}},{"ASIN":"B0B8NTBBK2","DetailPageURL":"https://www.amazon.es/dp/B0B8NTBBK2?tag=topinalambricos-21&linkCode=osi&th=1&psc=1","Images":{"Primary":{"Small":{"Height":75,"URL":"https://m.media-amazon.com/images/I/21NYf5Te0NL._SL75_.jpg","Width":58}}},"ItemInfo":{"ByLineInfo":{"Brand":{"DisplayValue":"HAWKERS","Label":"Brand","Locale":"es_ES"},"Manufacturer":{"DisplayValue":"SALDUM | PLAY HAWKERS GROUP","Label":"Manufacturer","Locale":"es_ES"}},"Title":{"DisplayValue":"HAWKERS Gafas de sol ONE para Hombre","Label":"Title","Locale":"es_ES"}},"Offers":{"Summaries":[{"Condition":{"Value":"New"},"LowestPrice":{"Amount":19.99,"Currency":"EUR","DisplayAmount":"19,99 €"}}]}}],"SearchURL":"https://www.amazon.es/s?k=transparente&rh=p_n_availability%3A-1&tag=topinalambricos-21&linkCode=osi","TotalResultCount":306}},"40":{"SearchResult":{"Items":[{"ASIN":"B00CJ7HPBE","DetailPageURL":"https://www.amazon.es/dp/B00CJ7HPBE?tag=topinalambricos-21&linkCode=osi&th=1&psc=1","Images":{"Primary":{"Small":{"Height":75,"URL":"https://m.media-amazon.com/images/I/314Qj5Dj4AL._SL75_.jpg","Width":25}}},"ItemInfo":{"ByLineInfo":{"Brand":{"DisplayValue":"Cléopâtre","Label":"Brand","Locale":"es_ES"},"Manufacturer":{"DisplayValue":"Cleopatre","Label":"Manufacturer","Locale":"es_ES"}},"Title":{"DisplayValue":"Cléopatre - Pegamento Transparente Fuerte L'Adhésive - Pegamento en Gel Ideal para Papel y Cartulina, Tareas Escolares a partir de 6 Años - Formato Recarga - 500g","Label":"Title","Locale":"es_ES"}},"Offers":{"Summaries":[{"Condition":{"Value":"New"},"LowestPrice":{"Amount":3.95,"Currency":"EUR","DisplayAmount":"3,95 € (7,90 € / kg)","PricePerUnit":7.9}}]}},{"ASIN":"B0BTYFMJGD","DetailPageURL":"https://www.amazon.es/dp/B0BTYFMJGD?tag=topinalambricos-21&linkCode=osi&th=1&psc=1","Images":{"Primary":{"Small":{"Height":75,"URL":"https://m.media-amazon.com/images/I/41or0ngfiVL._SL75_.jpg","Width":75}}},"ItemInfo":{"ByLineInfo":{"Brand":{"DisplayValue":"Oderra","Label":"Brand","Locale":"es_ES"},"Manufacturer":{"DisplayValue":"Neceser Transparente Viaje avion","Label":"Manufacturer","Locale":"es_ES"}},"Title":{"DisplayValue":"Oderra 2 Piezas Bolsa Transparente Avion, Neceser Transparente Viaje Avion, PVC Impermeable Bolsa Avion para Llevar Líquidos, para Mujeres y Hombres","Label":"Title","Locale":"es_ES"}},"Offers":{"Summaries":[{"Condition":{"Value":"New"},"LowestPrice":{"Amount":8.69,"Currency":"EUR","DisplayAmount":"8,69 € (4,34 € / count)","PricePerUnit":4.34}}]}},{"ASIN":"B09S43SRWH","DetailPageURL":"https://www.amazon.es/dp/B09S43SRWH?tag=topinalambricos-21&linkCode=osi&th=1&psc=1","Images":{"Primary":{"Small":{"Height":75,"URL":"https://m.media-amazon.com/images/I/21VlqWvdezL._SL75_.jpg","Width":75}}},"ItemInfo":{"ByLineInfo":{"Brand":{"DisplayValue":"Amazon Basics","Label":"Brand","Locale":"es_ES"},"Manufacturer":{"DisplayValue":"Amazon","Label":"Manufacturer","Locale":"es_ES"}},"Title":{"DisplayValue":"Amazon Basics Octogonal Paraguas cúpula Transparente, 87,6 cm","Label":"Title","Locale":"es_ES"}},"Offers":{"Summaries":[{"Condition":{"Value":"Used"},"LowestPrice":{"Amount":19.0,"Currency":"EUR","DisplayAmount":"19,00 €"}},{"Condition":{"Value":"New"},"LowestPrice":{"Amount":21.35,"Currency":"EUR","DisplayAmount":"21,35 €"}}]}},{"ASIN":"B0BXLGTN4M","DetailPageURL":"https://www.amazon.es/dp/B0BXLGTN4M?tag=topinalambricos-21&linkCode=osi&th=1&psc=1","Images":{"Primary":{"Small":{"Height":75,"URL":"https://m.media-amazon.com/images/I/41sNkwAbRuL._SL75_.jpg","Width":75}}},"ItemInfo":{"ByLineInfo":{"Brand":{"DisplayValue":"Runmeihe","Label":"Brand","Locale":"es_ES"}},"Title":{"DisplayValue":"Runmeihe 8 Pack Chubasquero Transparente Adulto, Desechable Poncho Impermeable para Hombre Mujer, Ligeroscon Poncho Luvia con Capuchas y Botones para Viajes Surf Senderismo Eventos","Label":"Title","Locale":"es_ES"}},"Offers":{"Summaries":[{"Condition":{"Value":"New"},"LowestPrice":{"Amount":14.99,"Currency":"EUR","DisplayAmount":"14,99 €"}}]}},{"ASIN":"B0CC4LHQ93","DetailPageURL":"https://www.amazon.es/dp/B0CC4LHQ93?tag=topinalambricos-21&linkCode=osi&th=1&psc=1","Images":{"Primary":{"Small":{"Height":75,"URL":"https://m.media-amazon.com/images/I/41TUf4V4npL._SL75_.jpg","Width":75}}},"ItemInfo":{"ByLineInfo":{"Brand":{"DisplayValue":"Helweet","Label":"Brand","Locale":"es_ES"},"Manufacturer":{"DisplayValue":"Helweet","Label":"Manufacturer","Locale":"es_ES"}},"Title":{"DisplayValue":"Mochila Transparente con Cordón, Mochila de Deporte Transparente, Bolsa de Gimnasia Transparente con Cordón, Bolsa de Cincha Transparente, Bolsa De Deportiva Transparente, para Deportes, Camping","Label":"Title","Locale":"es_ES"}},"Offers":{"Summaries":[{"Condition":{"Value":"New"},"LowestPrice":{"Amount":7.99,"Currency":"EUR","DisplayAmount":"7,99 €"}}]}},{"ASIN":"B002R8L7ZU","DetailPageURL":"https://www.amazon.es/dp/B002R8L7ZU?tag=topinalambricos-21&linkCode=osi&th=1&psc=1","Images":{"Primary":{"Small":{"Height":75,"URL":"https://m.media-amazon.com/images/I/41df3Oeu5DL._SL75_.jpg","Width":75}}},"ItemInfo":{"ByLineInfo":{"Brand":{"DisplayValue":"Fulton","Label":"Brand","Locale":"es_ES"},"Manufacturer":{"DisplayValue":"Fulton","Label":"Manufacturer","Locale":"es_ES"}},"Title":{"DisplayValue":"Fulton Birdcage - Paraguas Transparente","Label":"Title","Locale":"es_ES"}},"Offers":{"Summaries":[{"Condition":{"Value":"New"},"LowestPrice":{"Amount":21.0,"Currency":"EUR","DisplayAmount":"21,00 €"}},{"Condition":{"Value":"Used"},"LowestPrice":{"Amount":19.89,"Currency":"EUR","DisplayAmount":"19,89 €"}}]}},{"ASIN":"B0CL58QBXY","DetailPageURL":"https://www.amazon.es/dp/B0CL58QBXY?tag=topinalambricos-21&linkCode=osi&th=1&psc=1","Images":{"Primary":{"Small":{"Height":75,"URL":"https://m.media-amazon.com/images/I/3144UG+Zt4L._SL75_.jpg","Width":47}}},"ItemInfo":{"ByLineInfo":{"Brand":{"DisplayValue":"Dozer","Label":"Brand","Locale":"es_ES"}},"Title":{"DisplayValue":"Dozer Chubasquero desechable, Pack de 3 Chubasqueros Transparentes con Capucha, Poncho Impermeable para Festivales, Conciertos y Actividades al Aire Libre","Label":"Title","Locale":"es_ES"}},"Offers":{"Summaries":[{"Condition":{"Value":"New"},"LowestPrice":{"Amount":9.9,"Currency":"EUR","DisplayAmount":"9,90 €"}}]}},{"ASIN":"B0BG32VPWW","DetailPageURL":"https://www.amazon.es/dp/B0BG32VPWW?tag=topinalambricos-21&linkCode=osi&th=1&psc=1","Images":{"Primary":{"Small":{"Height":75,"URL":"https://m.media-amazon.com/images/I/41ltWc4PPjL._SL75_.jpg","Width":75}}},"ItemInfo":{"ByLineInfo":{"Brand":{"DisplayValue":"Acan","Label":"Brand","Locale":"es_ES"},"Manufacturer":{"DisplayValue":"Tradineur","Label":"Manufacturer","Locale":"es_ES"}},"Title":{"DisplayValue":"Acan Tradineur - Paraguas largo transparente - Mango acristalado - Fabricación en PVC - 8 Varillas - Evita los días lluviosos con elegancia - Color Aleatorio","Label":"Title","Locale":"es_ES"}},"Offers":{"Summaries":[{"Condition":{"Value":"New"},"LowestPrice":{"Amount":13.99,"Currency":"EUR","DisplayAmount":"13,99 €"}}]}},{"ASIN":"B0BX428YB2","DetailPageURL":"https://www.amazon.es/dp/B0BX428YB2?tag=topinalambricos-21&linkCode=osi&th=1&psc=1","Images":{"Primary":{"Small":{"Height":75,"URL":"https://m.media-amazon.com/images/I/41J+zgmgQ2L._SL75_.jpg","Width":75}}},"ItemInfo":{"ByLineInfo":{"Brand":{"DisplayValue":"Hengxinchen","Label":"Brand","Locale":"es_ES"},"Manufacturer":{"DisplayValue":"hengxinc","Label":"Manufacturer","Locale":"es_ES"}},"Title":{"DisplayValue":"Hengxinc 12 Bolsas de líquidos para Equipaje de Mano, Bolsa de Aseo Transparente, 20 x 20 cm, hermética, Bolsa de avión, líquidos, aerolínea, Reutilizable, Bolsa de cosméticos de Viaje","Label":"Title","Locale":"es_ES"}},"Offers":{"Summaries":[{"Condition":{"Value":"New"},"LowestPrice":{"Amount":7.29,"Currency":"EUR","DisplayAmount":"7,29 €"}}]}},{"ASIN":"B0B8NTBBK2","DetailPageURL":"https://www.amazon.es/dp/B0B8NTBBK2?tag=topinalambricos-21&linkCode=osi&th=1&psc=1","Images":{"Primary":{"Small":{"Height":75,"URL":"https://m.media-amazon.com/images/I/21NYf5Te0NL._SL75_.jpg","Width":58}}},"ItemInfo":{"ByLineInfo":{"Brand":{"DisplayValue":"HAWKERS","Label":"Brand","Locale":"es_ES"},"Manufacturer":{"DisplayValue":"SALDUM | PLAY HAWKERS GROUP","Label":"Manufacturer","Locale":"es_ES"}},"Title":{"DisplayValue":"HAWKERS Gafas de sol ONE para Hombre","Label":"Title","Locale":"es_ES"}},"Offers":{"Summaries":[{"Condition":{"Value":"New"},"LowestPrice":{"Amount":19.99,"Currency":"EUR","DisplayAmount":"19,99 €"}}]}}],"SearchURL":"https://www.amazon.es/s?k=transparente&rh=p_n_availability%3A-1&tag=topinalambricos-21&linkCode=osi","TotalResultCount":306}},"41":{"SearchResult":{"Items":[{"ASIN":"B00CJ7HPBE","DetailPageURL":"https://www.amazon.es/dp/B00CJ7HPBE?tag=topinalambricos-21&linkCode=osi&th=1&psc=1","Images":{"Primary":{"Small":{"Height":75,"URL":"https://m.media-amazon.com/images/I/314Qj5Dj4AL._SL75_.jpg","Width":25}}},"ItemInfo":{"ByLineInfo":{"Brand":{"DisplayValue":"Cléopâtre","Label":"Brand","Locale":"es_ES"},"Manufacturer":{"DisplayValue":"Cleopatre","Label":"Manufacturer","Locale":"es_ES"}},"Title":{"DisplayValue":"Cléopatre - Pegamento Transparente Fuerte L'Adhésive - Pegamento en Gel Ideal para Papel y Cartulina, Tareas Escolares a partir de 6 Años - Formato Recarga - 500g","Label":"Title","Locale":"es_ES"}},"Offers":{"Summaries":[{"Condition":{"Value":"New"},"LowestPrice":{"Amount":3.95,"Currency":"EUR","DisplayAmount":"3,95 € (7,90 € / kg)","PricePerUnit":7.9}}]}},{"ASIN":"B0BTYFMJGD","DetailPageURL":"https://www.amazon.es/dp/B0BTYFMJGD?tag=topinalambricos-21&linkCode=osi&th=1&psc=1","Images":{"Primary":{"Small":{"Height":75,"URL":"https://m.media-amazon.com/images/I/41or0ngfiVL._SL75_.jpg","Width":75}}},"ItemInfo":{"ByLineInfo":{"Brand":{"DisplayValue":"Oderra","Label":"Brand","Locale":"es_ES"},"Manufacturer":{"DisplayValue":"Neceser Transparente Viaje avion","Label":"Manufacturer","Locale":"es_ES"}},"Title":{"DisplayValue":"Oderra 2 Piezas Bolsa Transparente Avion, Neceser Transparente Viaje Avion, PVC Impermeable Bolsa Avion para Llevar Líquidos, para Mujeres y Hombres","Label":"Title","Locale":"es_ES"}},"Offers":{"Summaries":[{"Condition":{"Value":"New"},"LowestPrice":{"Amount":8.69,"Currency":"EUR","DisplayAmount":"8,69 € (4,34 € / count)","PricePerUnit":4.34}}]}},{"ASIN":"B09S43SRWH","DetailPageURL":"https://www.amazon.es/dp/B09S43SRWH?tag=topinalambricos-21&linkCode=osi&th=1&psc=1","Images":{"Primary":{"Small":{"Height":75,"URL":"https://m.media-amazon.com/images/I/21VlqWvdezL._SL75_.jpg","Width":75}}},"ItemInfo":{"ByLineInfo":{"Brand":{"DisplayValue":"Amazon Basics","Label":"Brand","Locale":"es_ES"},"Manufacturer":{"DisplayValue":"Amazon","Label":"Manufacturer","Locale":"es_ES"}},"Title":{"DisplayValue":"Amazon Basics Octogonal Paraguas cúpula Transparente, 87,6 cm","Label":"Title","Locale":"es_ES"}},"Offers":{"Summaries":[{"Condition":{"Value":"Used"},"LowestPrice":{"Amount":19.0,"Currency":"EUR","DisplayAmount":"19,00 €"}},{"Condition":{"Value":"New"},"LowestPrice":{"Amount":21.35,"Currency":"EUR","DisplayAmount":"21,35 €"}}]}},{"ASIN":"B0BXLGTN4M","DetailPageURL":"https://www.amazon.es/dp/B0BXLGTN4M?tag=topinalambricos-21&linkCode=osi&th=1&psc=1","Images":{"Primary":{"Small":{"Height":75,"URL":"https://m.media-amazon.com/images/I/41sNkwAbRuL._SL75_.jpg","Width":75}}},"ItemInfo":{"ByLineInfo":{"Brand":{"DisplayValue":"Runmeihe","Label":"Brand","Locale":"es_ES"}},"Title":{"DisplayValue":"Runmeihe 8 Pack Chubasquero Transparente Adulto, Desechable Poncho Impermeable para Hombre Mujer, Ligeroscon Poncho Luvia con Capuchas y Botones para Viajes Surf Senderismo Eventos","Label":"Title","Locale":"es_ES"}},"Offers":{"Summaries":[{"Condition":{"Value":"New"},"LowestPrice":{"Amount":14.99,"Currency":"EUR","DisplayAmount":"14,99 €"}}]}},{"ASIN":"B0CC4LHQ93","DetailPageURL":"https://www.amazon.es/dp/B0CC4LHQ93?tag=topinalambricos-21&linkCode=osi&th=1&psc=1","Images":{"Primary":{"Small":{"Height":75,"URL":"https://m.media-amazon.com/images/I/41TUf4V4npL._SL75_.jpg","Width":75}}},"ItemInfo":{"ByLineInfo":{"Brand":{"DisplayValue":"Helweet","Label":"Brand","Locale":"es_ES"},"Manufacturer":{"DisplayValue":"Helweet","Label":"Manufacturer","Locale":"es_ES"}},"Title":{"DisplayValue":"Mochila Transparente con Cordón, Mochila de Deporte Transparente, Bolsa de Gimnasia Transparente con Cordón, Bolsa de Cincha Transparente, Bolsa De Deportiva Transparente, para Deportes, Camping","Label":"Title","Locale":"es_ES"}},"Offers":{"Summaries":[{"Condition":{"Value":"New"},"LowestPrice":{"Amount":7.99,"Currency":"EUR","DisplayAmount":"7,99 €"}}]}},{"ASIN":"B002R8L7ZU","DetailPageURL":"https://www.amazon.es/dp/B002R8L7ZU?tag=topinalambricos-21&linkCode=osi&th=1&psc=1","Images":{"Primary":{"Small":{"Height":75,"URL":"https://m.media-amazon.com/images/I/41df3Oeu5DL._SL75_.jpg","Width":75}}},"ItemInfo":{"ByLineInfo":{"Brand":{"DisplayValue":"Fulton","Label":"Brand","Locale":"es_ES"},"Manufacturer":{"DisplayValue":"Fulton","Label":"Manufacturer","Locale":"es_ES"}},"Title":{"DisplayValue":"Fulton Birdcage - Paraguas Transparente","Label":"Title","Locale":"es_ES"}},"Offers":{"Summaries":[{"Condition":{"Value":"New"},"LowestPrice":{"Amount":21.0,"Currency":"EUR","DisplayAmount":"21,00 €"}},{"Condition":{"Value":"Used"},"LowestPrice":{"Amount":19.89,"Currency":"EUR","DisplayAmount":"19,89 €"}}]}},{"ASIN":"B0CL58QBXY","DetailPageURL":"https://www.amazon.es/dp/B0CL58QBXY?tag=topinalambricos-21&linkCode=osi&th=1&psc=1","Images":{"Primary":{"Small":{"Height":75,"URL":"https://m.media-amazon.com/images/I/3144UG+Zt4L._SL75_.jpg","Width":47}}},"ItemInfo":{"ByLineInfo":{"Brand":{"DisplayValue":"Dozer","Label":"Brand","Locale":"es_ES"}},"Title":{"DisplayValue":"Dozer Chubasquero desechable, Pack de 3 Chubasqueros Transparentes con Capucha, Poncho Impermeable para Festivales, Conciertos y Actividades al Aire Libre","Label":"Title","Locale":"es_ES"}},"Offers":{"Summaries":[{"Condition":{"Value":"New"},"LowestPrice":{"Amount":9.9,"Currency":"EUR","DisplayAmount":"9,90 €"}}]}},{"ASIN":"B0BG32VPWW","DetailPageURL":"https://www.amazon.es/dp/B0BG32VPWW?tag=topinalambricos-21&linkCode=osi&th=1&psc=1","Images":{"Primary":{"Small":{"Height":75,"URL":"https://m.media-amazon.com/images/I/41ltWc4PPjL._SL75_.jpg","Width":75}}},"ItemInfo":{"ByLineInfo":{"Brand":{"DisplayValue":"Acan","Label":"Brand","Locale":"es_ES"},"Manufacturer":{"DisplayValue":"Tradineur","Label":"Manufacturer","Locale":"es_ES"}},"Title":{"DisplayValue":"Acan Tradineur - Paraguas largo transparente - Mango acristalado - Fabricación en PVC - 8 Varillas - Evita los días lluviosos con elegancia - Color Aleatorio","Label":"Title","Locale":"es_ES"}},"Offers":{"Summaries":[{"Condition":{"Value":"New"},"LowestPrice":{"Amount":13.99,"Currency":"EUR","DisplayAmount":"13,99 €"}}]}},{"ASIN":"B0BX428YB2","DetailPageURL":"https://www.amazon.es/dp/B0BX428YB2?tag=topinalambricos-21&linkCode=osi&th=1&psc=1","Images":{"Primary":{"Small":{"Height":75,"URL":"https://m.media-amazon.com/images/I/41J+zgmgQ2L._SL75_.jpg","Width":75}}},"ItemInfo":{"ByLineInfo":{"Brand":{"DisplayValue":"Hengxinchen","Label":"Brand","Locale":"es_ES"},"Manufacturer":{"DisplayValue":"hengxinc","Label":"Manufacturer","Locale":"es_ES"}},"Title":{"DisplayValue":"Hengxinc 12 Bolsas de líquidos para Equipaje de Mano, Bolsa de Aseo Transparente, 20 x 20 cm, hermética, Bolsa de avión, líquidos, aerolínea, Reutilizable, Bolsa de cosméticos de Viaje","Label":"Title","Locale":"es_ES"}},"Offers":{"Summaries":[{"Condition":{"Value":"New"},"LowestPrice":{"Amount":7.29,"Currency":"EUR","DisplayAmount":"7,29 €"}}]}},{"ASIN":"B0B8NTBBK2","DetailPageURL":"https://www.amazon.es/dp/B0B8NTBBK2?tag=topinalambricos-21&linkCode=osi&th=1&psc=1","Images":{"Primary":{"Small":{"Height":75,"URL":"https://m.media-amazon.com/images/I/21NYf5Te0NL._SL75_.jpg","Width":58}}},"ItemInfo":{"ByLineInfo":{"Brand":{"DisplayValue":"HAWKERS","Label":"Brand","Locale":"es_ES"},"Manufacturer":{"DisplayValue":"SALDUM | PLAY HAWKERS GROUP","Label":"Manufacturer","Locale":"es_ES"}},"Title":{"DisplayValue":"HAWKERS Gafas de sol ONE para Hombre","Label":"Title","Locale":"es_ES"}},"Offers":{"Summaries":[{"Condition":{"Value":"New"},"LowestPrice":{"Amount":19.99,"Currency":"EUR","DisplayAmount":"19,99 €"}}]}}],"SearchURL":"https://www.amazon.es/s?k=transparente&rh=p_n_availability%3A-1&tag=topinalambricos-21&linkCode=osi","TotalResultCount":306}},"42":{"SearchResult":{"Items":[{"ASIN":"B00CJ7HPBE","DetailPageURL":"https://www.amazon.es/dp/B00CJ7HPBE?tag=topinalambricos-21&linkCode=osi&th=1&psc=1","Images":{"Primary":{"Small":{"Height":75,"URL":"https://m.media-amazon.com/images/I/314Qj5Dj4AL._SL75_.jpg","Width":25}}},"ItemInfo":{"ByLineInfo":{"Brand":{"DisplayValue":"Cléopâtre","Label":"Brand","Locale":"es_ES"},"Manufacturer":{"DisplayValue":"Cleopatre","Label":"Manufacturer","Locale":"es_ES"}},"Title":{"DisplayValue":"Cléopatre - Pegamento Transparente Fuerte L'Adhésive - Pegamento en Gel Ideal para Papel y Cartulina, Tareas Escolares a partir de 6 Años - Formato Recarga - 500g","Label":"Title","Locale":"es_ES"}},"Offers":{"Summaries":[{"Condition":{"Value":"New"},"LowestPrice":{"Amount":3.95,"Currency":"EUR","DisplayAmount":"3,95 € (7,90 € / kg)","PricePerUnit":7.9}}]}},{"ASIN":"B0BTYFMJGD","DetailPageURL":"https://www.amazon.es/dp/B0BTYFMJGD?tag=topinalambricos-21&linkCode=osi&th=1&psc=1","Images":{"Primary":{"Small":{"Height":75,"URL":"https://m.media-amazon.com/images/I/41or0ngfiVL._SL75_.jpg","Width":75}}},"ItemInfo":{"ByLineInfo":{"Brand":{"DisplayValue":"Oderra","Label":"Brand","Locale":"es_ES"},"Manufacturer":{"DisplayValue":"Neceser Transparente Viaje avion","Label":"Manufacturer","Locale":"es_ES"}},"Title":{"DisplayValue":"Oderra 2 Piezas Bolsa Transparente Avion, Neceser Transparente Viaje Avion, PVC Impermeable Bolsa Avion para Llevar Líquidos, para Mujeres y Hombres","Label":"Title","Locale":"es_ES"}},"Offers":{"Summaries":[{"Condition":{"Value":"New"},"LowestPrice":{"Amount":8.69,"Currency":"EUR","DisplayAmount":"8,69 € (4,34 € / count)","PricePerUnit":4.34}}]}},{"ASIN":"B09S43SRWH","DetailPageURL":"https://www.amazon.es/dp/B09S43SRWH?tag=topinalambricos-21&linkCode=osi&th=1&psc=1","Images":{"Primary":{"Small":{"Height":75,"URL":"https://m.media-amazon.com/images/I/21VlqWvdezL._SL75_.jpg","Width":75}}},"ItemInfo":{"ByLineInfo":{"Brand":{"DisplayValue":"Amazon Basics","Label":"Brand","Locale":"es_ES"},"Manufacturer":{"DisplayValue":"Amazon","Label":"Manufacturer","Locale":"es_ES"}},"Title":{"DisplayValue":"Amazon Basics Octogonal Paraguas cúpula Transparente, 87,6 cm","Label":"Title","Locale":"es_ES"}},"Offers":{"Summaries":[{"Condition":{"Value":"Used"},"LowestPrice":{"Amount":19.0,"Currency":"EUR","DisplayAmount":"19,00 €"}},{"Condition":{"Value":"New"},"LowestPrice":{"Amount":21.35,"Currency":"EUR","DisplayAmount":"21,35 €"}}]}},{"ASIN":"B0BXLGTN4M","DetailPageURL":"https://www.amazon.es/dp/B0BXLGTN4M?tag=topinalambricos-21&linkCode=osi&th=1&psc=1","Images":{"Primary":{"Small":{"Height":75,"URL":"https://m.media-amazon.com/images/I/41sNkwAbRuL._SL75_.jpg","Width":75}}},"ItemInfo":{"ByLineInfo":{"Brand":{"DisplayValue":"Runmeihe","Label":"Brand","Locale":"es_ES"}},"Title":{"DisplayValue":"Runmeihe 8 Pack Chubasquero Transparente Adulto, Desechable Poncho Impermeable para Hombre Mujer, Ligeroscon Poncho Luvia con Capuchas y Botones para Viajes Surf Senderismo Eventos","Label":"Title","Locale":"es_ES"}},"Offers":{"Summaries":[{"Condition":{"Value":"New"},"LowestPrice":{"Amount":14.99,"Currency":"EUR","DisplayAmount":"14,99 €"}}]}},{"ASIN":"B0CC4LHQ93","DetailPageURL":"https://www.amazon.es/dp/B0CC4LHQ93?tag=topinalambricos-21&linkCode=osi&th=1&psc=1","Images":{"Primary":{"Small":{"Height":75,"URL":"https://m.media-amazon.com/images/I/41TUf4V4npL._SL75_.jpg","Width":75}}},"ItemInfo":{"ByLineInfo":{"Brand":{"DisplayValue":"Helweet","Label":"Brand","Locale":"es_ES"},"Manufacturer":{"DisplayValue":"Helweet","Label":"Manufacturer","Locale":"es_ES"}},"Title":{"DisplayValue":"Mochila Transparente con Cordón, Mochila de Deporte Transparente, Bolsa de Gimnasia Transparente con Cordón, Bolsa de Cincha Transparente, Bolsa De Deportiva Transparente, para Deportes, Camping","Label":"Title","Locale":"es_ES"}},"Offers":{"Summaries":[{"Condition":{"Value":"New"},"LowestPrice":{"Amount":7.99,"Currency":"EUR","DisplayAmount":"7,99 €"}}]}},{"ASIN":"B002R8L7ZU","DetailPageURL":"https://www.amazon.es/dp/B002R8L7ZU?tag=topinalambricos-21&linkCode=osi&th=1&psc=1","Images":{"Primary":{"Small":{"Height":75,"URL":"https://m.media-amazon.com/images/I/41df3Oeu5DL._SL75_.jpg","Width":75}}},"ItemInfo":{"ByLineInfo":{"Brand":{"DisplayValue":"Fulton","Label":"Brand","Locale":"es_ES"},"Manufacturer":{"DisplayValue":"Fulton","Label":"Manufacturer","Locale":"es_ES"}},"Title":{"DisplayValue":"Fulton Birdcage - Paraguas Transparente","Label":"Title","Locale":"es_ES"}},"Offers":{"Summaries":[{"Condition":{"Value":"New"},"LowestPrice":{"Amount":21.0,"Currency":"EUR","DisplayAmount":"21,00 €"}},{"Condition":{"Value":"Used"},"LowestPrice":{"Amount":19.89,"Currency":"EUR","DisplayAmount":"19,89 €"}}]}},{"ASIN":"B0CL58QBXY","DetailPageURL":"https://www.amazon.es/dp/B0CL58QBXY?tag=topinalambricos-21&linkCode=osi&th=1&psc=1","Images":{"Primary":{"Small":{"Height":75,"URL":"https://m.media-amazon.com/images/I/3144UG+Zt4L._SL75_.jpg","Width":47}}},"ItemInfo":{"ByLineInfo":{"Brand":{"DisplayValue":"Dozer","Label":"Brand","Locale":"es_ES"}},"Title":{"DisplayValue":"Dozer Chubasquero desechable, Pack de 3 Chubasqueros Transparentes con Capucha, Poncho Impermeable para Festivales, Conciertos y Actividades al Aire Libre","Label":"Title","Locale":"es_ES"}},"Offers":{"Summaries":[{"Condition":{"Value":"New"},"LowestPrice":{"Amount":9.9,"Currency":"EUR","DisplayAmount":"9,90 €"}}]}},{"ASIN":"B0BG32VPWW","DetailPageURL":"https://www.amazon.es/dp/B0BG32VPWW?tag=topinalambricos-21&linkCode=osi&th=1&psc=1","Images":{"Primary":{"Small":{"Height":75,"URL":"https://m.media-amazon.com/images/I/41ltWc4PPjL._SL75_.jpg","Width":75}}},"ItemInfo":{"ByLineInfo":{"Brand":{"DisplayValue":"Acan","Label":"Brand","Locale":"es_ES"},"Manufacturer":{"DisplayValue":"Tradineur","Label":"Manufacturer","Locale":"es_ES"}},"Title":{"DisplayValue":"Acan Tradineur - Paraguas largo transparente - Mango acristalado - Fabricación en PVC - 8 Varillas - Evita los días lluviosos con elegancia - Color Aleatorio","Label":"Title","Locale":"es_ES"}},"Offers":{"Summaries":[{"Condition":{"Value":"New"},"LowestPrice":{"Amount":13.99,"Currency":"EUR","DisplayAmount":"13,99 €"}}]}},{"ASIN":"B0BX428YB2","DetailPageURL":"https://www.amazon.es/dp/B0BX428YB2?tag=topinalambricos-21&linkCode=osi&th=1&psc=1","Images":{"Primary":{"Small":{"Height":75,"URL":"https://m.media-amazon.com/images/I/41J+zgmgQ2L._SL75_.jpg","Width":75}}},"ItemInfo":{"ByLineInfo":{"Brand":{"DisplayValue":"Hengxinchen","Label":"Brand","Locale":"es_ES"},"Manufacturer":{"DisplayValue":"hengxinc","Label":"Manufacturer","Locale":"es_ES"}},"Title":{"DisplayValue":"Hengxinc 12 Bolsas de líquidos para Equipaje de Mano, Bolsa de Aseo Transparente, 20 x 20 cm, hermética, Bolsa de avión, líquidos, aerolínea, Reutilizable, Bolsa de cosméticos de Viaje","Label":"Title","Locale":"es_ES"}},"Offers":{"Summaries":[{"Condition":{"Value":"New"},"LowestPrice":{"Amount":7.29,"Currency":"EUR","DisplayAmount":"7,29 €"}}]}},{"ASIN":"B0B8NTBBK2","DetailPageURL":"https://www.amazon.es/dp/B0B8NTBBK2?tag=topinalambricos-21&linkCode=osi&th=1&psc=1","Images":{"Primary":{"Small":{"Height":75,"URL":"https://m.media-amazon.com/images/I/21NYf5Te0NL._SL75_.jpg","Width":58}}},"ItemInfo":{"ByLineInfo":{"Brand":{"DisplayValue":"HAWKERS","Label":"Brand","Locale":"es_ES"},"Manufacturer":{"DisplayValue":"SALDUM | PLAY HAWKERS GROUP","Label":"Manufacturer","Locale":"es_ES"}},"Title":{"DisplayValue":"HAWKERS Gafas de sol ONE para Hombre","Label":"Title","Locale":"es_ES"}},"Offers":{"Summaries":[{"Condition":{"Value":"New"},"LowestPrice":{"Amount":19.99,"Currency":"EUR","DisplayAmount":"19,99 €"}}]}}],"SearchURL":"https://www.amazon.es/s?k=transparente&rh=p_n_availability%3A-1&tag=topinalambricos-21&linkCode=osi","TotalResultCount":306}},"43":{"SearchResult":{"Items":[{"ASIN":"8490667799","DetailPageURL":"https://www.amazon.es/dp/8490667799?tag=topinalambricos-21&linkCode=osi&th=1&psc=1","Images":{"Primary":{"Small":{"Height":75,"URL":"https://m.media-amazon.com/images/I/41f3xK0VZCL._SL75_.jpg","Width":49}}},"ItemInfo":{"ByLineInfo":{"Brand":{"DisplayValue":"Maxi-Tusquets","Label":"Brand","Locale":"es_ES"},"Contributors":[{"Locale":"es_ES","Name":"Grandes, Almudena","Role":"Autor","RoleType":"author"}],"Manufacturer":{"DisplayValue":"Planeta","Label":"Manufacturer","Locale":"es_ES"}},"Title":{"DisplayValue":"Los pacientes del doctor García (MAXI)","Label":"Title","Locale":"es_ES"}},"Offers":{"Summaries":[{"Condition":{"Value":"New"},"LowestPrice":{"Amount":12.3,"Currency":"EUR","DisplayAmount":"12,30 €"}},{"Condition":{"Value":"Used"},"LowestPrice":{"Amount":7.95,"Currency":"EUR","DisplayAmount":"7,95 €"}}]}},{"ASIN":"8411124819","DetailPageURL":"https://www.amazon.es/dp/8411124819?tag=topinalambricos-21&linkCode=osi&th=1&psc=1","Images":{"Primary":{"Small":{"Height":75,"URL":"https://m.media-amazon.com/images/I/51IMbTEgKtL._SL75_.jpg","Width":53}}},"ItemInfo":{"ByLineInfo":{"Brand":{"DisplayValue":"Planeta Cómic","Label":"Brand","Locale":"es_ES"},"Contributors":[{"Locale":"es_ES","Name":"Grandes, Almudena","Role":"Autor","RoleType":"author"},{"Locale":"es_ES","Name":"Stassi, Claudio","Role":"Autor","RoleType":"author"}],"Manufacturer":{"DisplayValue":"Planeta Cómic","Label":"Manufacturer","Locale":"es_ES"}},"Title":{"DisplayValue":"Los pacientes del doctor García (novela gráfica): Basado en la novela de Almudena Grandes","Label":"Title","Locale":"es_ES"}},"Offers":{"Summaries":[{"Condition":{"Value":"Used"},"LowestPrice":{"Amount":19.81,"Currency":"EUR","DisplayAmount":"19,81 €"}},{"Condition":{"Value":"New"},"LowestPrice":{"Amount":23.75,"Currency":"EUR","DisplayAmount":"23,75 €"}}]}},{"ASIN":"8490664498","DetailPageURL":"https://www.amazon.es/dp/8490664498?tag=topinalambricos-21&linkCode=osi&th=1&psc=1","Images":{"Primary":{"Small":{"Height":75,"URL":"https://m.media-amazon.com/images/I/514aL8HMIWL._SL75_.jpg","Width":50}}},"ItemInfo":{"ByLineInfo":{"Contributors":[{"Locale":"es_ES","Name":"Grandes, Almudena","Role":"Autor","RoleType":"author"}],"Manufacturer":{"DisplayValue":"Tusquets.","Label":"Manufacturer","Locale":"es_ES"}},"Title":{"DisplayValue":"Los pacientes del doctor García: el fin de la esperanza y la red de evasión de criminales de guerra y jerarcas nazis dirigida por Clara Stauffer, Madrid-Buenos Aires, 1945-1955","Label":"Title","Locale":"es_ES"}},"Offers":{"Summaries":[{"Condition":{"Value":"Used"},"LowestPrice":{"Amount":14.45,"Currency":"EUR","DisplayAmount":"14,45 €"}}]}},{"ASIN":"8490664463","DetailPageURL":"https://www.amazon.es/dp/8490664463?tag=topinalambricos-21&linkCode=osi&th=1&psc=1","Images":{"Primary":{"Small":{"Height":75,"URL":"https://m.media-amazon.com/images/I/51l3IX6ssyL._SL75_.jpg","Width":49}}},"ItemInfo":{"ByLineInfo":{"Brand":{"DisplayValue":"Tusquets Editores S.A.","Label":"Brand","Locale":"es_ES"},"Contributors":[{"Locale":"es_ES","Name":"Grandes, Almudena","Role":"Autor","RoleType":"author"}],"Manufacturer":{"DisplayValue":"Tusquets Editores S.A.","Label":"Manufacturer","Locale":"es_ES"}},"Title":{"DisplayValue":"Los pacientes del doctor García: Episodios de una Guerra Interminable: 4 (Andanzas)","Label":"Title","Locale":"es_ES"}},"Offers":{"Summaries":[{"Condition":{"Value":"New"},"LowestPrice":{"Amount":26.0,"Currency":"EUR","DisplayAmount":"26,00 €"}},{"Condition":{"Value":"Used"},"LowestPrice":{"Amount":21.62,"Currency":"EUR","DisplayAmount":"21,62 €"}}]}},{"ASIN":"2709662531","DetailPageURL":"https://www.amazon.es/dp/2709662531?tag=topinalambricos-21&linkCode=osi&th=1&psc=1","Images":{"Primary":{"Small":{"Height":75,"URL":"https://m.media-amazon.com/images/I/41ZVAQfPOcL._SL75_.jpg","Width":48}}},"ItemInfo":{"ByLineInfo":{"Brand":{"DisplayValue":"LATTES","Label":"Brand","Locale":"es_ES"},"Contributors":[{"Locale":"es_ES","Name":"Grandes, Almudena","Role":"Autor","RoleType":"author"}],"Manufacturer":{"DisplayValue":"JC Lattès","Label":"Manufacturer","Locale":"es_ES"}},"Title":{"DisplayValue":"Les patients du docteur Garcia (Littérature étrangère)","Label":"Title","Locale":"es_ES"}},"Offers":{"Summaries":[{"Condition":{"Value":"Used"},"LowestPrice":{"Amount":9.11,"Currency":"EUR","DisplayAmount":"9,11 €"}},{"Condition":{"Value":"New"},"LowestPrice":{"Amount":24.5,"Currency":"EUR","DisplayAmount":"24,50 €"}}]}},{"ASIN":"B09ZJ313QS","DetailPageURL":"https://www.amazon.es/dp/B09ZJ313QS?tag=topinalambricos-21&linkCode=osi&th=1&psc=1","Images":{"Primary":{"Small":{"Height":75,"URL":"https://m.media-amazon.com/images/I/51d665e+xkL._SL75_.jpg","Width":49}}},"ItemInfo":{"ByLineInfo":{"Contributors":[{"Locale":"es_ES","Name":"Grandes, Almudena","Role":"Autor","RoleType":"author"}],"Manufacturer":{"DisplayValue":"Tusquets Editores S.A.","Label":"Manufacturer","Locale":"es_ES"}},"Title":{"DisplayValue":"Pack Episodios de una guerra interminable: Inés y la alegría, El lector de Julio Verne, Las tres bodas de Manolita, Los pacientes del doctor García, La madre de Frankenstein","Label":"Title","Locale":"es_ES"}},"Offers":{"Summaries":[{"Condition":{"Value":"New"},"LowestPrice":{"Amount":33.24,"Currency":"EUR","DisplayAmount":"33,24 €"}}]}},{"ASIN":"841107109X","DetailPageURL":"https://www.amazon.es/dp/841107109X?tag=topinalambricos-21&linkCode=osi&th=1&psc=1","Images":{"Primary":{"Small":{"Height":68,"URL":"https://m.media-amazon.com/images/I/41oxGZctc0L._SL75_.jpg","Width":75}}},"ItemInfo":{"ByLineInfo":{"Brand":{"DisplayValue":"Tusquets Editores S.A.","Label":"Brand","Locale":"es_ES"},"Contributors":[{"Locale":"es_ES","Name":"Grandes, Almudena","Role":"Autor","RoleType":"author"}],"Manufacturer":{"DisplayValue":"Tusquets Editores S.A.","Label":"Manufacturer","Locale":"es_ES"}},"Title":{"DisplayValue":"Estuche Episodios de una Guerra Interminable: Inés y la alegría, El lector de Julio Verne, Las tres bodas de Manolita, Los pacientes del doctor García, La madre de Frankenstein (Andanzas)","Label":"Title","Locale":"es_ES"}},"Offers":{"Summaries":[{"Condition":{"Value":"New"},"LowestPrice":{"Amount":107.01,"Currency":"EUR","DisplayAmount":"107,01 €"}}]}},{"ASIN":"9056726099","DetailPageURL":"https://www.amazon.es/dp/9056726099?tag=topinalambricos-21&linkCode=osi&th=1&psc=1","Images":{"Primary":{"Small":{"Height":75,"URL":"https://m.media-amazon.com/images/I/51bISkcjLRL._SL75_.jpg","Width":48}}},"ItemInfo":{"ByLineInfo":{"Brand":{"DisplayValue":"Signatuur","Label":"Brand","Locale":"es_ES"},"Contributors":[{"Locale":"es_ES","Name":"Grandes, Almudena","Role":"Autor","RoleType":"author"},{"Locale":"es_ES","Name":"Buursma, Mia","Role":"Traductor","RoleType":"translator"},{"Locale":"es_ES","Name":"Degenaar, Rikkie","Role":"Traductor","RoleType":"translator"}],"Manufacturer":{"DisplayValue":"Signatuur","Label":"Manufacturer","Locale":"es_ES"}},"Title":{"DisplayValue":"De patiënten van dokter García","Label":"Title","Locale":"es_ES"}},"Offers":{"Summaries":[{"Condition":{"Value":"New"},"LowestPrice":{"Amount":29.57,"Currency":"EUR","DisplayAmount":"29,57 €"}}]}},{"ASIN":"8408258613","DetailPageURL":"https://www.amazon.es/dp/8408258613?tag=topinalambricos-21&linkCode=osi&th=1&psc=1","Images":{"Primary":{"Small":{"Height":75,"URL":"https://m.media-amazon.com/images/I/41KF-Uf51fL._SL75_.jpg","Width":48}}},"ItemInfo":{"ByLineInfo":{"Brand":{"DisplayValue":"Booket","Label":"Brand","Locale":"es_ES"},"Contributors":[{"Locale":"es_ES","Name":"García Sáenz de Urturi, Eva","Role":"Autor","RoleType":"author"}],"Manufacturer":{"DisplayValue":"Booket","Label":"Manufacturer","Locale":"es_ES"}},"Title":{"DisplayValue":"Aquitania: Premio Planeta 2020 (Novela)","Label":"Title","Locale":"es_ES"}},"Offers":{"Summaries":[{"Condition":{"Value":"Used"},"LowestPrice":{"Amount":8.96,"Currency":"EUR","DisplayAmount":"8,96 €"}},{"Condition":{"Value":"New"},"LowestPrice":{"Amount":9.3,"Currency":"EUR","DisplayAmount":"9,30 €"}}]}},{"ASIN":"8418945702","DetailPageURL":"https://www.amazon.es/dp/8418945702?tag=topinalambricos-21&linkCode=osi&th=1&psc=1","Images":{"Primary":{"Small":{"Height":75,"URL":"https://m.media-amazon.com/images/I/51SeyYCt3sL._SL75_.jpg","Width":50}}},"ItemInfo":{"ByLineInfo":{"Contributors":[{"Locale":"es_ES","Name":"Hazelwood, Ali","Role":"Autor","RoleType":"author"},{"Locale":"es_ES","Name":"Gilabert Giménez, Nerea","Role":"Traductor","RoleType":"translator"}],"Manufacturer":{"DisplayValue":"Contraluz Editorial","Label":"Manufacturer","Locale":"es_ES"}},"Title":{"DisplayValue":"La teoría del amor (Contraluz) Español","Label":"Title","Locale":"es_ES"}},"Offers":{"Summaries":[{"Condition":{"Value":"New"},"LowestPrice":{"Amount":18.0,"Currency":"EUR","DisplayAmount":"18,00 €"}}]}}],"SearchURL":"https://www.amazon.es/s?k=los+pacientes+del+doctor+garc%C3%ADa&rh=n%3A599364031%2Cp_n_availability%3A-1&tag=topinalambricos-21&linkCode=osi","TotalResultCount":41}},"44":{"SearchResult":{"Items":[{"ASIN":"8490667799","DetailPageURL":"https://www.amazon.es/dp/8490667799?tag=topinalambricos-21&linkCode=osi&th=1&psc=1","Images":{"Primary":{"Small":{"Height":75,"URL":"https://m.media-amazon.com/images/I/41f3xK0VZCL._SL75_.jpg","Width":49}}},"ItemInfo":{"ByLineInfo":{"Brand":{"DisplayValue":"Maxi-Tusquets","Label":"Brand","Locale":"es_ES"},"Contributors":[{"Locale":"es_ES","Name":"Grandes, Almudena","Role":"Autor","RoleType":"author"}],"Manufacturer":{"DisplayValue":"Planeta","Label":"Manufacturer","Locale":"es_ES"}},"Title":{"DisplayValue":"Los pacientes del doctor García (MAXI)","Label":"Title","Locale":"es_ES"}},"Offers":{"Summaries":[{"Condition":{"Value":"New"},"LowestPrice":{"Amount":12.3,"Currency":"EUR","DisplayAmount":"12,30 €"}},{"Condition":{"Value":"Used"},"LowestPrice":{"Amount":7.95,"Currency":"EUR","DisplayAmount":"7,95 €"}}]}},{"ASIN":"8411124819","DetailPageURL":"https://www.amazon.es/dp/8411124819?tag=topinalambricos-21&linkCode=osi&th=1&psc=1","Images":{"Primary":{"Small":{"Height":75,"URL":"https://m.media-amazon.com/images/I/51IMbTEgKtL._SL75_.jpg","Width":53}}},"ItemInfo":{"ByLineInfo":{"Brand":{"DisplayValue":"Planeta Cómic","Label":"Brand","Locale":"es_ES"},"Contributors":[{"Locale":"es_ES","Name":"Grandes, Almudena","Role":"Autor","RoleType":"author"},{"Locale":"es_ES","Name":"Stassi, Claudio","Role":"Autor","RoleType":"author"}],"Manufacturer":{"DisplayValue":"Planeta Cómic","Label":"Manufacturer","Locale":"es_ES"}},"Title":{"DisplayValue":"Los pacientes del doctor García (novela gráfica): Basado en la novela de Almudena Grandes","Label":"Title","Locale":"es_ES"}},"Offers":{"Summaries":[{"Condition":{"Value":"Used"},"LowestPrice":{"Amount":19.81,"Currency":"EUR","DisplayAmount":"19,81 €"}},{"Condition":{"Value":"New"},"LowestPrice":{"Amount":23.75,"Currency":"EUR","DisplayAmount":"23,75 €"}}]}},{"ASIN":"8490664498","DetailPageURL":"https://www.amazon.es/dp/8490664498?tag=topinalambricos-21&linkCode=osi&th=1&psc=1","Images":{"Primary":{"Small":{"Height":75,"URL":"https://m.media-amazon.com/images/I/514aL8HMIWL._SL75_.jpg","Width":50}}},"ItemInfo":{"ByLineInfo":{"Contributors":[{"Locale":"es_ES","Name":"Grandes, Almudena","Role":"Autor","RoleType":"author"}],"Manufacturer":{"DisplayValue":"Tusquets.","Label":"Manufacturer","Locale":"es_ES"}},"Title":{"DisplayValue":"Los pacientes del doctor García: el fin de la esperanza y la red de evasión de criminales de guerra y jerarcas nazis dirigida por Clara Stauffer, Madrid-Buenos Aires, 1945-1955","Label":"Title","Locale":"es_ES"}},"Offers":{"Summaries":[{"Condition":{"Value":"Used"},"LowestPrice":{"Amount":14.45,"Currency":"EUR","DisplayAmount":"14,45 €"}}]}},{"ASIN":"8490664463","DetailPageURL":"https://www.amazon.es/dp/8490664463?tag=topinalambricos-21&linkCode=osi&th=1&psc=1","Images":{"Primary":{"Small":{"Height":75,"URL":"https://m.media-amazon.com/images/I/51l3IX6ssyL._SL75_.jpg","Width":49}}},"ItemInfo":{"ByLineInfo":{"Brand":{"DisplayValue":"Tusquets Editores S.A.","Label":"Brand","Locale":"es_ES"},"Contributors":[{"Locale":"es_ES","Name":"Grandes, Almudena","Role":"Autor","RoleType":"author"}],"Manufacturer":{"DisplayValue":"Tusquets Editores S.A.","Label":"Manufacturer","Locale":"es_ES"}},"Title":{"DisplayValue":"Los pacientes del doctor García: Episodios de una Guerra Interminable: 4 (Andanzas)","Label":"Title","Locale":"es_ES"}},"Offers":{"Summaries":[{"Condition":{"Value":"New"},"LowestPrice":{"Amount":26.0,"Currency":"EUR","DisplayAmount":"26,00 €"}},{"Condition":{"Value":"Used"},"LowestPrice":{"Amount":21.62,"Currency":"EUR","DisplayAmount":"21,62 €"}}]}},{"ASIN":"2709662531","DetailPageURL":"https://www.amazon.es/dp/2709662531?tag=topinalambricos-21&linkCode=osi&th=1&psc=1","Images":{"Primary":{"Small":{"Height":75,"URL":"https://m.media-amazon.com/images/I/41ZVAQfPOcL._SL75_.jpg","Width":48}}},"ItemInfo":{"ByLineInfo":{"Brand":{"DisplayValue":"LATTES","Label":"Brand","Locale":"es_ES"},"Contributors":[{"Locale":"es_ES","Name":"Grandes, Almudena","Role":"Autor","RoleType":"author"}],"Manufacturer":{"DisplayValue":"JC Lattès","Label":"Manufacturer","Locale":"es_ES"}},"Title":{"DisplayValue":"Les patients du docteur Garcia (Littérature étrangère)","Label":"Title","Locale":"es_ES"}},"Offers":{"Summaries":[{"Condition":{"Value":"Used"},"LowestPrice":{"Amount":9.11,"Currency":"EUR","DisplayAmount":"9,11 €"}},{"Condition":{"Value":"New"},"LowestPrice":{"Amount":24.5,"Currency":"EUR","DisplayAmount":"24,50 €"}}]}},{"ASIN":"B09ZJ313QS","DetailPageURL":"https://www.amazon.es/dp/B09ZJ313QS?tag=topinalambricos-21&linkCode=osi&th=1&psc=1","Images":{"Primary":{"Small":{"Height":75,"URL":"https://m.media-amazon.com/images/I/51d665e+xkL._SL75_.jpg","Width":49}}},"ItemInfo":{"ByLineInfo":{"Contributors":[{"Locale":"es_ES","Name":"Grandes, Almudena","Role":"Autor","RoleType":"author"}],"Manufacturer":{"DisplayValue":"Tusquets Editores S.A.","Label":"Manufacturer","Locale":"es_ES"}},"Title":{"DisplayValue":"Pack Episodios de una guerra interminable: Inés y la alegría, El lector de Julio Verne, Las tres bodas de Manolita, Los pacientes del doctor García, La madre de Frankenstein","Label":"Title","Locale":"es_ES"}},"Offers":{"Summaries":[{"Condition":{"Value":"New"},"LowestPrice":{"Amount":33.24,"Currency":"EUR","DisplayAmount":"33,24 €"}}]}},{"ASIN":"841107109X","DetailPageURL":"https://www.amazon.es/dp/841107109X?tag=topinalambricos-21&linkCode=osi&th=1&psc=1","Images":{"Primary":{"Small":{"Height":68,"URL":"https://m.media-amazon.com/images/I/41oxGZctc0L._SL75_.jpg","Width":75}}},"ItemInfo":{"ByLineInfo":{"Brand":{"DisplayValue":"Tusquets Editores S.A.","Label":"Brand","Locale":"es_ES"},"Contributors":[{"Locale":"es_ES","Name":"Grandes, Almudena","Role":"Autor","RoleType":"author"}],"Manufacturer":{"DisplayValue":"Tusquets Editores S.A.","Label":"Manufacturer","Locale":"es_ES"}},"Title":{"DisplayValue":"Estuche Episodios de una Guerra Interminable: Inés y la alegría, El lector de Julio Verne, Las tres bodas de Manolita, Los pacientes del doctor García, La madre de Frankenstein (Andanzas)","Label":"Title","Locale":"es_ES"}},"Offers":{"Summaries":[{"Condition":{"Value":"New"},"LowestPrice":{"Amount":107.01,"Currency":"EUR","DisplayAmount":"107,01 €"}}]}},{"ASIN":"9056726099","DetailPageURL":"https://www.amazon.es/dp/9056726099?tag=topinalambricos-21&linkCode=osi&th=1&psc=1","Images":{"Primary":{"Small":{"Height":75,"URL":"https://m.media-amazon.com/images/I/51bISkcjLRL._SL75_.jpg","Width":48}}},"ItemInfo":{"ByLineInfo":{"Brand":{"DisplayValue":"Signatuur","Label":"Brand","Locale":"es_ES"},"Contributors":[{"Locale":"es_ES","Name":"Grandes, Almudena","Role":"Autor","RoleType":"author"},{"Locale":"es_ES","Name":"Buursma, Mia","Role":"Traductor","RoleType":"translator"},{"Locale":"es_ES","Name":"Degenaar, Rikkie","Role":"Traductor","RoleType":"translator"}],"Manufacturer":{"DisplayValue":"Signatuur","Label":"Manufacturer","Locale":"es_ES"}},"Title":{"DisplayValue":"De patiënten van dokter García","Label":"Title","Locale":"es_ES"}},"Offers":{"Summaries":[{"Condition":{"Value":"New"},"LowestPrice":{"Amount":29.57,"Currency":"EUR","DisplayAmount":"29,57 €"}}]}},{"ASIN":"8408258613","DetailPageURL":"https://www.amazon.es/dp/8408258613?tag=topinalambricos-21&linkCode=osi&th=1&psc=1","Images":{"Primary":{"Small":{"Height":75,"URL":"https://m.media-amazon.com/images/I/41KF-Uf51fL._SL75_.jpg","Width":48}}},"ItemInfo":{"ByLineInfo":{"Brand":{"DisplayValue":"Booket","Label":"Brand","Locale":"es_ES"},"Contributors":[{"Locale":"es_ES","Name":"García Sáenz de Urturi, Eva","Role":"Autor","RoleType":"author"}],"Manufacturer":{"DisplayValue":"Booket","Label":"Manufacturer","Locale":"es_ES"}},"Title":{"DisplayValue":"Aquitania: Premio Planeta 2020 (Novela)","Label":"Title","Locale":"es_ES"}},"Offers":{"Summaries":[{"Condition":{"Value":"Used"},"LowestPrice":{"Amount":8.96,"Currency":"EUR","DisplayAmount":"8,96 €"}},{"Condition":{"Value":"New"},"LowestPrice":{"Amount":9.3,"Currency":"EUR","DisplayAmount":"9,30 €"}}]}},{"ASIN":"8418945702","DetailPageURL":"https://www.amazon.es/dp/8418945702?tag=topinalambricos-21&linkCode=osi&th=1&psc=1","Images":{"Primary":{"Small":{"Height":75,"URL":"https://m.media-amazon.com/images/I/51SeyYCt3sL._SL75_.jpg","Width":50}}},"ItemInfo":{"ByLineInfo":{"Contributors":[{"Locale":"es_ES","Name":"Hazelwood, Ali","Role":"Autor","RoleType":"author"},{"Locale":"es_ES","Name":"Gilabert Giménez, Nerea","Role":"Traductor","RoleType":"translator"}],"Manufacturer":{"DisplayValue":"Contraluz Editorial","Label":"Manufacturer","Locale":"es_ES"}},"Title":{"DisplayValue":"La teoría del amor (Contraluz) Español","Label":"Title","Locale":"es_ES"}},"Offers":{"Summaries":[{"Condition":{"Value":"New"},"LowestPrice":{"Amount":18.0,"Currency":"EUR","DisplayAmount":"18,00 €"}}]}}],"SearchURL":"https://www.amazon.es/s?k=los+pacientes+del+doctor+garc%C3%ADa&rh=n%3A599364031%2Cp_n_availability%3A-1&tag=topinalambricos-21&linkCode=osi","TotalResultCount":41}},"45":{"SearchResult":{"Items":[{"ASIN":"8490667799","DetailPageURL":"https://www.amazon.es/dp/8490667799?tag=topinalambricos-21&linkCode=osi&th=1&psc=1","Images":{"Primary":{"Small":{"Height":75,"URL":"https://m.media-amazon.com/images/I/41f3xK0VZCL._SL75_.jpg","Width":49}}},"ItemInfo":{"ByLineInfo":{"Brand":{"DisplayValue":"Maxi-Tusquets","Label":"Brand","Locale":"es_ES"},"Contributors":[{"Locale":"es_ES","Name":"Grandes, Almudena","Role":"Autor","RoleType":"author"}],"Manufacturer":{"DisplayValue":"Planeta","Label":"Manufacturer","Locale":"es_ES"}},"Title":{"DisplayValue":"Los pacientes del doctor García (MAXI)","Label":"Title","Locale":"es_ES"}},"Offers":{"Summaries":[{"Condition":{"Value":"New"},"LowestPrice":{"Amount":12.3,"Currency":"EUR","DisplayAmount":"12,30 €"}},{"Condition":{"Value":"Used"},"LowestPrice":{"Amount":7.95,"Currency":"EUR","DisplayAmount":"7,95 €"}}]}},{"ASIN":"8411124819","DetailPageURL":"https://www.amazon.es/dp/8411124819?tag=topinalambricos-21&linkCode=osi&th=1&psc=1","Images":{"Primary":{"Small":{"Height":75,"URL":"https://m.media-amazon.com/images/I/51IMbTEgKtL._SL75_.jpg","Width":53}}},"ItemInfo":{"ByLineInfo":{"Brand":{"DisplayValue":"Planeta Cómic","Label":"Brand","Locale":"es_ES"},"Contributors":[{"Locale":"es_ES","Name":"Grandes, Almudena","Role":"Autor","RoleType":"author"},{"Locale":"es_ES","Name":"Stassi, Claudio","Role":"Autor","RoleType":"author"}],"Manufacturer":{"DisplayValue":"Planeta Cómic","Label":"Manufacturer","Locale":"es_ES"}},"Title":{"DisplayValue":"Los pacientes del doctor García (novela gráfica): Basado en la novela de Almudena Grandes","Label":"Title","Locale":"es_ES"}},"Offers":{"Summaries":[{"Condition":{"Value":"Used"},"LowestPrice":{"Amount":19.81,"Currency":"EUR","DisplayAmount":"19,81 €"}},{"Condition":{"Value":"New"},"LowestPrice":{"Amount":23.75,"Currency":"EUR","DisplayAmount":"23,75 €"}}]}},{"ASIN":"8490664498","DetailPageURL":"https://www.amazon.es/dp/8490664498?tag=topinalambricos-21&linkCode=osi&th=1&psc=1","Images":{"Primary":{"Small":{"Height":75,"URL":"https://m.media-amazon.com/images/I/514aL8HMIWL._SL75_.jpg","Width":50}}},"ItemInfo":{"ByLineInfo":{"Contributors":[{"Locale":"es_ES","Name":"Grandes, Almudena","Role":"Autor","RoleType":"author"}],"Manufacturer":{"DisplayValue":"Tusquets.","Label":"Manufacturer","Locale":"es_ES"}},"Title":{"DisplayValue":"Los pacientes del doctor García: el fin de la esperanza y la red de evasión de criminales de guerra y jerarcas nazis dirigida por Clara Stauffer, Madrid-Buenos Aires, 1945-1955","Label":"Title","Locale":"es_ES"}},"Offers":{"Summaries":[{"Condition":{"Value":"Used"},"LowestPrice":{"Amount":14.45,"Currency":"EUR","DisplayAmount":"14,45 €"}}]}},{"ASIN":"8490664463","DetailPageURL":"https://www.amazon.es/dp/8490664463?tag=topinalambricos-21&linkCode=osi&th=1&psc=1","Images":{"Primary":{"Small":{"Height":75,"URL":"https://m.media-amazon.com/images/I/51l3IX6ssyL._SL75_.jpg","Width":49}}},"ItemInfo":{"ByLineInfo":{"Brand":{"DisplayValue":"Tusquets Editores S.A.","Label":"Brand","Locale":"es_ES"},"Contributors":[{"Locale":"es_ES","Name":"Grandes, Almudena","Role":"Autor","RoleType":"author"}],"Manufacturer":{"DisplayValue":"Tusquets Editores S.A.","Label":"Manufacturer","Locale":"es_ES"}},"Title":{"DisplayValue":"Los pacientes del doctor García: Episodios de una Guerra Interminable: 4 (Andanzas)","Label":"Title","Locale":"es_ES"}},"Offers":{"Summaries":[{"Condition":{"Value":"New"},"LowestPrice":{"Amount":26.0,"Currency":"EUR","DisplayAmount":"26,00 €"}},{"Condition":{"Value":"Used"},"LowestPrice":{"Amount":21.62,"Currency":"EUR","DisplayAmount":"21,62 €"}}]}},{"ASIN":"2709662531","DetailPageURL":"https://www.amazon.es/dp/2709662531?tag=topinalambricos-21&linkCode=osi&th=1&psc=1","Images":{"Primary":{"Small":{"Height":75,"URL":"https://m.media-amazon.com/images/I/41ZVAQfPOcL._SL75_.jpg","Width":48}}},"ItemInfo":{"ByLineInfo":{"Brand":{"DisplayValue":"LATTES","Label":"Brand","Locale":"es_ES"},"Contributors":[{"Locale":"es_ES","Name":"Grandes, Almudena","Role":"Autor","RoleType":"author"}],"Manufacturer":{"DisplayValue":"JC Lattès","Label":"Manufacturer","Locale":"es_ES"}},"Title":{"DisplayValue":"Les patients du docteur Garcia (Littérature étrangère)","Label":"Title","Locale":"es_ES"}},"Offers":{"Summaries":[{"Condition":{"Value":"Used"},"LowestPrice":{"Amount":9.11,"Currency":"EUR","DisplayAmount":"9,11 €"}},{"Condition":{"Value":"New"},"LowestPrice":{"Amount":24.5,"Currency":"EUR","DisplayAmount":"24,50 €"}}]}},{"ASIN":"B09ZJ313QS","DetailPageURL":"https://www.amazon.es/dp/B09ZJ313QS?tag=topinalambricos-21&linkCode=osi&th=1&psc=1","Images":{"Primary":{"Small":{"Height":75,"URL":"https://m.media-amazon.com/images/I/51d665e+xkL._SL75_.jpg","Width":49}}},"ItemInfo":{"ByLineInfo":{"Contributors":[{"Locale":"es_ES","Name":"Grandes, Almudena","Role":"Autor","RoleType":"author"}],"Manufacturer":{"DisplayValue":"Tusquets Editores S.A.","Label":"Manufacturer","Locale":"es_ES"}},"Title":{"DisplayValue":"Pack Episodios de una guerra interminable: Inés y la alegría, El lector de Julio Verne, Las tres bodas de Manolita, Los pacientes del doctor García, La madre de Frankenstein","Label":"Title","Locale":"es_ES"}},"Offers":{"Summaries":[{"Condition":{"Value":"New"},"LowestPrice":{"Amount":33.24,"Currency":"EUR","DisplayAmount":"33,24 €"}}]}},{"ASIN":"841107109X","DetailPageURL":"https://www.amazon.es/dp/841107109X?tag=topinalambricos-21&linkCode=osi&th=1&psc=1","Images":{"Primary":{"Small":{"Height":68,"URL":"https://m.media-amazon.com/images/I/41oxGZctc0L._SL75_.jpg","Width":75}}},"ItemInfo":{"ByLineInfo":{"Brand":{"DisplayValue":"Tusquets Editores S.A.","Label":"Brand","Locale":"es_ES"},"Contributors":[{"Locale":"es_ES","Name":"Grandes, Almudena","Role":"Autor","RoleType":"author"}],"Manufacturer":{"DisplayValue":"Tusquets Editores S.A.","Label":"Manufacturer","Locale":"es_ES"}},"Title":{"DisplayValue":"Estuche Episodios de una Guerra Interminable: Inés y la alegría, El lector de Julio Verne, Las tres bodas de Manolita, Los pacientes del doctor García, La madre de Frankenstein (Andanzas)","Label":"Title","Locale":"es_ES"}},"Offers":{"Summaries":[{"Condition":{"Value":"New"},"LowestPrice":{"Amount":107.01,"Currency":"EUR","DisplayAmount":"107,01 €"}}]}},{"ASIN":"9056726099","DetailPageURL":"https://www.amazon.es/dp/9056726099?tag=topinalambricos-21&linkCode=osi&th=1&psc=1","Images":{"Primary":{"Small":{"Height":75,"URL":"https://m.media-amazon.com/images/I/51bISkcjLRL._SL75_.jpg","Width":48}}},"ItemInfo":{"ByLineInfo":{"Brand":{"DisplayValue":"Signatuur","Label":"Brand","Locale":"es_ES"},"Contributors":[{"Locale":"es_ES","Name":"Grandes, Almudena","Role":"Autor","RoleType":"author"},{"Locale":"es_ES","Name":"Buursma, Mia","Role":"Traductor","RoleType":"translator"},{"Locale":"es_ES","Name":"Degenaar, Rikkie","Role":"Traductor","RoleType":"translator"}],"Manufacturer":{"DisplayValue":"Signatuur","Label":"Manufacturer","Locale":"es_ES"}},"Title":{"DisplayValue":"De patiënten van dokter García","Label":"Title","Locale":"es_ES"}},"Offers":{"Summaries":[{"Condition":{"Value":"New"},"LowestPrice":{"Amount":29.57,"Currency":"EUR","DisplayAmount":"29,57 €"}}]}},{"ASIN":"8408258613","DetailPageURL":"https://www.amazon.es/dp/8408258613?tag=topinalambricos-21&linkCode=osi&th=1&psc=1","Images":{"Primary":{"Small":{"Height":75,"URL":"https://m.media-amazon.com/images/I/41KF-Uf51fL._SL75_.jpg","Width":48}}},"ItemInfo":{"ByLineInfo":{"Brand":{"DisplayValue":"Booket","Label":"Brand","Locale":"es_ES"},"Contributors":[{"Locale":"es_ES","Name":"García Sáenz de Urturi, Eva","Role":"Autor","RoleType":"author"}],"Manufacturer":{"DisplayValue":"Booket","Label":"Manufacturer","Locale":"es_ES"}},"Title":{"DisplayValue":"Aquitania: Premio Planeta 2020 (Novela)","Label":"Title","Locale":"es_ES"}},"Offers":{"Summaries":[{"Condition":{"Value":"Used"},"LowestPrice":{"Amount":8.96,"Currency":"EUR","DisplayAmount":"8,96 €"}},{"Condition":{"Value":"New"},"LowestPrice":{"Amount":9.3,"Currency":"EUR","DisplayAmount":"9,30 €"}}]}},{"ASIN":"8418945702","DetailPageURL":"https://www.amazon.es/dp/8418945702?tag=topinalambricos-21&linkCode=osi&th=1&psc=1","Images":{"Primary":{"Small":{"Height":75,"URL":"https://m.media-amazon.com/images/I/51SeyYCt3sL._SL75_.jpg","Width":50}}},"ItemInfo":{"ByLineInfo":{"Contributors":[{"Locale":"es_ES","Name":"Hazelwood, Ali","Role":"Autor","RoleType":"author"},{"Locale":"es_ES","Name":"Gilabert Giménez, Nerea","Role":"Traductor","RoleType":"translator"}],"Manufacturer":{"DisplayValue":"Contraluz Editorial","Label":"Manufacturer","Locale":"es_ES"}},"Title":{"DisplayValue":"La teoría del amor (Contraluz) Español","Label":"Title","Locale":"es_ES"}},"Offers":{"Summaries":[{"Condition":{"Value":"New"},"LowestPrice":{"Amount":18.0,"Currency":"EUR","DisplayAmount":"18,00 €"}}]}}],"SearchURL":"https://www.amazon.es/s?k=los+pacientes+del+doctor+garc%C3%ADa&rh=n%3A599364031%2Cp_n_availability%3A-1&tag=topinalambricos-21&linkCode=osi","TotalResultCount":41}},"46":{"SearchResult":{"Items":[{"ASIN":"8490667799","DetailPageURL":"https://www.amazon.es/dp/8490667799?tag=topinalambricos-21&linkCode=osi&th=1&psc=1","Images":{"Primary":{"Small":{"Height":75,"URL":"https://m.media-amazon.com/images/I/41f3xK0VZCL._SL75_.jpg","Width":49}}},"ItemInfo":{"ByLineInfo":{"Brand":{"DisplayValue":"Maxi-Tusquets","Label":"Brand","Locale":"es_ES"},"Contributors":[{"Locale":"es_ES","Name":"Grandes, Almudena","Role":"Autor","RoleType":"author"}],"Manufacturer":{"DisplayValue":"Planeta","Label":"Manufacturer","Locale":"es_ES"}},"Title":{"DisplayValue":"Los pacientes del doctor García (MAXI)","Label":"Title","Locale":"es_ES"}},"Offers":{"Summaries":[{"Condition":{"Value":"New"},"LowestPrice":{"Amount":12.3,"Currency":"EUR","DisplayAmount":"12,30 €"}},{"Condition":{"Value":"Used"},"LowestPrice":{"Amount":7.95,"Currency":"EUR","DisplayAmount":"7,95 €"}}]}},{"ASIN":"8411124819","DetailPageURL":"https://www.amazon.es/dp/8411124819?tag=topinalambricos-21&linkCode=osi&th=1&psc=1","Images":{"Primary":{"Small":{"Height":75,"URL":"https://m.media-amazon.com/images/I/51IMbTEgKtL._SL75_.jpg","Width":53}}},"ItemInfo":{"ByLineInfo":{"Brand":{"DisplayValue":"Planeta Cómic","Label":"Brand","Locale":"es_ES"},"Contributors":[{"Locale":"es_ES","Name":"Grandes, Almudena","Role":"Autor","RoleType":"author"},{"Locale":"es_ES","Name":"Stassi, Claudio","Role":"Autor","RoleType":"author"}],"Manufacturer":{"DisplayValue":"Planeta Cómic","Label":"Manufacturer","Locale":"es_ES"}},"Title":{"DisplayValue":"Los pacientes del doctor García (novela gráfica): Basado en la novela de Almudena Grandes","Label":"Title","Locale":"es_ES"}},"Offers":{"Summaries":[{"Condition":{"Value":"Used"},"LowestPrice":{"Amount":19.81,"Currency":"EUR","DisplayAmount":"19,81 €"}},{"Condition":{"Value":"New"},"LowestPrice":{"Amount":23.75,"Currency":"EUR","DisplayAmount":"23,75 €"}}]}},{"ASIN":"8490664498","DetailPageURL":"https://www.amazon.es/dp/8490664498?tag=topinalambricos-21&linkCode=osi&th=1&psc=1","Images":{"Primary":{"Small":{"Height":75,"URL":"https://m.media-amazon.com/images/I/514aL8HMIWL._SL75_.jpg","Width":50}}},"ItemInfo":{"ByLineInfo":{"Contributors":[{"Locale":"es_ES","Name":"Grandes, Almudena","Role":"Autor","RoleType":"author"}],"Manufacturer":{"DisplayValue":"Tusquets.","Label":"Manufacturer","Locale":"es_ES"}},"Title":{"DisplayValue":"Los pacientes del doctor García: el fin de la esperanza y la red de evasión de criminales de guerra y jerarcas nazis dirigida por Clara Stauffer, Madrid-Buenos Aires, 1945-1955","Label":"Title","Locale":"es_ES"}},"Offers":{"Summaries":[{"Condition":{"Value":"Used"},"LowestPrice":{"Amount":14.45,"Currency":"EUR","DisplayAmount":"14,45 €"}}]}},{"ASIN":"8490664463","DetailPageURL":"https://www.amazon.es/dp/8490664463?tag=topinalambricos-21&linkCode=osi&th=1&psc=1","Images":{"Primary":{"Small":{"Height":75,"URL":"https://m.media-amazon.com/images/I/51l3IX6ssyL._SL75_.jpg","Width":49}}},"ItemInfo":{"ByLineInfo":{"Brand":{"DisplayValue":"Tusquets Editores S.A.","Label":"Brand","Locale":"es_ES"},"Contributors":[{"Locale":"es_ES","Name":"Grandes, Almudena","Role":"Autor","RoleType":"author"}],"Manufacturer":{"DisplayValue":"Tusquets Editores S.A.","Label":"Manufacturer","Locale":"es_ES"}},"Title":{"DisplayValue":"Los pacientes del doctor García: Episodios de una Guerra Interminable: 4 (Andanzas)","Label":"Title","Locale":"es_ES"}},"Offers":{"Summaries":[{"Condition":{"Value":"New"},"LowestPrice":{"Amount":26.0,"Currency":"EUR","DisplayAmount":"26,00 €"}},{"Condition":{"Value":"Used"},"LowestPrice":{"Amount":21.62,"Currency":"EUR","DisplayAmount":"21,62 €"}}]}},{"ASIN":"2709662531","DetailPageURL":"https://www.amazon.es/dp/2709662531?tag=topinalambricos-21&linkCode=osi&th=1&psc=1","Images":{"Primary":{"Small":{"Height":75,"URL":"https://m.media-amazon.com/images/I/41ZVAQfPOcL._SL75_.jpg","Width":48}}},"ItemInfo":{"ByLineInfo":{"Brand":{"DisplayValue":"LATTES","Label":"Brand","Locale":"es_ES"},"Contributors":[{"Locale":"es_ES","Name":"Grandes, Almudena","Role":"Autor","RoleType":"author"}],"Manufacturer":{"DisplayValue":"JC Lattès","Label":"Manufacturer","Locale":"es_ES"}},"Title":{"DisplayValue":"Les patients du docteur Garcia (Littérature étrangère)","Label":"Title","Locale":"es_ES"}},"Offers":{"Summaries":[{"Condition":{"Value":"Used"},"LowestPrice":{"Amount":9.11,"Currency":"EUR","DisplayAmount":"9,11 €"}},{"Condition":{"Value":"New"},"LowestPrice":{"Amount":24.5,"Currency":"EUR","DisplayAmount":"24,50 €"}}]}},{"ASIN":"B09ZJ313QS","DetailPageURL":"https://www.amazon.es/dp/B09ZJ313QS?tag=topinalambricos-21&linkCode=osi&th=1&psc=1","Images":{"Primary":{"Small":{"Height":75,"URL":"https://m.media-amazon.com/images/I/51d665e+xkL._SL75_.jpg","Width":49}}},"ItemInfo":{"ByLineInfo":{"Contributors":[{"Locale":"es_ES","Name":"Grandes, Almudena","Role":"Autor","RoleType":"author"}],"Manufacturer":{"DisplayValue":"Tusquets Editores S.A.","Label":"Manufacturer","Locale":"es_ES"}},"Title":{"DisplayValue":"Pack Episodios de una guerra interminable: Inés y la alegría, El lector de Julio Verne, Las tres bodas de Manolita, Los pacientes del doctor García, La madre de Frankenstein","Label":"Title","Locale":"es_ES"}},"Offers":{"Summaries":[{"Condition":{"Value":"New"},"LowestPrice":{"Amount":33.24,"Currency":"EUR","DisplayAmount":"33,24 €"}}]}},{"ASIN":"841107109X","DetailPageURL":"https://www.amazon.es/dp/841107109X?tag=topinalambricos-21&linkCode=osi&th=1&psc=1","Images":{"Primary":{"Small":{"Height":68,"URL":"https://m.media-amazon.com/images/I/41oxGZctc0L._SL75_.jpg","Width":75}}},"ItemInfo":{"ByLineInfo":{"Brand":{"DisplayValue":"Tusquets Editores S.A.","Label":"Brand","Locale":"es_ES"},"Contributors":[{"Locale":"es_ES","Name":"Grandes, Almudena","Role":"Autor","RoleType":"author"}],"Manufacturer":{"DisplayValue":"Tusquets Editores S.A.","Label":"Manufacturer","Locale":"es_ES"}},"Title":{"DisplayValue":"Estuche Episodios de una Guerra Interminable: Inés y la alegría, El lector de Julio Verne, Las tres bodas de Manolita, Los pacientes del doctor García, La madre de Frankenstein (Andanzas)","Label":"Title","Locale":"es_ES"}},"Offers":{"Summaries":[{"Condition":{"Value":"New"},"LowestPrice":{"Amount":107.01,"Currency":"EUR","DisplayAmount":"107,01 €"}}]}},{"ASIN":"9056726099","DetailPageURL":"https://www.amazon.es/dp/9056726099?tag=topinalambricos-21&linkCode=osi&th=1&psc=1","Images":{"Primary":{"Small":{"Height":75,"URL":"https://m.media-amazon.com/images/I/51bISkcjLRL._SL75_.jpg","Width":48}}},"ItemInfo":{"ByLineInfo":{"Brand":{"DisplayValue":"Signatuur","Label":"Brand","Locale":"es_ES"},"Contributors":[{"Locale":"es_ES","Name":"Grandes, Almudena","Role":"Autor","RoleType":"author"},{"Locale":"es_ES","Name":"Buursma, Mia","Role":"Traductor","RoleType":"translator"},{"Locale":"es_ES","Name":"Degenaar, Rikkie","Role":"Traductor","RoleType":"translator"}],"Manufacturer":{"DisplayValue":"Signatuur","Label":"Manufacturer","Locale":"es_ES"}},"Title":{"DisplayValue":"De patiënten van dokter García","Label":"Title","Locale":"es_ES"}},"Offers":{"Summaries":[{"Condition":{"Value":"New"},"LowestPrice":{"Amount":29.57,"Currency":"EUR","DisplayAmount":"29,57 €"}}]}},{"ASIN":"8408258613","DetailPageURL":"https://www.amazon.es/dp/8408258613?tag=topinalambricos-21&linkCode=osi&th=1&psc=1","Images":{"Primary":{"Small":{"Height":75,"URL":"https://m.media-amazon.com/images/I/41KF-Uf51fL._SL75_.jpg","Width":48}}},"ItemInfo":{"ByLineInfo":{"Brand":{"DisplayValue":"Booket","Label":"Brand","Locale":"es_ES"},"Contributors":[{"Locale":"es_ES","Name":"García Sáenz de Urturi, Eva","Role":"Autor","RoleType":"author"}],"Manufacturer":{"DisplayValue":"Booket","Label":"Manufacturer","Locale":"es_ES"}},"Title":{"DisplayValue":"Aquitania: Premio Planeta 2020 (Novela)","Label":"Title","Locale":"es_ES"}},"Offers":{"Summaries":[{"Condition":{"Value":"Used"},"LowestPrice":{"Amount":8.96,"Currency":"EUR","DisplayAmount":"8,96 €"}},{"Condition":{"Value":"New"},"LowestPrice":{"Amount":9.3,"Currency":"EUR","DisplayAmount":"9,30 €"}}]}},{"ASIN":"8418945702","DetailPageURL":"https://www.amazon.es/dp/8418945702?tag=topinalambricos-21&linkCode=osi&th=1&psc=1","Images":{"Primary":{"Small":{"Height":75,"URL":"https://m.media-amazon.com/images/I/51SeyYCt3sL._SL75_.jpg","Width":50}}},"ItemInfo":{"ByLineInfo":{"Contributors":[{"Locale":"es_ES","Name":"Hazelwood, Ali","Role":"Autor","RoleType":"author"},{"Locale":"es_ES","Name":"Gilabert Giménez, Nerea","Role":"Traductor","RoleType":"translator"}],"Manufacturer":{"DisplayValue":"Contraluz Editorial","Label":"Manufacturer","Locale":"es_ES"}},"Title":{"DisplayValue":"La teoría del amor (Contraluz) Español","Label":"Title","Locale":"es_ES"}},"Offers":{"Summaries":[{"Condition":{"Value":"New"},"LowestPrice":{"Amount":18.0,"Currency":"EUR","DisplayAmount":"18,00 €"}}]}}],"SearchURL":"https://www.amazon.es/s?k=los+pacientes+del+doctor+garc%C3%ADa&rh=n%3A599364031%2Cp_n_availability%3A-1&tag=topinalambricos-21&linkCode=osi","TotalResultCount":41}},"47":{"SearchResult":{"Items":[{"ASIN":"8490667799","DetailPageURL":"https://www.amazon.es/dp/8490667799?tag=topinalambricos-21&linkCode=osi&th=1&psc=1","Images":{"Primary":{"Small":{"Height":75,"URL":"https://m.media-amazon.com/images/I/41f3xK0VZCL._SL75_.jpg","Width":49}}},"ItemInfo":{"ByLineInfo":{"Brand":{"DisplayValue":"Maxi-Tusquets","Label":"Brand","Locale":"es_ES"},"Contributors":[{"Locale":"es_ES","Name":"Grandes, Almudena","Role":"Autor","RoleType":"author"}],"Manufacturer":{"DisplayValue":"Planeta","Label":"Manufacturer","Locale":"es_ES"}},"Title":{"DisplayValue":"Los pacientes del doctor García (MAXI)","Label":"Title","Locale":"es_ES"}},"Offers":{"Summaries":[{"Condition":{"Value":"New"},"LowestPrice":{"Amount":12.3,"Currency":"EUR","DisplayAmount":"12,30 €"}},{"Condition":{"Value":"Used"},"LowestPrice":{"Amount":7.95,"Currency":"EUR","DisplayAmount":"7,95 €"}}]}},{"ASIN":"8411124819","DetailPageURL":"https://www.amazon.es/dp/8411124819?tag=topinalambricos-21&linkCode=osi&th=1&psc=1","Images":{"Primary":{"Small":{"Height":75,"URL":"https://m.media-amazon.com/images/I/51IMbTEgKtL._SL75_.jpg","Width":53}}},"ItemInfo":{"ByLineInfo":{"Brand":{"DisplayValue":"Planeta Cómic","Label":"Brand","Locale":"es_ES"},"Contributors":[{"Locale":"es_ES","Name":"Grandes, Almudena","Role":"Autor","RoleType":"author"},{"Locale":"es_ES","Name":"Stassi, Claudio","Role":"Autor","RoleType":"author"}],"Manufacturer":{"DisplayValue":"Planeta Cómic","Label":"Manufacturer","Locale":"es_ES"}},"Title":{"DisplayValue":"Los pacientes del doctor García (novela gráfica): Basado en la novela de Almudena Grandes","Label":"Title","Locale":"es_ES"}},"Offers":{"Summaries":[{"Condition":{"Value":"Used"},"LowestPrice":{"Amount":19.81,"Currency":"EUR","DisplayAmount":"19,81 €"}},{"Condition":{"Value":"New"},"LowestPrice":{"Amount":23.75,"Currency":"EUR","DisplayAmount":"23,75 €"}}]}},{"ASIN":"8490664498","DetailPageURL":"https://www.amazon.es/dp/8490664498?tag=topinalambricos-21&linkCode=osi&th=1&psc=1","Images":{"Primary":{"Small":{"Height":75,"URL":"https://m.media-amazon.com/images/I/514aL8HMIWL._SL75_.jpg","Width":50}}},"ItemInfo":{"ByLineInfo":{"Contributors":[{"Locale":"es_ES","Name":"Grandes, Almudena","Role":"Autor","RoleType":"author"}],"Manufacturer":{"DisplayValue":"Tusquets.","Label":"Manufacturer","Locale":"es_ES"}},"Title":{"DisplayValue":"Los pacientes del doctor García: el fin de la esperanza y la red de evasión de criminales de guerra y jerarcas nazis dirigida por Clara Stauffer, Madrid-Buenos Aires, 1945-1955","Label":"Title","Locale":"es_ES"}},"Offers":{"Summaries":[{"Condition":{"Value":"Used"},"LowestPrice":{"Amount":14.45,"Currency":"EUR","DisplayAmount":"14,45 €"}}]}},{"ASIN":"8490664463","DetailPageURL":"https://www.amazon.es/dp/8490664463?tag=topinalambricos-21&linkCode=osi&th=1&psc=1","Images":{"Primary":{"Small":{"Height":75,"URL":"https://m.media-amazon.com/images/I/51l3IX6ssyL._SL75_.jpg","Width":49}}},"ItemInfo":{"ByLineInfo":{"Brand":{"DisplayValue":"Tusquets Editores S.A.","Label":"Brand","Locale":"es_ES"},"Contributors":[{"Locale":"es_ES","Name":"Grandes, Almudena","Role":"Autor","RoleType":"author"}],"Manufacturer":{"DisplayValue":"Tusquets Editores S.A.","Label":"Manufacturer","Locale":"es_ES"}},"Title":{"DisplayValue":"Los pacientes del doctor García: Episodios de una Guerra Interminable: 4 (Andanzas)","Label":"Title","Locale":"es_ES"}},"Offers":{"Summaries":[{"Condition":{"Value":"New"},"LowestPrice":{"Amount":26.0,"Currency":"EUR","DisplayAmount":"26,00 €"}},{"Condition":{"Value":"Used"},"LowestPrice":{"Amount":21.62,"Currency":"EUR","DisplayAmount":"21,62 €"}}]}},{"ASIN":"2709662531","DetailPageURL":"https://www.amazon.es/dp/2709662531?tag=topinalambricos-21&linkCode=osi&th=1&psc=1","Images":{"Primary":{"Small":{"Height":75,"URL":"https://m.media-amazon.com/images/I/41ZVAQfPOcL._SL75_.jpg","Width":48}}},"ItemInfo":{"ByLineInfo":{"Brand":{"DisplayValue":"LATTES","Label":"Brand","Locale":"es_ES"},"Contributors":[{"Locale":"es_ES","Name":"Grandes, Almudena","Role":"Autor","RoleType":"author"}],"Manufacturer":{"DisplayValue":"JC Lattès","Label":"Manufacturer","Locale":"es_ES"}},"Title":{"DisplayValue":"Les patients du docteur Garcia (Littérature étrangère)","Label":"Title","Locale":"es_ES"}},"Offers":{"Summaries":[{"Condition":{"Value":"Used"},"LowestPrice":{"Amount":9.11,"Currency":"EUR","DisplayAmount":"9,11 €"}},{"Condition":{"Value":"New"},"LowestPrice":{"Amount":24.5,"Currency":"EUR","DisplayAmount":"24,50 €"}}]}},{"ASIN":"B09ZJ313QS","DetailPageURL":"https://www.amazon.es/dp/B09ZJ313QS?tag=topinalambricos-21&linkCode=osi&th=1&psc=1","Images":{"Primary":{"Small":{"Height":75,"URL":"https://m.media-amazon.com/images/I/51d665e+xkL._SL75_.jpg","Width":49}}},"ItemInfo":{"ByLineInfo":{"Contributors":[{"Locale":"es_ES","Name":"Grandes, Almudena","Role":"Autor","RoleType":"author"}],"Manufacturer":{"DisplayValue":"Tusquets Editores S.A.","Label":"Manufacturer","Locale":"es_ES"}},"Title":{"DisplayValue":"Pack Episodios de una guerra interminable: Inés y la alegría, El lector de Julio Verne, Las tres bodas de Manolita, Los pacientes del doctor García, La madre de Frankenstein","Label":"Title","Locale":"es_ES"}},"Offers":{"Summaries":[{"Condition":{"Value":"New"},"LowestPrice":{"Amount":33.24,"Currency":"EUR","DisplayAmount":"33,24 €"}}]}},{"ASIN":"841107109X","DetailPageURL":"https://www.amazon.es/dp/841107109X?tag=topinalambricos-21&linkCode=osi&th=1&psc=1","Images":{"Primary":{"Small":{"Height":68,"URL":"https://m.media-amazon.com/images/I/41oxGZctc0L._SL75_.jpg","Width":75}}},"ItemInfo":{"ByLineInfo":{"Brand":{"DisplayValue":"Tusquets Editores S.A.","Label":"Brand","Locale":"es_ES"},"Contributors":[{"Locale":"es_ES","Name":"Grandes, Almudena","Role":"Autor","RoleType":"author"}],"Manufacturer":{"DisplayValue":"Tusquets Editores S.A.","Label":"Manufacturer","Locale":"es_ES"}},"Title":{"DisplayValue":"Estuche Episodios de una Guerra Interminable: Inés y la alegría, El lector de Julio Verne, Las tres bodas de Manolita, Los pacientes del doctor García, La madre de Frankenstein (Andanzas)","Label":"Title","Locale":"es_ES"}},"Offers":{"Summaries":[{"Condition":{"Value":"New"},"LowestPrice":{"Amount":107.01,"Currency":"EUR","DisplayAmount":"107,01 €"}}]}},{"ASIN":"9056726099","DetailPageURL":"https://www.amazon.es/dp/9056726099?tag=topinalambricos-21&linkCode=osi&th=1&psc=1","Images":{"Primary":{"Small":{"Height":75,"URL":"https://m.media-amazon.com/images/I/51bISkcjLRL._SL75_.jpg","Width":48}}},"ItemInfo":{"ByLineInfo":{"Brand":{"DisplayValue":"Signatuur","Label":"Brand","Locale":"es_ES"},"Contributors":[{"Locale":"es_ES","Name":"Grandes, Almudena","Role":"Autor","RoleType":"author"},{"Locale":"es_ES","Name":"Buursma, Mia","Role":"Traductor","RoleType":"translator"},{"Locale":"es_ES","Name":"Degenaar, Rikkie","Role":"Traductor","RoleType":"translator"}],"Manufacturer":{"DisplayValue":"Signatuur","Label":"Manufacturer","Locale":"es_ES"}},"Title":{"DisplayValue":"De patiënten van dokter García","Label":"Title","Locale":"es_ES"}},"Offers":{"Summaries":[{"Condition":{"Value":"New"},"LowestPrice":{"Amount":29.57,"Currency":"EUR","DisplayAmount":"29,57 €"}}]}},{"ASIN":"8408258613","DetailPageURL":"https://www.amazon.es/dp/8408258613?tag=topinalambricos-21&linkCode=osi&th=1&psc=1","Images":{"Primary":{"Small":{"Height":75,"URL":"https://m.media-amazon.com/images/I/41KF-Uf51fL._SL75_.jpg","Width":48}}},"ItemInfo":{"ByLineInfo":{"Brand":{"DisplayValue":"Booket","Label":"Brand","Locale":"es_ES"},"Contributors":[{"Locale":"es_ES","Name":"García Sáenz de Urturi, Eva","Role":"Autor","RoleType":"author"}],"Manufacturer":{"DisplayValue":"Booket","Label":"Manufacturer","Locale":"es_ES"}},"Title":{"DisplayValue":"Aquitania: Premio Planeta 2020 (Novela)","Label":"Title","Locale":"es_ES"}},"Offers":{"Summaries":[{"Condition":{"Value":"Used"},"LowestPrice":{"Amount":8.96,"Currency":"EUR","DisplayAmount":"8,96 €"}},{"Condition":{"Value":"New"},"LowestPrice":{"Amount":9.3,"Currency":"EUR","DisplayAmount":"9,30 €"}}]}},{"ASIN":"8418945702","DetailPageURL":"https://www.amazon.es/dp/8418945702?tag=topinalambricos-21&linkCode=osi&th=1&psc=1","Images":{"Primary":{"Small":{"Height":75,"URL":"https://m.media-amazon.com/images/I/51SeyYCt3sL._SL75_.jpg","Width":50}}},"ItemInfo":{"ByLineInfo":{"Contributors":[{"Locale":"es_ES","Name":"Hazelwood, Ali","Role":"Autor","RoleType":"author"},{"Locale":"es_ES","Name":"Gilabert Giménez, Nerea","Role":"Traductor","RoleType":"translator"}],"Manufacturer":{"DisplayValue":"Contraluz Editorial","Label":"Manufacturer","Locale":"es_ES"}},"Title":{"DisplayValue":"La teoría del amor (Contraluz) Español","Label":"Title","Locale":"es_ES"}},"Offers":{"Summaries":[{"Condition":{"Value":"New"},"LowestPrice":{"Amount":18.0,"Currency":"EUR","DisplayAmount":"18,00 €"}}]}}],"SearchURL":"https://www.amazon.es/s?k=los+pacientes+del+doctor+garc%C3%ADa&rh=n%3A599364031%2Cp_n_availability%3A-1&tag=topinalambricos-21&linkCode=osi","TotalResultCount":41}},"48":{"SearchResult":{"Items":[{"ASIN":"8490667799","DetailPageURL":"https://www.amazon.es/dp/8490667799?tag=topinalambricos-21&linkCode=osi&th=1&psc=1","Images":{"Primary":{"Small":{"Height":75,"URL":"https://m.media-amazon.com/images/I/41f3xK0VZCL._SL75_.jpg","Width":49}}},"ItemInfo":{"ByLineInfo":{"Brand":{"DisplayValue":"Maxi-Tusquets","Label":"Brand","Locale":"es_ES"},"Contributors":[{"Locale":"es_ES","Name":"Grandes, Almudena","Role":"Autor","RoleType":"author"}],"Manufacturer":{"DisplayValue":"Planeta","Label":"Manufacturer","Locale":"es_ES"}},"Title":{"DisplayValue":"Los pacientes del doctor García (MAXI)","Label":"Title","Locale":"es_ES"}},"Offers":{"Summaries":[{"Condition":{"Value":"New"},"LowestPrice":{"Amount":12.3,"Currency":"EUR","DisplayAmount":"12,30 €"}},{"Condition":{"Value":"Used"},"LowestPrice":{"Amount":7.95,"Currency":"EUR","DisplayAmount":"7,95 €"}}]}},{"ASIN":"8411124819","DetailPageURL":"https://www.amazon.es/dp/8411124819?tag=topinalambricos-21&linkCode=osi&th=1&psc=1","Images":{"Primary":{"Small":{"Height":75,"URL":"https://m.media-amazon.com/images/I/51IMbTEgKtL._SL75_.jpg","Width":53}}},"ItemInfo":{"ByLineInfo":{"Brand":{"DisplayValue":"Planeta Cómic","Label":"Brand","Locale":"es_ES"},"Contributors":[{"Locale":"es_ES","Name":"Grandes, Almudena","Role":"Autor","RoleType":"author"},{"Locale":"es_ES","Name":"Stassi, Claudio","Role":"Autor","RoleType":"author"}],"Manufacturer":{"DisplayValue":"Planeta Cómic","Label":"Manufacturer","Locale":"es_ES"}},"Title":{"DisplayValue":"Los pacientes del doctor García (novela gráfica): Basado en la novela de Almudena Grandes","Label":"Title","Locale":"es_ES"}},"Offers":{"Summaries":[{"Condition":{"Value":"Used"},"LowestPrice":{"Amount":19.81,"Currency":"EUR","DisplayAmount":"19,81 €"}},{"Condition":{"Value":"New"},"LowestPrice":{"Amount":23.75,"Currency":"EUR","DisplayAmount":"23,75 €"}}]}},{"ASIN":"8490664498","DetailPageURL":"https://www.amazon.es/dp/8490664498?tag=topinalambricos-21&linkCode=osi&th=1&psc=1","Images":{"Primary":{"Small":{"Height":75,"URL":"https://m.media-amazon.com/images/I/514aL8HMIWL._SL75_.jpg","Width":50}}},"ItemInfo":{"ByLineInfo":{"Contributors":[{"Locale":"es_ES","Name":"Grandes, Almudena","Role":"Autor","RoleType":"author"}],"Manufacturer":{"DisplayValue":"Tusquets.","Label":"Manufacturer","Locale":"es_ES"}},"Title":{"DisplayValue":"Los pacientes del doctor García: el fin de la esperanza y la red de evasión de criminales de guerra y jerarcas nazis dirigida por Clara Stauffer, Madrid-Buenos Aires, 1945-1955","Label":"Title","Locale":"es_ES"}},"Offers":{"Summaries":[{"Condition":{"Value":"Used"},"LowestPrice":{"Amount":14.45,"Currency":"EUR","DisplayAmount":"14,45 €"}}]}},{"ASIN":"8490664463","DetailPageURL":"https://www.amazon.es/dp/8490664463?tag=topinalambricos-21&linkCode=osi&th=1&psc=1","Images":{"Primary":{"Small":{"Height":75,"URL":"https://m.media-amazon.com/images/I/51l3IX6ssyL._SL75_.jpg","Width":49}}},"ItemInfo":{"ByLineInfo":{"Brand":{"DisplayValue":"Tusquets Editores S.A.","Label":"Brand","Locale":"es_ES"},"Contributors":[{"Locale":"es_ES","Name":"Grandes, Almudena","Role":"Autor","RoleType":"author"}],"Manufacturer":{"DisplayValue":"Tusquets Editores S.A.","Label":"Manufacturer","Locale":"es_ES"}},"Title":{"DisplayValue":"Los pacientes del doctor García: Episodios de una Guerra Interminable: 4 (Andanzas)","Label":"Title","Locale":"es_ES"}},"Offers":{"Summaries":[{"Condition":{"Value":"New"},"LowestPrice":{"Amount":26.0,"Currency":"EUR","DisplayAmount":"26,00 €"}},{"Condition":{"Value":"Used"},"LowestPrice":{"Amount":21.62,"Currency":"EUR","DisplayAmount":"21,62 €"}}]}},{"ASIN":"2709662531","DetailPageURL":"https://www.amazon.es/dp/2709662531?tag=topinalambricos-21&linkCode=osi&th=1&psc=1","Images":{"Primary":{"Small":{"Height":75,"URL":"https://m.media-amazon.com/images/I/41ZVAQfPOcL._SL75_.jpg","Width":48}}},"ItemInfo":{"ByLineInfo":{"Brand":{"DisplayValue":"LATTES","Label":"Brand","Locale":"es_ES"},"Contributors":[{"Locale":"es_ES","Name":"Grandes, Almudena","Role":"Autor","RoleType":"author"}],"Manufacturer":{"DisplayValue":"JC Lattès","Label":"Manufacturer","Locale":"es_ES"}},"Title":{"DisplayValue":"Les patients du docteur Garcia (Littérature étrangère)","Label":"Title","Locale":"es_ES"}},"Offers":{"Summaries":[{"Condition":{"Value":"Used"},"LowestPrice":{"Amount":9.11,"Currency":"EUR","DisplayAmount":"9,11 €"}},{"Condition":{"Value":"New"},"LowestPrice":{"Amount":24.5,"Currency":"EUR","DisplayAmount":"24,50 €"}}]}},{"ASIN":"B09ZJ313QS","DetailPageURL":"https://www.amazon.es/dp/B09ZJ313QS?tag=topinalambricos-21&linkCode=osi&th=1&psc=1","Images":{"Primary":{"Small":{"Height":75,"URL":"https://m.media-amazon.com/images/I/51d665e+xkL._SL75_.jpg","Width":49}}},"ItemInfo":{"ByLineInfo":{"Contributors":[{"Locale":"es_ES","Name":"Grandes, Almudena","Role":"Autor","RoleType":"author"}],"Manufacturer":{"DisplayValue":"Tusquets Editores S.A.","Label":"Manufacturer","Locale":"es_ES"}},"Title":{"DisplayValue":"Pack Episodios de una guerra interminable: Inés y la alegría, El lector de Julio Verne, Las tres bodas de Manolita, Los pacientes del doctor García, La madre de Frankenstein","Label":"Title","Locale":"es_ES"}},"Offers":{"Summaries":[{"Condition":{"Value":"New"},"LowestPrice":{"Amount":33.24,"Currency":"EUR","DisplayAmount":"33,24 €"}}]}},{"ASIN":"841107109X","DetailPageURL":"https://www.amazon.es/dp/841107109X?tag=topinalambricos-21&linkCode=osi&th=1&psc=1","Images":{"Primary":{"Small":{"Height":68,"URL":"https://m.media-amazon.com/images/I/41oxGZctc0L._SL75_.jpg","Width":75}}},"ItemInfo":{"ByLineInfo":{"Brand":{"DisplayValue":"Tusquets Editores S.A.","Label":"Brand","Locale":"es_ES"},"Contributors":[{"Locale":"es_ES","Name":"Grandes, Almudena","Role":"Autor","RoleType":"author"}],"Manufacturer":{"DisplayValue":"Tusquets Editores S.A.","Label":"Manufacturer","Locale":"es_ES"}},"Title":{"DisplayValue":"Estuche Episodios de una Guerra Interminable: Inés y la alegría, El lector de Julio Verne, Las tres bodas de Manolita, Los pacientes del doctor García, La madre de Frankenstein (Andanzas)","Label":"Title","Locale":"es_ES"}},"Offers":{"Summaries":[{"Condition":{"Value":"New"},"LowestPrice":{"Amount":107.01,"Currency":"EUR","DisplayAmount":"107,01 €"}}]}},{"ASIN":"9056726099","DetailPageURL":"https://www.amazon.es/dp/9056726099?tag=topinalambricos-21&linkCode=osi&th=1&psc=1","Images":{"Primary":{"Small":{"Height":75,"URL":"https://m.media-amazon.com/images/I/51bISkcjLRL._SL75_.jpg","Width":48}}},"ItemInfo":{"ByLineInfo":{"Brand":{"DisplayValue":"Signatuur","Label":"Brand","Locale":"es_ES"},"Contributors":[{"Locale":"es_ES","Name":"Grandes, Almudena","Role":"Autor","RoleType":"author"},{"Locale":"es_ES","Name":"Buursma, Mia","Role":"Traductor","RoleType":"translator"},{"Locale":"es_ES","Name":"Degenaar, Rikkie","Role":"Traductor","RoleType":"translator"}],"Manufacturer":{"DisplayValue":"Signatuur","Label":"Manufacturer","Locale":"es_ES"}},"Title":{"DisplayValue":"De patiënten van dokter García","Label":"Title","Locale":"es_ES"}},"Offers":{"Summaries":[{"Condition":{"Value":"New"},"LowestPrice":{"Amount":29.57,"Currency":"EUR","DisplayAmount":"29,57 €"}}]}},{"ASIN":"8408258613","DetailPageURL":"https://www.amazon.es/dp/8408258613?tag=topinalambricos-21&linkCode=osi&th=1&psc=1","Images":{"Primary":{"Small":{"Height":75,"URL":"https://m.media-amazon.com/images/I/41KF-Uf51fL._SL75_.jpg","Width":48}}},"ItemInfo":{"ByLineInfo":{"Brand":{"DisplayValue":"Booket","Label":"Brand","Locale":"es_ES"},"Contributors":[{"Locale":"es_ES","Name":"García Sáenz de Urturi, Eva","Role":"Autor","RoleType":"author"}],"Manufacturer":{"DisplayValue":"Booket","Label":"Manufacturer","Locale":"es_ES"}},"Title":{"DisplayValue":"Aquitania: Premio Planeta 2020 (Novela)","Label":"Title","Locale":"es_ES"}},"Offers":{"Summaries":[{"Condition":{"Value":"Used"},"LowestPrice":{"Amount":8.96,"Currency":"EUR","DisplayAmount":"8,96 €"}},{"Condition":{"Value":"New"},"LowestPrice":{"Amount":9.3,"Currency":"EUR","DisplayAmount":"9,30 €"}}]}},{"ASIN":"8418945702","DetailPageURL":"https://www.amazon.es/dp/8418945702?tag=topinalambricos-21&linkCode=osi&th=1&psc=1","Images":{"Primary":{"Small":{"Height":75,"URL":"https://m.media-amazon.com/images/I/51SeyYCt3sL._SL75_.jpg","Width":50}}},"ItemInfo":{"ByLineInfo":{"Contributors":[{"Locale":"es_ES","Name":"Hazelwood, Ali","Role":"Autor","RoleType":"author"},{"Locale":"es_ES","Name":"Gilabert Giménez, Nerea","Role":"Traductor","RoleType":"translator"}],"Manufacturer":{"DisplayValue":"Contraluz Editorial","Label":"Manufacturer","Locale":"es_ES"}},"Title":{"DisplayValue":"La teoría del amor (Contraluz) Español","Label":"Title","Locale":"es_ES"}},"Offers":{"Summaries":[{"Condition":{"Value":"New"},"LowestPrice":{"Amount":18.0,"Currency":"EUR","DisplayAmount":"18,00 €"}}]}}],"SearchURL":"https://www.amazon.es/s?k=los+pacientes+del+doctor+garc%C3%ADa&rh=n%3A599364031%2Cp_n_availability%3A-1&tag=topinalambricos-21&linkCode=osi","TotalResultCount":41}},"49":{"SearchResult":{"Items":[{"ASIN":"8490667799","DetailPageURL":"https://www.amazon.es/dp/8490667799?tag=topinalambricos-21&linkCode=osi&th=1&psc=1","Images":{"Primary":{"Small":{"Height":75,"URL":"https://m.media-amazon.com/images/I/41f3xK0VZCL._SL75_.jpg","Width":49}}},"ItemInfo":{"ByLineInfo":{"Brand":{"DisplayValue":"Maxi-Tusquets","Label":"Brand","Locale":"es_ES"},"Contributors":[{"Locale":"es_ES","Name":"Grandes, Almudena","Role":"Autor","RoleType":"author"}],"Manufacturer":{"DisplayValue":"Planeta","Label":"Manufacturer","Locale":"es_ES"}},"Title":{"DisplayValue":"Los pacientes del doctor García (MAXI)","Label":"Title","Locale":"es_ES"}},"Offers":{"Summaries":[{"Condition":{"Value":"New"},"LowestPrice":{"Amount":12.3,"Currency":"EUR","DisplayAmount":"12,30 €"}},{"Condition":{"Value":"Used"},"LowestPrice":{"Amount":7.95,"Currency":"EUR","DisplayAmount":"7,95 €"}}]}},{"ASIN":"8411124819","DetailPageURL":"https://www.amazon.es/dp/8411124819?tag=topinalambricos-21&linkCode=osi&th=1&psc=1","Images":{"Primary":{"Small":{"Height":75,"URL":"https://m.media-amazon.com/images/I/51IMbTEgKtL._SL75_.jpg","Width":53}}},"ItemInfo":{"ByLineInfo":{"Brand":{"DisplayValue":"Planeta Cómic","Label":"Brand","Locale":"es_ES"},"Contributors":[{"Locale":"es_ES","Name":"Grandes, Almudena","Role":"Autor","RoleType":"author"},{"Locale":"es_ES","Name":"Stassi, Claudio","Role":"Autor","RoleType":"author"}],"Manufacturer":{"DisplayValue":"Planeta Cómic","Label":"Manufacturer","Locale":"es_ES"}},"Title":{"DisplayValue":"Los pacientes del doctor García (novela gráfica): Basado en la novela de Almudena Grandes","Label":"Title","Locale":"es_ES"}},"Offers":{"Summaries":[{"Condition":{"Value":"Used"},"LowestPrice":{"Amount":19.81,"Currency":"EUR","DisplayAmount":"19,81 €"}},{"Condition":{"Value":"New"},"LowestPrice":{"Amount":23.75,"Currency":"EUR","DisplayAmount":"23,75 €"}}]}},{"ASIN":"8490664498","DetailPageURL":"https://www.amazon.es/dp/8490664498?tag=topinalambricos-21&linkCode=osi&th=1&psc=1","Images":{"Primary":{"Small":{"Height":75,"URL":"https://m.media-amazon.com/images/I/514aL8HMIWL._SL75_.jpg","Width":50}}},"ItemInfo":{"ByLineInfo":{"Contributors":[{"Locale":"es_ES","Name":"Grandes, Almudena","Role":"Autor","RoleType":"author"}],"Manufacturer":{"DisplayValue":"Tusquets.","Label":"Manufacturer","Locale":"es_ES"}},"Title":{"DisplayValue":"Los pacientes del doctor García: el fin de la esperanza y la red de evasión de criminales de guerra y jerarcas nazis dirigida por Clara Stauffer, Madrid-Buenos Aires, 1945-1955","Label":"Title","Locale":"es_ES"}},"Offers":{"Summaries":[{"Condition":{"Value":"Used"},"LowestPrice":{"Amount":14.45,"Currency":"EUR","DisplayAmount":"14,45 €"}}]}},{"ASIN":"8490664463","DetailPageURL":"https://www.amazon.es/dp/8490664463?tag=topinalambricos-21&linkCode=osi&th=1&psc=1","Images":{"Primary":{"Small":{"Height":75,"URL":"https://m.media-amazon.com/images/I/51l3IX6ssyL._SL75_.jpg","Width":49}}},"ItemInfo":{"ByLineInfo":{"Brand":{"DisplayValue":"Tusquets Editores S.A.","Label":"Brand","Locale":"es_ES"},"Contributors":[{"Locale":"es_ES","Name":"Grandes, Almudena","Role":"Autor","RoleType":"author"}],"Manufacturer":{"DisplayValue":"Tusquets Editores S.A.","Label":"Manufacturer","Locale":"es_ES"}},"Title":{"DisplayValue":"Los pacientes del doctor García: Episodios de una Guerra Interminable: 4 (Andanzas)","Label":"Title","Locale":"es_ES"}},"Offers":{"Summaries":[{"Condition":{"Value":"New"},"LowestPrice":{"Amount":26.0,"Currency":"EUR","DisplayAmount":"26,00 €"}},{"Condition":{"Value":"Used"},"LowestPrice":{"Amount":21.62,"Currency":"EUR","DisplayAmount":"21,62 €"}}]}},{"ASIN":"2709662531","DetailPageURL":"https://www.amazon.es/dp/2709662531?tag=topinalambricos-21&linkCode=osi&th=1&psc=1","Images":{"Primary":{"Small":{"Height":75,"URL":"https://m.media-amazon.com/images/I/41ZVAQfPOcL._SL75_.jpg","Width":48}}},"ItemInfo":{"ByLineInfo":{"Brand":{"DisplayValue":"LATTES","Label":"Brand","Locale":"es_ES"},"Contributors":[{"Locale":"es_ES","Name":"Grandes, Almudena","Role":"Autor","RoleType":"author"}],"Manufacturer":{"DisplayValue":"JC Lattès","Label":"Manufacturer","Locale":"es_ES"}},"Title":{"DisplayValue":"Les patients du docteur Garcia (Littérature étrangère)","Label":"Title","Locale":"es_ES"}},"Offers":{"Summaries":[{"Condition":{"Value":"Used"},"LowestPrice":{"Amount":9.11,"Currency":"EUR","DisplayAmount":"9,11 €"}},{"Condition":{"Value":"New"},"LowestPrice":{"Amount":24.5,"Currency":"EUR","DisplayAmount":"24,50 €"}}]}},{"ASIN":"B09ZJ313QS","DetailPageURL":"https://www.amazon.es/dp/B09ZJ313QS?tag=topinalambricos-21&linkCode=osi&th=1&psc=1","Images":{"Primary":{"Small":{"Height":75,"URL":"https://m.media-amazon.com/images/I/51d665e+xkL._SL75_.jpg","Width":49}}},"ItemInfo":{"ByLineInfo":{"Contributors":[{"Locale":"es_ES","Name":"Grandes, Almudena","Role":"Autor","RoleType":"author"}],"Manufacturer":{"DisplayValue":"Tusquets Editores S.A.","Label":"Manufacturer","Locale":"es_ES"}},"Title":{"DisplayValue":"Pack Episodios de una guerra interminable: Inés y la alegría, El lector de Julio Verne, Las tres bodas de Manolita, Los pacientes del doctor García, La madre de Frankenstein","Label":"Title","Locale":"es_ES"}},"Offers":{"Summaries":[{"Condition":{"Value":"New"},"LowestPrice":{"Amount":33.24,"Currency":"EUR","DisplayAmount":"33,24 €"}}]}},{"ASIN":"841107109X","DetailPageURL":"https://www.amazon.es/dp/841107109X?tag=topinalambricos-21&linkCode=osi&th=1&psc=1","Images":{"Primary":{"Small":{"Height":68,"URL":"https://m.media-amazon.com/images/I/41oxGZctc0L._SL75_.jpg","Width":75}}},"ItemInfo":{"ByLineInfo":{"Brand":{"DisplayValue":"Tusquets Editores S.A.","Label":"Brand","Locale":"es_ES"},"Contributors":[{"Locale":"es_ES","Name":"Grandes, Almudena","Role":"Autor","RoleType":"author"}],"Manufacturer":{"DisplayValue":"Tusquets Editores S.A.","Label":"Manufacturer","Locale":"es_ES"}},"Title":{"DisplayValue":"Estuche Episodios de una Guerra Interminable: Inés y la alegría, El lector de Julio Verne, Las tres bodas de Manolita, Los pacientes del doctor García, La madre de Frankenstein (Andanzas)","Label":"Title","Locale":"es_ES"}},"Offers":{"Summaries":[{"Condition":{"Value":"New"},"LowestPrice":{"Amount":107.01,"Currency":"EUR","DisplayAmount":"107,01 €"}}]}},{"ASIN":"9056726099","DetailPageURL":"https://www.amazon.es/dp/9056726099?tag=topinalambricos-21&linkCode=osi&th=1&psc=1","Images":{"Primary":{"Small":{"Height":75,"URL":"https://m.media-amazon.com/images/I/51bISkcjLRL._SL75_.jpg","Width":48}}},"ItemInfo":{"ByLineInfo":{"Brand":{"DisplayValue":"Signatuur","Label":"Brand","Locale":"es_ES"},"Contributors":[{"Locale":"es_ES","Name":"Grandes, Almudena","Role":"Autor","RoleType":"author"},{"Locale":"es_ES","Name":"Buursma, Mia","Role":"Traductor","RoleType":"translator"},{"Locale":"es_ES","Name":"Degenaar, Rikkie","Role":"Traductor","RoleType":"translator"}],"Manufacturer":{"DisplayValue":"Signatuur","Label":"Manufacturer","Locale":"es_ES"}},"Title":{"DisplayValue":"De patiënten van dokter García","Label":"Title","Locale":"es_ES"}},"Offers":{"Summaries":[{"Condition":{"Value":"New"},"LowestPrice":{"Amount":29.57,"Currency":"EUR","DisplayAmount":"29,57 €"}}]}},{"ASIN":"8408258613","DetailPageURL":"https://www.amazon.es/dp/8408258613?tag=topinalambricos-21&linkCode=osi&th=1&psc=1","Images":{"Primary":{"Small":{"Height":75,"URL":"https://m.media-amazon.com/images/I/41KF-Uf51fL._SL75_.jpg","Width":48}}},"ItemInfo":{"ByLineInfo":{"Brand":{"DisplayValue":"Booket","Label":"Brand","Locale":"es_ES"},"Contributors":[{"Locale":"es_ES","Name":"García Sáenz de Urturi, Eva","Role":"Autor","RoleType":"author"}],"Manufacturer":{"DisplayValue":"Booket","Label":"Manufacturer","Locale":"es_ES"}},"Title":{"DisplayValue":"Aquitania: Premio Planeta 2020 (Novela)","Label":"Title","Locale":"es_ES"}},"Offers":{"Summaries":[{"Condition":{"Value":"Used"},"LowestPrice":{"Amount":8.96,"Currency":"EUR","DisplayAmount":"8,96 €"}},{"Condition":{"Value":"New"},"LowestPrice":{"Amount":9.3,"Currency":"EUR","DisplayAmount":"9,30 €"}}]}},{"ASIN":"8418945702","DetailPageURL":"https://www.amazon.es/dp/8418945702?tag=topinalambricos-21&linkCode=osi&th=1&psc=1","Images":{"Primary":{"Small":{"Height":75,"URL":"https://m.media-amazon.com/images/I/51SeyYCt3sL._SL75_.jpg","Width":50}}},"ItemInfo":{"ByLineInfo":{"Contributors":[{"Locale":"es_ES","Name":"Hazelwood, Ali","Role":"Autor","RoleType":"author"},{"Locale":"es_ES","Name":"Gilabert Giménez, Nerea","Role":"Traductor","RoleType":"translator"}],"Manufacturer":{"DisplayValue":"Contraluz Editorial","Label":"Manufacturer","Locale":"es_ES"}},"Title":{"DisplayValue":"La teoría del amor (Contraluz) Español","Label":"Title","Locale":"es_ES"}},"Offers":{"Summaries":[{"Condition":{"Value":"New"},"LowestPrice":{"Amount":18.0,"Currency":"EUR","DisplayAmount":"18,00 €"}}]}}],"SearchURL":"https://www.amazon.es/s?k=los+pacientes+del+doctor+garc%C3%ADa&rh=n%3A599364031%2Cp_n_availability%3A-1&tag=topinalambricos-21&linkCode=osi","TotalResultCount":41}},"50":{"SearchResult":{"Items":[{"ASIN":"8490667799","DetailPageURL":"https://www.amazon.es/dp/8490667799?tag=topinalambricos-21&linkCode=osi&th=1&psc=1","Images":{"Primary":{"Small":{"Height":75,"URL":"https://m.media-amazon.com/images/I/41f3xK0VZCL._SL75_.jpg","Width":49}}},"ItemInfo":{"ByLineInfo":{"Brand":{"DisplayValue":"Maxi-Tusquets","Label":"Brand","Locale":"es_ES"},"Contributors":[{"Locale":"es_ES","Name":"Grandes, Almudena","Role":"Autor","RoleType":"author"}],"Manufacturer":{"DisplayValue":"Planeta","Label":"Manufacturer","Locale":"es_ES"}},"Title":{"DisplayValue":"Los pacientes del doctor García (MAXI)","Label":"Title","Locale":"es_ES"}},"Offers":{"Summaries":[{"Condition":{"Value":"New"},"LowestPrice":{"Amount":12.3,"Currency":"EUR","DisplayAmount":"12,30 €"}},{"Condition":{"Value":"Used"},"LowestPrice":{"Amount":7.95,"Currency":"EUR","DisplayAmount":"7,95 €"}}]}},{"ASIN":"8411124819","DetailPageURL":"https://www.amazon.es/dp/8411124819?tag=topinalambricos-21&linkCode=osi&th=1&psc=1","Images":{"Primary":{"Small":{"Height":75,"URL":"https://m.media-amazon.com/images/I/51IMbTEgKtL._SL75_.jpg","Width":53}}},"ItemInfo":{"ByLineInfo":{"Brand":{"DisplayValue":"Planeta Cómic","Label":"Brand","Locale":"es_ES"},"Contributors":[{"Locale":"es_ES","Name":"Grandes, Almudena","Role":"Autor","RoleType":"author"},{"Locale":"es_ES","Name":"Stassi, Claudio","Role":"Autor","RoleType":"author"}],"Manufacturer":{"DisplayValue":"Planeta Cómic","Label":"Manufacturer","Locale":"es_ES"}},"Title":{"DisplayValue":"Los pacientes del doctor García (novela gráfica): Basado en la novela de Almudena Grandes","Label":"Title","Locale":"es_ES"}},"Offers":{"Summaries":[{"Condition":{"Value":"Used"},"LowestPrice":{"Amount":19.81,"Currency":"EUR","DisplayAmount":"19,81 €"}},{"Condition":{"Value":"New"},"LowestPrice":{"Amount":23.75,"Currency":"EUR","DisplayAmount":"23,75 €"}}]}},{"ASIN":"8490664498","DetailPageURL":"https://www.amazon.es/dp/8490664498?tag=topinalambricos-21&linkCode=osi&th=1&psc=1","Images":{"Primary":{"Small":{"Height":75,"URL":"https://m.media-amazon.com/images/I/514aL8HMIWL._SL75_.jpg","Width":50}}},"ItemInfo":{"ByLineInfo":{"Contributors":[{"Locale":"es_ES","Name":"Grandes, Almudena","Role":"Autor","RoleType":"author"}],"Manufacturer":{"DisplayValue":"Tusquets.","Label":"Manufacturer","Locale":"es_ES"}},"Title":{"DisplayValue":"Los pacientes del doctor García: el fin de la esperanza y la red de evasión de criminales de guerra y jerarcas nazis dirigida por Clara Stauffer, Madrid-Buenos Aires, 1945-1955","Label":"Title","Locale":"es_ES"}},"Offers":{"Summaries":[{"Condition":{"Value":"Used"},"LowestPrice":{"Amount":14.45,"Currency":"EUR","DisplayAmount":"14,45 €"}}]}},{"ASIN":"8490664463","DetailPageURL":"https://www.amazon.es/dp/8490664463?tag=topinalambricos-21&linkCode=osi&th=1&psc=1","Images":{"Primary":{"Small":{"Height":75,"URL":"https://m.media-amazon.com/images/I/51l3IX6ssyL._SL75_.jpg","Width":49}}},"ItemInfo":{"ByLineInfo":{"Brand":{"DisplayValue":"Tusquets Editores S.A.","Label":"Brand","Locale":"es_ES"},"Contributors":[{"Locale":"es_ES","Name":"Grandes, Almudena","Role":"Autor","RoleType":"author"}],"Manufacturer":{"DisplayValue":"Tusquets Editores S.A.","Label":"Manufacturer","Locale":"es_ES"}},"Title":{"DisplayValue":"Los pacientes del doctor García: Episodios de una Guerra Interminable: 4 (Andanzas)","Label":"Title","Locale":"es_ES"}},"Offers":{"Summaries":[{"Condition":{"Value":"New"},"LowestPrice":{"Amount":26.0,"Currency":"EUR","DisplayAmount":"26,00 €"}},{"Condition":{"Value":"Used"},"LowestPrice":{"Amount":21.62,"Currency":"EUR","DisplayAmount":"21,62 €"}}]}},{"ASIN":"2709662531","DetailPageURL":"https://www.amazon.es/dp/2709662531?tag=topinalambricos-21&linkCode=osi&th=1&psc=1","Images":{"Primary":{"Small":{"Height":75,"URL":"https://m.media-amazon.com/images/I/41ZVAQfPOcL._SL75_.jpg","Width":48}}},"ItemInfo":{"ByLineInfo":{"Brand":{"DisplayValue":"LATTES","Label":"Brand","Locale":"es_ES"},"Contributors":[{"Locale":"es_ES","Name":"Grandes, Almudena","Role":"Autor","RoleType":"author"}],"Manufacturer":{"DisplayValue":"JC Lattès","Label":"Manufacturer","Locale":"es_ES"}},"Title":{"DisplayValue":"Les patients du docteur Garcia (Littérature étrangère)","Label":"Title","Locale":"es_ES"}},"Offers":{"Summaries":[{"Condition":{"Value":"Used"},"LowestPrice":{"Amount":9.11,"Currency":"EUR","DisplayAmount":"9,11 €"}},{"Condition":{"Value":"New"},"LowestPrice":{"Amount":24.5,"Currency":"EUR","DisplayAmount":"24,50 €"}}]}},{"ASIN":"B09ZJ313QS","DetailPageURL":"https://www.amazon.es/dp/B09ZJ313QS?tag=topinalambricos-21&linkCode=osi&th=1&psc=1","Images":{"Primary":{"Small":{"Height":75,"URL":"https://m.media-amazon.com/images/I/51d665e+xkL._SL75_.jpg","Width":49}}},"ItemInfo":{"ByLineInfo":{"Contributors":[{"Locale":"es_ES","Name":"Grandes, Almudena","Role":"Autor","RoleType":"author"}],"Manufacturer":{"DisplayValue":"Tusquets Editores S.A.","Label":"Manufacturer","Locale":"es_ES"}},"Title":{"DisplayValue":"Pack Episodios de una guerra interminable: Inés y la alegría, El lector de Julio Verne, Las tres bodas de Manolita, Los pacientes del doctor García, La madre de Frankenstein","Label":"Title","Locale":"es_ES"}},"Offers":{"Summaries":[{"Condition":{"Value":"New"},"LowestPrice":{"Amount":33.24,"Currency":"EUR","DisplayAmount":"33,24 €"}}]}},{"ASIN":"841107109X","DetailPageURL":"https://www.amazon.es/dp/841107109X?tag=topinalambricos-21&linkCode=osi&th=1&psc=1","Images":{"Primary":{"Small":{"Height":68,"URL":"https://m.media-amazon.com/images/I/41oxGZctc0L._SL75_.jpg","Width":75}}},"ItemInfo":{"ByLineInfo":{"Brand":{"DisplayValue":"Tusquets Editores S.A.","Label":"Brand","Locale":"es_ES"},"Contributors":[{"Locale":"es_ES","Name":"Grandes, Almudena","Role":"Autor","RoleType":"author"}],"Manufacturer":{"DisplayValue":"Tusquets Editores S.A.","Label":"Manufacturer","Locale":"es_ES"}},"Title":{"DisplayValue":"Estuche Episodios de una Guerra Interminable: Inés y la alegría, El lector de Julio Verne, Las tres bodas de Manolita, Los pacientes del doctor García, La madre de Frankenstein (Andanzas)","Label":"Title","Locale":"es_ES"}},"Offers":{"Summaries":[{"Condition":{"Value":"New"},"LowestPrice":{"Amount":107.01,"Currency":"EUR","DisplayAmount":"107,01 €"}}]}},{"ASIN":"9056726099","DetailPageURL":"https://www.amazon.es/dp/9056726099?tag=topinalambricos-21&linkCode=osi&th=1&psc=1","Images":{"Primary":{"Small":{"Height":75,"URL":"https://m.media-amazon.com/images/I/51bISkcjLRL._SL75_.jpg","Width":48}}},"ItemInfo":{"ByLineInfo":{"Brand":{"DisplayValue":"Signatuur","Label":"Brand","Locale":"es_ES"},"Contributors":[{"Locale":"es_ES","Name":"Grandes, Almudena","Role":"Autor","RoleType":"author"},{"Locale":"es_ES","Name":"Buursma, Mia","Role":"Traductor","RoleType":"translator"},{"Locale":"es_ES","Name":"Degenaar, Rikkie","Role":"Traductor","RoleType":"translator"}],"Manufacturer":{"DisplayValue":"Signatuur","Label":"Manufacturer","Locale":"es_ES"}},"Title":{"DisplayValue":"De patiënten van dokter García","Label":"Title","Locale":"es_ES"}},"Offers":{"Summaries":[{"Condition":{"Value":"New"},"LowestPrice":{"Amount":29.57,"Currency":"EUR","DisplayAmount":"29,57 €"}}]}},{"ASIN":"8408258613","DetailPageURL":"https://www.amazon.es/dp/8408258613?tag=topinalambricos-21&linkCode=osi&th=1&psc=1","Images":{"Primary":{"Small":{"Height":75,"URL":"https://m.media-amazon.com/images/I/41KF-Uf51fL._SL75_.jpg","Width":48}}},"ItemInfo":{"ByLineInfo":{"Brand":{"DisplayValue":"Booket","Label":"Brand","Locale":"es_ES"},"Contributors":[{"Locale":"es_ES","Name":"García Sáenz de Urturi, Eva","Role":"Autor","RoleType":"author"}],"Manufacturer":{"DisplayValue":"Booket","Label":"Manufacturer","Locale":"es_ES"}},"Title":{"DisplayValue":"Aquitania: Premio Planeta 2020 (Novela)","Label":"Title","Locale":"es_ES"}},"Offers":{"Summaries":[{"Condition":{"Value":"Used"},"LowestPrice":{"Amount":8.96,"Currency":"EUR","DisplayAmount":"8,96 €"}},{"Condition":{"Value":"New"},"LowestPrice":{"Amount":9.3,"Currency":"EUR","DisplayAmount":"9,30 €"}}]}},{"ASIN":"8418945702","DetailPageURL":"https://www.amazon.es/dp/8418945702?tag=topinalambricos-21&linkCode=osi&th=1&psc=1","Images":{"Primary":{"Small":{"Height":75,"URL":"https://m.media-amazon.com/images/I/51SeyYCt3sL._SL75_.jpg","Width":50}}},"ItemInfo":{"ByLineInfo":{"Contributors":[{"Locale":"es_ES","Name":"Hazelwood, Ali","Role":"Autor","RoleType":"author"},{"Locale":"es_ES","Name":"Gilabert Giménez, Nerea","Role":"Traductor","RoleType":"translator"}],"Manufacturer":{"DisplayValue":"Contraluz Editorial","Label":"Manufacturer","Locale":"es_ES"}},"Title":{"DisplayValue":"La teoría del amor (Contraluz) Español","Label":"Title","Locale":"es_ES"}},"Offers":{"Summaries":[{"Condition":{"Value":"New"},"LowestPrice":{"Amount":18.0,"Currency":"EUR","DisplayAmount":"18,00 €"}}]}}],"SearchURL":"https://www.amazon.es/s?k=los+pacientes+del+doctor+garc%C3%ADa&rh=n%3A599364031%2Cp_n_availability%3A-1&tag=topinalambricos-21&linkCode=osi","TotalResultCount":41}},"51":{"SearchResult":{"Items":[{"ASIN":"8490667799","DetailPageURL":"https://www.amazon.es/dp/8490667799?tag=topinalambricos-21&linkCode=osi&th=1&psc=1","Images":{"Primary":{"Small":{"Height":75,"URL":"https://m.media-amazon.com/images/I/41f3xK0VZCL._SL75_.jpg","Width":49}}},"ItemInfo":{"ByLineInfo":{"Brand":{"DisplayValue":"Maxi-Tusquets","Label":"Brand","Locale":"es_ES"},"Contributors":[{"Locale":"es_ES","Name":"Grandes, Almudena","Role":"Autor","RoleType":"author"}],"Manufacturer":{"DisplayValue":"Planeta","Label":"Manufacturer","Locale":"es_ES"}},"Title":{"DisplayValue":"Los pacientes del doctor García (MAXI)","Label":"Title","Locale":"es_ES"}},"Offers":{"Summaries":[{"Condition":{"Value":"New"},"LowestPrice":{"Amount":12.3,"Currency":"EUR","DisplayAmount":"12,30 €"}},{"Condition":{"Value":"Used"},"LowestPrice":{"Amount":7.95,"Currency":"EUR","DisplayAmount":"7,95 €"}}]}},{"ASIN":"8411124819","DetailPageURL":"https://www.amazon.es/dp/8411124819?tag=topinalambricos-21&linkCode=osi&th=1&psc=1","Images":{"Primary":{"Small":{"Height":75,"URL":"https://m.media-amazon.com/images/I/51IMbTEgKtL._SL75_.jpg","Width":53}}},"ItemInfo":{"ByLineInfo":{"Brand":{"DisplayValue":"Planeta Cómic","Label":"Brand","Locale":"es_ES"},"Contributors":[{"Locale":"es_ES","Name":"Grandes, Almudena","Role":"Autor","RoleType":"author"},{"Locale":"es_ES","Name":"Stassi, Claudio","Role":"Autor","RoleType":"author"}],"Manufacturer":{"DisplayValue":"Planeta Cómic","Label":"Manufacturer","Locale":"es_ES"}},"Title":{"DisplayValue":"Los pacientes del doctor García (novela gráfica): Basado en la novela de Almudena Grandes","Label":"Title","Locale":"es_ES"}},"Offers":{"Summaries":[{"Condition":{"Value":"Used"},"LowestPrice":{"Amount":19.81,"Currency":"EUR","DisplayAmount":"19,81 €"}},{"Condition":{"Value":"New"},"LowestPrice":{"Amount":23.75,"Currency":"EUR","DisplayAmount":"23,75 €"}}]}},{"ASIN":"8490664498","DetailPageURL":"https://www.amazon.es/dp/8490664498?tag=topinalambricos-21&linkCode=osi&th=1&psc=1","Images":{"Primary":{"Small":{"Height":75,"URL":"https://m.media-amazon.com/images/I/514aL8HMIWL._SL75_.jpg","Width":50}}},"ItemInfo":{"ByLineInfo":{"Contributors":[{"Locale":"es_ES","Name":"Grandes, Almudena","Role":"Autor","RoleType":"author"}],"Manufacturer":{"DisplayValue":"Tusquets.","Label":"Manufacturer","Locale":"es_ES"}},"Title":{"DisplayValue":"Los pacientes del doctor García: el fin de la esperanza y la red de evasión de criminales de guerra y jerarcas nazis dirigida por Clara Stauffer, Madrid-Buenos Aires, 1945-1955","Label":"Title","Locale":"es_ES"}},"Offers":{"Summaries":[{"Condition":{"Value":"Used"},"LowestPrice":{"Amount":14.45,"Currency":"EUR","DisplayAmount":"14,45 €"}}]}},{"ASIN":"8490664463","DetailPageURL":"https://www.amazon.es/dp/8490664463?tag=topinalambricos-21&linkCode=osi&th=1&psc=1","Images":{"Primary":{"Small":{"Height":75,"URL":"https://m.media-amazon.com/images/I/51l3IX6ssyL._SL75_.jpg","Width":49}}},"ItemInfo":{"ByLineInfo":{"Brand":{"DisplayValue":"Tusquets Editores S.A.","Label":"Brand","Locale":"es_ES"},"Contributors":[{"Locale":"es_ES","Name":"Grandes, Almudena","Role":"Autor","RoleType":"author"}],"Manufacturer":{"DisplayValue":"Tusquets Editores S.A.","Label":"Manufacturer","Locale":"es_ES"}},"Title":{"DisplayValue":"Los pacientes del doctor García: Episodios de una Guerra Interminable: 4 (Andanzas)","Label":"Title","Locale":"es_ES"}},"Offers":{"Summaries":[{"Condition":{"Value":"New"},"LowestPrice":{"Amount":26.0,"Currency":"EUR","DisplayAmount":"26,00 €"}},{"Condition":{"Value":"Used"},"LowestPrice":{"Amount":21.62,"Currency":"EUR","DisplayAmount":"21,62 €"}}]}},{"ASIN":"2709662531","DetailPageURL":"https://www.amazon.es/dp/2709662531?tag=topinalambricos-21&linkCode=osi&th=1&psc=1","Images":{"Primary":{"Small":{"Height":75,"URL":"https://m.media-amazon.com/images/I/41ZVAQfPOcL._SL75_.jpg","Width":48}}},"ItemInfo":{"ByLineInfo":{"Brand":{"DisplayValue":"LATTES","Label":"Brand","Locale":"es_ES"},"Contributors":[{"Locale":"es_ES","Name":"Grandes, Almudena","Role":"Autor","RoleType":"author"}],"Manufacturer":{"DisplayValue":"JC Lattès","Label":"Manufacturer","Locale":"es_ES"}},"Title":{"DisplayValue":"Les patients du docteur Garcia (Littérature étrangère)","Label":"Title","Locale":"es_ES"}},"Offers":{"Summaries":[{"Condition":{"Value":"Used"},"LowestPrice":{"Amount":9.11,"Currency":"EUR","DisplayAmount":"9,11 €"}},{"Condition":{"Value":"New"},"LowestPrice":{"Amount":24.5,"Currency":"EUR","DisplayAmount":"24,50 €"}}]}},{"ASIN":"B09ZJ313QS","DetailPageURL":"https://www.amazon.es/dp/B09ZJ313QS?tag=topinalambricos-21&linkCode=osi&th=1&psc=1","Images":{"Primary":{"Small":{"Height":75,"URL":"https://m.media-amazon.com/images/I/51d665e+xkL._SL75_.jpg","Width":49}}},"ItemInfo":{"ByLineInfo":{"Contributors":[{"Locale":"es_ES","Name":"Grandes, Almudena","Role":"Autor","RoleType":"author"}],"Manufacturer":{"DisplayValue":"Tusquets Editores S.A.","Label":"Manufacturer","Locale":"es_ES"}},"Title":{"DisplayValue":"Pack Episodios de una guerra interminable: Inés y la alegría, El lector de Julio Verne, Las tres bodas de Manolita, Los pacientes del doctor García, La madre de Frankenstein","Label":"Title","Locale":"es_ES"}},"Offers":{"Summaries":[{"Condition":{"Value":"New"},"LowestPrice":{"Amount":33.24,"Currency":"EUR","DisplayAmount":"33,24 €"}}]}},{"ASIN":"841107109X","DetailPageURL":"https://www.amazon.es/dp/841107109X?tag=topinalambricos-21&linkCode=osi&th=1&psc=1","Images":{"Primary":{"Small":{"Height":68,"URL":"https://m.media-amazon.com/images/I/41oxGZctc0L._SL75_.jpg","Width":75}}},"ItemInfo":{"ByLineInfo":{"Brand":{"DisplayValue":"Tusquets Editores S.A.","Label":"Brand","Locale":"es_ES"},"Contributors":[{"Locale":"es_ES","Name":"Grandes, Almudena","Role":"Autor","RoleType":"author"}],"Manufacturer":{"DisplayValue":"Tusquets Editores S.A.","Label":"Manufacturer","Locale":"es_ES"}},"Title":{"DisplayValue":"Estuche Episodios de una Guerra Interminable: Inés y la alegría, El lector de Julio Verne, Las tres bodas de Manolita, Los pacientes del doctor García, La madre de Frankenstein (Andanzas)","Label":"Title","Locale":"es_ES"}},"Offers":{"Summaries":[{"Condition":{"Value":"New"},"LowestPrice":{"Amount":107.01,"Currency":"EUR","DisplayAmount":"107,01 €"}}]}},{"ASIN":"9056726099","DetailPageURL":"https://www.amazon.es/dp/9056726099?tag=topinalambricos-21&linkCode=osi&th=1&psc=1","Images":{"Primary":{"Small":{"Height":75,"URL":"https://m.media-amazon.com/images/I/51bISkcjLRL._SL75_.jpg","Width":48}}},"ItemInfo":{"ByLineInfo":{"Brand":{"DisplayValue":"Signatuur","Label":"Brand","Locale":"es_ES"},"Contributors":[{"Locale":"es_ES","Name":"Grandes, Almudena","Role":"Autor","RoleType":"author"},{"Locale":"es_ES","Name":"Buursma, Mia","Role":"Traductor","RoleType":"translator"},{"Locale":"es_ES","Name":"Degenaar, Rikkie","Role":"Traductor","RoleType":"translator"}],"Manufacturer":{"DisplayValue":"Signatuur","Label":"Manufacturer","Locale":"es_ES"}},"Title":{"DisplayValue":"De patiënten van dokter García","Label":"Title","Locale":"es_ES"}},"Offers":{"Summaries":[{"Condition":{"Value":"New"},"LowestPrice":{"Amount":29.57,"Currency":"EUR","DisplayAmount":"29,57 €"}}]}},{"ASIN":"8408258613","DetailPageURL":"https://www.amazon.es/dp/8408258613?tag=topinalambricos-21&linkCode=osi&th=1&psc=1","Images":{"Primary":{"Small":{"Height":75,"URL":"https://m.media-amazon.com/images/I/41KF-Uf51fL._SL75_.jpg","Width":48}}},"ItemInfo":{"ByLineInfo":{"Brand":{"DisplayValue":"Booket","Label":"Brand","Locale":"es_ES"},"Contributors":[{"Locale":"es_ES","Name":"García Sáenz de Urturi, Eva","Role":"Autor","RoleType":"author"}],"Manufacturer":{"DisplayValue":"Booket","Label":"Manufacturer","Locale":"es_ES"}},"Title":{"DisplayValue":"Aquitania: Premio Planeta 2020 (Novela)","Label":"Title","Locale":"es_ES"}},"Offers":{"Summaries":[{"Condition":{"Value":"Used"},"LowestPrice":{"Amount":8.96,"Currency":"EUR","DisplayAmount":"8,96 €"}},{"Condition":{"Value":"New"},"LowestPrice":{"Amount":9.3,"Currency":"EUR","DisplayAmount":"9,30 €"}}]}},{"ASIN":"8418945702","DetailPageURL":"https://www.amazon.es/dp/8418945702?tag=topinalambricos-21&linkCode=osi&th=1&psc=1","Images":{"Primary":{"Small":{"Height":75,"URL":"https://m.media-amazon.com/images/I/51SeyYCt3sL._SL75_.jpg","Width":50}}},"ItemInfo":{"ByLineInfo":{"Contributors":[{"Locale":"es_ES","Name":"Hazelwood, Ali","Role":"Autor","RoleType":"author"},{"Locale":"es_ES","Name":"Gilabert Giménez, Nerea","Role":"Traductor","RoleType":"translator"}],"Manufacturer":{"DisplayValue":"Contraluz Editorial","Label":"Manufacturer","Locale":"es_ES"}},"Title":{"DisplayValue":"La teoría del amor (Contraluz) Español","Label":"Title","Locale":"es_ES"}},"Offers":{"Summaries":[{"Condition":{"Value":"New"},"LowestPrice":{"Amount":18.0,"Currency":"EUR","DisplayAmount":"18,00 €"}}]}}],"SearchURL":"https://www.amazon.es/s?k=los+pacientes+del+doctor+garc%C3%ADa&rh=n%3A599364031%2Cp_n_availability%3A-1&tag=topinalambricos-21&linkCode=osi","TotalResultCount":41}},"52":{"SearchResult":{"Items":[{"ASIN":"8490667799","DetailPageURL":"https://www.amazon.es/dp/8490667799?tag=topinalambricos-21&linkCode=osi&th=1&psc=1","Images":{"Primary":{"Small":{"Height":75,"URL":"https://m.media-amazon.com/images/I/41f3xK0VZCL._SL75_.jpg","Width":49}}},"ItemInfo":{"ByLineInfo":{"Brand":{"DisplayValue":"Maxi-Tusquets","Label":"Brand","Locale":"es_ES"},"Contributors":[{"Locale":"es_ES","Name":"Grandes, Almudena","Role":"Autor","RoleType":"author"}],"Manufacturer":{"DisplayValue":"Planeta","Label":"Manufacturer","Locale":"es_ES"}},"Title":{"DisplayValue":"Los pacientes del doctor García (MAXI)","Label":"Title","Locale":"es_ES"}},"Offers":{"Summaries":[{"Condition":{"Value":"New"},"LowestPrice":{"Amount":12.3,"Currency":"EUR","DisplayAmount":"12,30 €"}},{"Condition":{"Value":"Used"},"LowestPrice":{"Amount":7.95,"Currency":"EUR","DisplayAmount":"7,95 €"}}]}},{"ASIN":"8411124819","DetailPageURL":"https://www.amazon.es/dp/8411124819?tag=topinalambricos-21&linkCode=osi&th=1&psc=1","Images":{"Primary":{"Small":{"Height":75,"URL":"https://m.media-amazon.com/images/I/51IMbTEgKtL._SL75_.jpg","Width":53}}},"ItemInfo":{"ByLineInfo":{"Brand":{"DisplayValue":"Planeta Cómic","Label":"Brand","Locale":"es_ES"},"Contributors":[{"Locale":"es_ES","Name":"Grandes, Almudena","Role":"Autor","RoleType":"author"},{"Locale":"es_ES","Name":"Stassi, Claudio","Role":"Autor","RoleType":"author"}],"Manufacturer":{"DisplayValue":"Planeta Cómic","Label":"Manufacturer","Locale":"es_ES"}},"Title":{"DisplayValue":"Los pacientes del doctor García (novela gráfica): Basado en la novela de Almudena Grandes","Label":"Title","Locale":"es_ES"}},"Offers":{"Summaries":[{"Condition":{"Value":"Used"},"LowestPrice":{"Amount":19.81,"Currency":"EUR","DisplayAmount":"19,81 €"}},{"Condition":{"Value":"New"},"LowestPrice":{"Amount":23.75,"Currency":"EUR","DisplayAmount":"23,75 €"}}]}},{"ASIN":"8490664498","DetailPageURL":"https://www.amazon.es/dp/8490664498?tag=topinalambricos-21&linkCode=osi&th=1&psc=1","Images":{"Primary":{"Small":{"Height":75,"URL":"https://m.media-amazon.com/images/I/514aL8HMIWL._SL75_.jpg","Width":50}}},"ItemInfo":{"ByLineInfo":{"Contributors":[{"Locale":"es_ES","Name":"Grandes, Almudena","Role":"Autor","RoleType":"author"}],"Manufacturer":{"DisplayValue":"Tusquets.","Label":"Manufacturer","Locale":"es_ES"}},"Title":{"DisplayValue":"Los pacientes del doctor García: el fin de la esperanza y la red de evasión de criminales de guerra y jerarcas nazis dirigida por Clara Stauffer, Madrid-Buenos Aires, 1945-1955","Label":"Title","Locale":"es_ES"}},"Offers":{"Summaries":[{"Condition":{"Value":"Used"},"LowestPrice":{"Amount":14.45,"Currency":"EUR","DisplayAmount":"14,45 €"}}]}},{"ASIN":"8490664463","DetailPageURL":"https://www.amazon.es/dp/8490664463?tag=topinalambricos-21&linkCode=osi&th=1&psc=1","Images":{"Primary":{"Small":{"Height":75,"URL":"https://m.media-amazon.com/images/I/51l3IX6ssyL._SL75_.jpg","Width":49}}},"ItemInfo":{"ByLineInfo":{"Brand":{"DisplayValue":"Tusquets Editores S.A.","Label":"Brand","Locale":"es_ES"},"Contributors":[{"Locale":"es_ES","Name":"Grandes, Almudena","Role":"Autor","RoleType":"author"}],"Manufacturer":{"DisplayValue":"Tusquets Editores S.A.","Label":"Manufacturer","Locale":"es_ES"}},"Title":{"DisplayValue":"Los pacientes del doctor García: Episodios de una Guerra Interminable: 4 (Andanzas)","Label":"Title","Locale":"es_ES"}},"Offers":{"Summaries":[{"Condition":{"Value":"New"},"LowestPrice":{"Amount":26.0,"Currency":"EUR","DisplayAmount":"26,00 €"}},{"Condition":{"Value":"Used"},"LowestPrice":{"Amount":21.62,"Currency":"EUR","DisplayAmount":"21,62 €"}}]}},{"ASIN":"2709662531","DetailPageURL":"https://www.amazon.es/dp/2709662531?tag=topinalambricos-21&linkCode=osi&th=1&psc=1","Images":{"Primary":{"Small":{"Height":75,"URL":"https://m.media-amazon.com/images/I/41ZVAQfPOcL._SL75_.jpg","Width":48}}},"ItemInfo":{"ByLineInfo":{"Brand":{"DisplayValue":"LATTES","Label":"Brand","Locale":"es_ES"},"Contributors":[{"Locale":"es_ES","Name":"Grandes, Almudena","Role":"Autor","RoleType":"author"}],"Manufacturer":{"DisplayValue":"JC Lattès","Label":"Manufacturer","Locale":"es_ES"}},"Title":{"DisplayValue":"Les patients du docteur Garcia (Littérature étrangère)","Label":"Title","Locale":"es_ES"}},"Offers":{"Summaries":[{"Condition":{"Value":"Used"},"LowestPrice":{"Amount":9.11,"Currency":"EUR","DisplayAmount":"9,11 €"}},{"Condition":{"Value":"New"},"LowestPrice":{"Amount":24.5,"Currency":"EUR","DisplayAmount":"24,50 €"}}]}},{"ASIN":"B09ZJ313QS","DetailPageURL":"https://www.amazon.es/dp/B09ZJ313QS?tag=topinalambricos-21&linkCode=osi&th=1&psc=1","Images":{"Primary":{"Small":{"Height":75,"URL":"https://m.media-amazon.com/images/I/51d665e+xkL._SL75_.jpg","Width":49}}},"ItemInfo":{"ByLineInfo":{"Contributors":[{"Locale":"es_ES","Name":"Grandes, Almudena","Role":"Autor","RoleType":"author"}],"Manufacturer":{"DisplayValue":"Tusquets Editores S.A.","Label":"Manufacturer","Locale":"es_ES"}},"Title":{"DisplayValue":"Pack Episodios de una guerra interminable: Inés y la alegría, El lector de Julio Verne, Las tres bodas de Manolita, Los pacientes del doctor García, La madre de Frankenstein","Label":"Title","Locale":"es_ES"}},"Offers":{"Summaries":[{"Condition":{"Value":"New"},"LowestPrice":{"Amount":33.24,"Currency":"EUR","DisplayAmount":"33,24 €"}}]}},{"ASIN":"841107109X","DetailPageURL":"https://www.amazon.es/dp/841107109X?tag=topinalambricos-21&linkCode=osi&th=1&psc=1","Images":{"Primary":{"Small":{"Height":68,"URL":"https://m.media-amazon.com/images/I/41oxGZctc0L._SL75_.jpg","Width":75}}},"ItemInfo":{"ByLineInfo":{"Brand":{"DisplayValue":"Tusquets Editores S.A.","Label":"Brand","Locale":"es_ES"},"Contributors":[{"Locale":"es_ES","Name":"Grandes, Almudena","Role":"Autor","RoleType":"author"}],"Manufacturer":{"DisplayValue":"Tusquets Editores S.A.","Label":"Manufacturer","Locale":"es_ES"}},"Title":{"DisplayValue":"Estuche Episodios de una Guerra Interminable: Inés y la alegría, El lector de Julio Verne, Las tres bodas de Manolita, Los pacientes del doctor García, La madre de Frankenstein (Andanzas)","Label":"Title","Locale":"es_ES"}},"Offers":{"Summaries":[{"Condition":{"Value":"New"},"LowestPrice":{"Amount":107.01,"Currency":"EUR","DisplayAmount":"107,01 €"}}]}},{"ASIN":"9056726099","DetailPageURL":"https://www.amazon.es/dp/9056726099?tag=topinalambricos-21&linkCode=osi&th=1&psc=1","Images":{"Primary":{"Small":{"Height":75,"URL":"https://m.media-amazon.com/images/I/51bISkcjLRL._SL75_.jpg","Width":48}}},"ItemInfo":{"ByLineInfo":{"Brand":{"DisplayValue":"Signatuur","Label":"Brand","Locale":"es_ES"},"Contributors":[{"Locale":"es_ES","Name":"Grandes, Almudena","Role":"Autor","RoleType":"author"},{"Locale":"es_ES","Name":"Buursma, Mia","Role":"Traductor","RoleType":"translator"},{"Locale":"es_ES","Name":"Degenaar, Rikkie","Role":"Traductor","RoleType":"translator"}],"Manufacturer":{"DisplayValue":"Signatuur","Label":"Manufacturer","Locale":"es_ES"}},"Title":{"DisplayValue":"De patiënten van dokter García","Label":"Title","Locale":"es_ES"}},"Offers":{"Summaries":[{"Condition":{"Value":"New"},"LowestPrice":{"Amount":29.57,"Currency":"EUR","DisplayAmount":"29,57 €"}}]}},{"ASIN":"8408258613","DetailPageURL":"https://www.amazon.es/dp/8408258613?tag=topinalambricos-21&linkCode=osi&th=1&psc=1","Images":{"Primary":{"Small":{"Height":75,"URL":"https://m.media-amazon.com/images/I/41KF-Uf51fL._SL75_.jpg","Width":48}}},"ItemInfo":{"ByLineInfo":{"Brand":{"DisplayValue":"Booket","Label":"Brand","Locale":"es_ES"},"Contributors":[{"Locale":"es_ES","Name":"García Sáenz de Urturi, Eva","Role":"Autor","RoleType":"author"}],"Manufacturer":{"DisplayValue":"Booket","Label":"Manufacturer","Locale":"es_ES"}},"Title":{"DisplayValue":"Aquitania: Premio Planeta 2020 (Novela)","Label":"Title","Locale":"es_ES"}},"Offers":{"Summaries":[{"Condition":{"Value":"Used"},"LowestPrice":{"Amount":8.96,"Currency":"EUR","DisplayAmount":"8,96 €"}},{"Condition":{"Value":"New"},"LowestPrice":{"Amount":9.3,"Currency":"EUR","DisplayAmount":"9,30 €"}}]}},{"ASIN":"8418945702","DetailPageURL":"https://www.amazon.es/dp/8418945702?tag=topinalambricos-21&linkCode=osi&th=1&psc=1","Images":{"Primary":{"Small":{"Height":75,"URL":"https://m.media-amazon.com/images/I/51SeyYCt3sL._SL75_.jpg","Width":50}}},"ItemInfo":{"ByLineInfo":{"Contributors":[{"Locale":"es_ES","Name":"Hazelwood, Ali","Role":"Autor","RoleType":"author"},{"Locale":"es_ES","Name":"Gilabert Giménez, Nerea","Role":"Traductor","RoleType":"translator"}],"Manufacturer":{"DisplayValue":"Contraluz Editorial","Label":"Manufacturer","Locale":"es_ES"}},"Title":{"DisplayValue":"La teoría del amor (Contraluz) Español","Label":"Title","Locale":"es_ES"}},"Offers":{"Summaries":[{"Condition":{"Value":"New"},"LowestPrice":{"Amount":18.0,"Currency":"EUR","DisplayAmount":"18,00 €"}}]}}],"SearchURL":"https://www.amazon.es/s?k=los+pacientes+del+doctor+garc%C3%ADa&rh=n%3A599364031%2Cp_n_availability%3A-1&tag=topinalambricos-21&linkCode=osi","TotalResultCount":41}},"53":{"SearchResult":{"Items":[{"ASIN":"8490667799","DetailPageURL":"https://www.amazon.es/dp/8490667799?tag=topinalambricos-21&linkCode=osi&th=1&psc=1","Images":{"Primary":{"Small":{"Height":75,"URL":"https://m.media-amazon.com/images/I/41f3xK0VZCL._SL75_.jpg","Width":49}}},"ItemInfo":{"ByLineInfo":{"Brand":{"DisplayValue":"Maxi-Tusquets","Label":"Brand","Locale":"es_ES"},"Contributors":[{"Locale":"es_ES","Name":"Grandes, Almudena","Role":"Autor","RoleType":"author"}],"Manufacturer":{"DisplayValue":"Planeta","Label":"Manufacturer","Locale":"es_ES"}},"Title":{"DisplayValue":"Los pacientes del doctor García (MAXI)","Label":"Title","Locale":"es_ES"}},"Offers":{"Summaries":[{"Condition":{"Value":"New"},"LowestPrice":{"Amount":12.3,"Currency":"EUR","DisplayAmount":"12,30 €"}},{"Condition":{"Value":"Used"},"LowestPrice":{"Amount":7.95,"Currency":"EUR","DisplayAmount":"7,95 €"}}]}},{"ASIN":"8411124819","DetailPageURL":"https://www.amazon.es/dp/8411124819?tag=topinalambricos-21&linkCode=osi&th=1&psc=1","Images":{"Primary":{"Small":{"Height":75,"URL":"https://m.media-amazon.com/images/I/51IMbTEgKtL._SL75_.jpg","Width":53}}},"ItemInfo":{"ByLineInfo":{"Brand":{"DisplayValue":"Planeta Cómic","Label":"Brand","Locale":"es_ES"},"Contributors":[{"Locale":"es_ES","Name":"Grandes, Almudena","Role":"Autor","RoleType":"author"},{"Locale":"es_ES","Name":"Stassi, Claudio","Role":"Autor","RoleType":"author"}],"Manufacturer":{"DisplayValue":"Planeta Cómic","Label":"Manufacturer","Locale":"es_ES"}},"Title":{"DisplayValue":"Los pacientes del doctor García (novela gráfica): Basado en la novela de Almudena Grandes","Label":"Title","Locale":"es_ES"}},"Offers":{"Summaries":[{"Condition":{"Value":"Used"},"LowestPrice":{"Amount":19.81,"Currency":"EUR","DisplayAmount":"19,81 €"}},{"Condition":{"Value":"New"},"LowestPrice":{"Amount":23.75,"Currency":"EUR","DisplayAmount":"23,75 €"}}]}},{"ASIN":"8490664498","DetailPageURL":"https://www.amazon.es/dp/8490664498?tag=topinalambricos-21&linkCode=osi&th=1&psc=1","Images":{"Primary":{"Small":{"Height":75,"URL":"https://m.media-amazon.com/images/I/514aL8HMIWL._SL75_.jpg","Width":50}}},"ItemInfo":{"ByLineInfo":{"Contributors":[{"Locale":"es_ES","Name":"Grandes, Almudena","Role":"Autor","RoleType":"author"}],"Manufacturer":{"DisplayValue":"Tusquets.","Label":"Manufacturer","Locale":"es_ES"}},"Title":{"DisplayValue":"Los pacientes del doctor García: el fin de la esperanza y la red de evasión de criminales de guerra y jerarcas nazis dirigida por Clara Stauffer, Madrid-Buenos Aires, 1945-1955","Label":"Title","Locale":"es_ES"}},"Offers":{"Summaries":[{"Condition":{"Value":"Used"},"LowestPrice":{"Amount":14.45,"Currency":"EUR","DisplayAmount":"14,45 €"}}]}},{"ASIN":"8490664463","DetailPageURL":"https://www.amazon.es/dp/8490664463?tag=topinalambricos-21&linkCode=osi&th=1&psc=1","Images":{"Primary":{"Small":{"Height":75,"URL":"https://m.media-amazon.com/images/I/51l3IX6ssyL._SL75_.jpg","Width":49}}},"ItemInfo":{"ByLineInfo":{"Brand":{"DisplayValue":"Tusquets Editores S.A.","Label":"Brand","Locale":"es_ES"},"Contributors":[{"Locale":"es_ES","Name":"Grandes, Almudena","Role":"Autor","RoleType":"author"}],"Manufacturer":{"DisplayValue":"Tusquets Editores S.A.","Label":"Manufacturer","Locale":"es_ES"}},"Title":{"DisplayValue":"Los pacientes del doctor García: Episodios de una Guerra Interminable: 4 (Andanzas)","Label":"Title","Locale":"es_ES"}},"Offers":{"Summaries":[{"Condition":{"Value":"New"},"LowestPrice":{"Amount":26.0,"Currency":"EUR","DisplayAmount":"26,00 €"}},{"Condition":{"Value":"Used"},"LowestPrice":{"Amount":21.62,"Currency":"EUR","DisplayAmount":"21,62 €"}}]}},{"ASIN":"2709662531","DetailPageURL":"https://www.amazon.es/dp/2709662531?tag=topinalambricos-21&linkCode=osi&th=1&psc=1","Images":{"Primary":{"Small":{"Height":75,"URL":"https://m.media-amazon.com/images/I/41ZVAQfPOcL._SL75_.jpg","Width":48}}},"ItemInfo":{"ByLineInfo":{"Brand":{"DisplayValue":"LATTES","Label":"Brand","Locale":"es_ES"},"Contributors":[{"Locale":"es_ES","Name":"Grandes, Almudena","Role":"Autor","RoleType":"author"}],"Manufacturer":{"DisplayValue":"JC Lattès","Label":"Manufacturer","Locale":"es_ES"}},"Title":{"DisplayValue":"Les patients du docteur Garcia (Littérature étrangère)","Label":"Title","Locale":"es_ES"}},"Offers":{"Summaries":[{"Condition":{"Value":"Used"},"LowestPrice":{"Amount":9.11,"Currency":"EUR","DisplayAmount":"9,11 €"}},{"Condition":{"Value":"New"},"LowestPrice":{"Amount":24.5,"Currency":"EUR","DisplayAmount":"24,50 €"}}]}},{"ASIN":"B09ZJ313QS","DetailPageURL":"https://www.amazon.es/dp/B09ZJ313QS?tag=topinalambricos-21&linkCode=osi&th=1&psc=1","Images":{"Primary":{"Small":{"Height":75,"URL":"https://m.media-amazon.com/images/I/51d665e+xkL._SL75_.jpg","Width":49}}},"ItemInfo":{"ByLineInfo":{"Contributors":[{"Locale":"es_ES","Name":"Grandes, Almudena","Role":"Autor","RoleType":"author"}],"Manufacturer":{"DisplayValue":"Tusquets Editores S.A.","Label":"Manufacturer","Locale":"es_ES"}},"Title":{"DisplayValue":"Pack Episodios de una guerra interminable: Inés y la alegría, El lector de Julio Verne, Las tres bodas de Manolita, Los pacientes del doctor García, La madre de Frankenstein","Label":"Title","Locale":"es_ES"}},"Offers":{"Summaries":[{"Condition":{"Value":"New"},"LowestPrice":{"Amount":33.24,"Currency":"EUR","DisplayAmount":"33,24 €"}}]}},{"ASIN":"841107109X","DetailPageURL":"https://www.amazon.es/dp/841107109X?tag=topinalambricos-21&linkCode=osi&th=1&psc=1","Images":{"Primary":{"Small":{"Height":68,"URL":"https://m.media-amazon.com/images/I/41oxGZctc0L._SL75_.jpg","Width":75}}},"ItemInfo":{"ByLineInfo":{"Brand":{"DisplayValue":"Tusquets Editores S.A.","Label":"Brand","Locale":"es_ES"},"Contributors":[{"Locale":"es_ES","Name":"Grandes, Almudena","Role":"Autor","RoleType":"author"}],"Manufacturer":{"DisplayValue":"Tusquets Editores S.A.","Label":"Manufacturer","Locale":"es_ES"}},"Title":{"DisplayValue":"Estuche Episodios de una Guerra Interminable: Inés y la alegría, El lector de Julio Verne, Las tres bodas de Manolita, Los pacientes del doctor García, La madre de Frankenstein (Andanzas)","Label":"Title","Locale":"es_ES"}},"Offers":{"Summaries":[{"Condition":{"Value":"New"},"LowestPrice":{"Amount":107.01,"Currency":"EUR","DisplayAmount":"107,01 €"}}]}},{"ASIN":"9056726099","DetailPageURL":"https://www.amazon.es/dp/9056726099?tag=topinalambricos-21&linkCode=osi&th=1&psc=1","Images":{"Primary":{"Small":{"Height":75,"URL":"https://m.media-amazon.com/images/I/51bISkcjLRL._SL75_.jpg","Width":48}}},"ItemInfo":{"ByLineInfo":{"Brand":{"DisplayValue":"Signatuur","Label":"Brand","Locale":"es_ES"},"Contributors":[{"Locale":"es_ES","Name":"Grandes, Almudena","Role":"Autor","RoleType":"author"},{"Locale":"es_ES","Name":"Buursma, Mia","Role":"Traductor","RoleType":"translator"},{"Locale":"es_ES","Name":"Degenaar, Rikkie","Role":"Traductor","RoleType":"translator"}],"Manufacturer":{"DisplayValue":"Signatuur","Label":"Manufacturer","Locale":"es_ES"}},"Title":{"DisplayValue":"De patiënten van dokter García","Label":"Title","Locale":"es_ES"}},"Offers":{"Summaries":[{"Condition":{"Value":"New"},"LowestPrice":{"Amount":29.57,"Currency":"EUR","DisplayAmount":"29,57 €"}}]}},{"ASIN":"8408258613","DetailPageURL":"https://www.amazon.es/dp/8408258613?tag=topinalambricos-21&linkCode=osi&th=1&psc=1","Images":{"Primary":{"Small":{"Height":75,"URL":"https://m.media-amazon.com/images/I/41KF-Uf51fL._SL75_.jpg","Width":48}}},"ItemInfo":{"ByLineInfo":{"Brand":{"DisplayValue":"Booket","Label":"Brand","Locale":"es_ES"},"Contributors":[{"Locale":"es_ES","Name":"García Sáenz de Urturi, Eva","Role":"Autor","RoleType":"author"}],"Manufacturer":{"DisplayValue":"Booket","Label":"Manufacturer","Locale":"es_ES"}},"Title":{"DisplayValue":"Aquitania: Premio Planeta 2020 (Novela)","Label":"Title","Locale":"es_ES"}},"Offers":{"Summaries":[{"Condition":{"Value":"Used"},"LowestPrice":{"Amount":8.96,"Currency":"EUR","DisplayAmount":"8,96 €"}},{"Condition":{"Value":"New"},"LowestPrice":{"Amount":9.3,"Currency":"EUR","DisplayAmount":"9,30 €"}}]}},{"ASIN":"8418945702","DetailPageURL":"https://www.amazon.es/dp/8418945702?tag=topinalambricos-21&linkCode=osi&th=1&psc=1","Images":{"Primary":{"Small":{"Height":75,"URL":"https://m.media-amazon.com/images/I/51SeyYCt3sL._SL75_.jpg","Width":50}}},"ItemInfo":{"ByLineInfo":{"Contributors":[{"Locale":"es_ES","Name":"Hazelwood, Ali","Role":"Autor","RoleType":"author"},{"Locale":"es_ES","Name":"Gilabert Giménez, Nerea","Role":"Traductor","RoleType":"translator"}],"Manufacturer":{"DisplayValue":"Contraluz Editorial","Label":"Manufacturer","Locale":"es_ES"}},"Title":{"DisplayValue":"La teoría del amor (Contraluz) Español","Label":"Title","Locale":"es_ES"}},"Offers":{"Summaries":[{"Condition":{"Value":"New"},"LowestPrice":{"Amount":18.0,"Currency":"EUR","DisplayAmount":"18,00 €"}}]}}],"SearchURL":"https://www.amazon.es/s?k=los+pacientes+del+doctor+garc%C3%ADa&rh=n%3A599364031%2Cp_n_availability%3A-1&tag=topinalambricos-21&linkCode=osi","TotalResultCount":41}},"54":{"SearchResult":{"Items":[{"ASIN":"8490667799","DetailPageURL":"https://www.amazon.es/dp/8490667799?tag=topinalambricos-21&linkCode=osi&th=1&psc=1","Images":{"Primary":{"Small":{"Height":75,"URL":"https://m.media-amazon.com/images/I/41f3xK0VZCL._SL75_.jpg","Width":49}}},"ItemInfo":{"ByLineInfo":{"Brand":{"DisplayValue":"Maxi-Tusquets","Label":"Brand","Locale":"es_ES"},"Contributors":[{"Locale":"es_ES","Name":"Grandes, Almudena","Role":"Autor","RoleType":"author"}],"Manufacturer":{"DisplayValue":"Planeta","Label":"Manufacturer","Locale":"es_ES"}},"Title":{"DisplayValue":"Los pacientes del doctor García (MAXI)","Label":"Title","Locale":"es_ES"}},"Offers":{"Summaries":[{"Condition":{"Value":"New"},"LowestPrice":{"Amount":12.3,"Currency":"EUR","DisplayAmount":"12,30 €"}},{"Condition":{"Value":"Used"},"LowestPrice":{"Amount":7.95,"Currency":"EUR","DisplayAmount":"7,95 €"}}]}},{"ASIN":"8411124819","DetailPageURL":"https://www.amazon.es/dp/8411124819?tag=topinalambricos-21&linkCode=osi&th=1&psc=1","Images":{"Primary":{"Small":{"Height":75,"URL":"https://m.media-amazon.com/images/I/51IMbTEgKtL._SL75_.jpg","Width":53}}},"ItemInfo":{"ByLineInfo":{"Brand":{"DisplayValue":"Planeta Cómic","Label":"Brand","Locale":"es_ES"},"Contributors":[{"Locale":"es_ES","Name":"Grandes, Almudena","Role":"Autor","RoleType":"author"},{"Locale":"es_ES","Name":"Stassi, Claudio","Role":"Autor","RoleType":"author"}],"Manufacturer":{"DisplayValue":"Planeta Cómic","Label":"Manufacturer","Locale":"es_ES"}},"Title":{"DisplayValue":"Los pacientes del doctor García (novela gráfica): Basado en la novela de Almudena Grandes","Label":"Title","Locale":"es_ES"}},"Offers":{"Summaries":[{"Condition":{"Value":"Used"},"LowestPrice":{"Amount":19.81,"Currency":"EUR","DisplayAmount":"19,81 €"}},{"Condition":{"Value":"New"},"LowestPrice":{"Amount":23.75,"Currency":"EUR","DisplayAmount":"23,75 €"}}]}},{"ASIN":"8490664498","DetailPageURL":"https://www.amazon.es/dp/8490664498?tag=topinalambricos-21&linkCode=osi&th=1&psc=1","Images":{"Primary":{"Small":{"Height":75,"URL":"https://m.media-amazon.com/images/I/514aL8HMIWL._SL75_.jpg","Width":50}}},"ItemInfo":{"ByLineInfo":{"Contributors":[{"Locale":"es_ES","Name":"Grandes, Almudena","Role":"Autor","RoleType":"author"}],"Manufacturer":{"DisplayValue":"Tusquets.","Label":"Manufacturer","Locale":"es_ES"}},"Title":{"DisplayValue":"Los pacientes del doctor García: el fin de la esperanza y la red de evasión de criminales de guerra y jerarcas nazis dirigida por Clara Stauffer, Madrid-Buenos Aires, 1945-1955","Label":"Title","Locale":"es_ES"}},"Offers":{"Summaries":[{"Condition":{"Value":"Used"},"LowestPrice":{"Amount":14.45,"Currency":"EUR","DisplayAmount":"14,45 €"}}]}},{"ASIN":"8490664463","DetailPageURL":"https://www.amazon.es/dp/8490664463?tag=topinalambricos-21&linkCode=osi&th=1&psc=1","Images":{"Primary":{"Small":{"Height":75,"URL":"https://m.media-amazon.com/images/I/51l3IX6ssyL._SL75_.jpg","Width":49}}},"ItemInfo":{"ByLineInfo":{"Brand":{"DisplayValue":"Tusquets Editores S.A.","Label":"Brand","Locale":"es_ES"},"Contributors":[{"Locale":"es_ES","Name":"Grandes, Almudena","Role":"Autor","RoleType":"author"}],"Manufacturer":{"DisplayValue":"Tusquets Editores S.A.","Label":"Manufacturer","Locale":"es_ES"}},"Title":{"DisplayValue":"Los pacientes del doctor García: Episodios de una Guerra Interminable: 4 (Andanzas)","Label":"Title","Locale":"es_ES"}},"Offers":{"Summaries":[{"Condition":{"Value":"New"},"LowestPrice":{"Amount":26.0,"Currency":"EUR","DisplayAmount":"26,00 €"}},{"Condition":{"Value":"Used"},"LowestPrice":{"Amount":21.62,"Currency":"EUR","DisplayAmount":"21,62 €"}}]}},{"ASIN":"2709662531","DetailPageURL":"https://www.amazon.es/dp/2709662531?tag=topinalambricos-21&linkCode=osi&th=1&psc=1","Images":{"Primary":{"Small":{"Height":75,"URL":"https://m.media-amazon.com/images/I/41ZVAQfPOcL._SL75_.jpg","Width":48}}},"ItemInfo":{"ByLineInfo":{"Brand":{"DisplayValue":"LATTES","Label":"Brand","Locale":"es_ES"},"Contributors":[{"Locale":"es_ES","Name":"Grandes, Almudena","Role":"Autor","RoleType":"author"}],"Manufacturer":{"DisplayValue":"JC Lattès","Label":"Manufacturer","Locale":"es_ES"}},"Title":{"DisplayValue":"Les patients du docteur Garcia (Littérature étrangère)","Label":"Title","Locale":"es_ES"}},"Offers":{"Summaries":[{"Condition":{"Value":"Used"},"LowestPrice":{"Amount":9.11,"Currency":"EUR","DisplayAmount":"9,11 €"}},{"Condition":{"Value":"New"},"LowestPrice":{"Amount":24.5,"Currency":"EUR","DisplayAmount":"24,50 €"}}]}},{"ASIN":"B09ZJ313QS","DetailPageURL":"https://www.amazon.es/dp/B09ZJ313QS?tag=topinalambricos-21&linkCode=osi&th=1&psc=1","Images":{"Primary":{"Small":{"Height":75,"URL":"https://m.media-amazon.com/images/I/51d665e+xkL._SL75_.jpg","Width":49}}},"ItemInfo":{"ByLineInfo":{"Contributors":[{"Locale":"es_ES","Name":"Grandes, Almudena","Role":"Autor","RoleType":"author"}],"Manufacturer":{"DisplayValue":"Tusquets Editores S.A.","Label":"Manufacturer","Locale":"es_ES"}},"Title":{"DisplayValue":"Pack Episodios de una guerra interminable: Inés y la alegría, El lector de Julio Verne, Las tres bodas de Manolita, Los pacientes del doctor García, La madre de Frankenstein","Label":"Title","Locale":"es_ES"}},"Offers":{"Summaries":[{"Condition":{"Value":"New"},"LowestPrice":{"Amount":33.24,"Currency":"EUR","DisplayAmount":"33,24 €"}}]}},{"ASIN":"841107109X","DetailPageURL":"https://www.amazon.es/dp/841107109X?tag=topinalambricos-21&linkCode=osi&th=1&psc=1","Images":{"Primary":{"Small":{"Height":68,"URL":"https://m.media-amazon.com/images/I/41oxGZctc0L._SL75_.jpg","Width":75}}},"ItemInfo":{"ByLineInfo":{"Brand":{"DisplayValue":"Tusquets Editores S.A.","Label":"Brand","Locale":"es_ES"},"Contributors":[{"Locale":"es_ES","Name":"Grandes, Almudena","Role":"Autor","RoleType":"author"}],"Manufacturer":{"DisplayValue":"Tusquets Editores S.A.","Label":"Manufacturer","Locale":"es_ES"}},"Title":{"DisplayValue":"Estuche Episodios de una Guerra Interminable: Inés y la alegría, El lector de Julio Verne, Las tres bodas de Manolita, Los pacientes del doctor García, La madre de Frankenstein (Andanzas)","Label":"Title","Locale":"es_ES"}},"Offers":{"Summaries":[{"Condition":{"Value":"New"},"LowestPrice":{"Amount":107.01,"Currency":"EUR","DisplayAmount":"107,01 €"}}]}},{"ASIN":"9056726099","DetailPageURL":"https://www.amazon.es/dp/9056726099?tag=topinalambricos-21&linkCode=osi&th=1&psc=1","Images":{"Primary":{"Small":{"Height":75,"URL":"https://m.media-amazon.com/images/I/51bISkcjLRL._SL75_.jpg","Width":48}}},"ItemInfo":{"ByLineInfo":{"Brand":{"DisplayValue":"Signatuur","Label":"Brand","Locale":"es_ES"},"Contributors":[{"Locale":"es_ES","Name":"Grandes, Almudena","Role":"Autor","RoleType":"author"},{"Locale":"es_ES","Name":"Buursma, Mia","Role":"Traductor","RoleType":"translator"},{"Locale":"es_ES","Name":"Degenaar, Rikkie","Role":"Traductor","RoleType":"translator"}],"Manufacturer":{"DisplayValue":"Signatuur","Label":"Manufacturer","Locale":"es_ES"}},"Title":{"DisplayValue":"De patiënten van dokter García","Label":"Title","Locale":"es_ES"}},"Offers":{"Summaries":[{"Condition":{"Value":"New"},"LowestPrice":{"Amount":29.57,"Currency":"EUR","DisplayAmount":"29,57 €"}}]}},{"ASIN":"8408258613","DetailPageURL":"https://www.amazon.es/dp/8408258613?tag=topinalambricos-21&linkCode=osi&th=1&psc=1","Images":{"Primary":{"Small":{"Height":75,"URL":"https://m.media-amazon.com/images/I/41KF-Uf51fL._SL75_.jpg","Width":48}}},"ItemInfo":{"ByLineInfo":{"Brand":{"DisplayValue":"Booket","Label":"Brand","Locale":"es_ES"},"Contributors":[{"Locale":"es_ES","Name":"García Sáenz de Urturi, Eva","Role":"Autor","RoleType":"author"}],"Manufacturer":{"DisplayValue":"Booket","Label":"Manufacturer","Locale":"es_ES"}},"Title":{"DisplayValue":"Aquitania: Premio Planeta 2020 (Novela)","Label":"Title","Locale":"es_ES"}},"Offers":{"Summaries":[{"Condition":{"Value":"Used"},"LowestPrice":{"Amount":8.96,"Currency":"EUR","DisplayAmount":"8,96 €"}},{"Condition":{"Value":"New"},"LowestPrice":{"Amount":9.3,"Currency":"EUR","DisplayAmount":"9,30 €"}}]}},{"ASIN":"8418945702","DetailPageURL":"https://www.amazon.es/dp/8418945702?tag=topinalambricos-21&linkCode=osi&th=1&psc=1","Images":{"Primary":{"Small":{"Height":75,"URL":"https://m.media-amazon.com/images/I/51SeyYCt3sL._SL75_.jpg","Width":50}}},"ItemInfo":{"ByLineInfo":{"Contributors":[{"Locale":"es_ES","Name":"Hazelwood, Ali","Role":"Autor","RoleType":"author"},{"Locale":"es_ES","Name":"Gilabert Giménez, Nerea","Role":"Traductor","RoleType":"translator"}],"Manufacturer":{"DisplayValue":"Contraluz Editorial","Label":"Manufacturer","Locale":"es_ES"}},"Title":{"DisplayValue":"La teoría del amor (Contraluz) Español","Label":"Title","Locale":"es_ES"}},"Offers":{"Summaries":[{"Condition":{"Value":"New"},"LowestPrice":{"Amount":18.0,"Currency":"EUR","DisplayAmount":"18,00 €"}}]}}],"SearchURL":"https://www.amazon.es/s?k=los+pacientes+del+doctor+garc%C3%ADa&rh=n%3A599364031%2Cp_n_availability%3A-1&tag=topinalambricos-21&linkCode=osi","TotalResultCount":41}},"55":{"SearchResult":{"Items":[{"ASIN":"8490667799","DetailPageURL":"https://www.amazon.es/dp/8490667799?tag=topinalambricos-21&linkCode=osi&th=1&psc=1","Images":{"Primary":{"Small":{"Height":75,"URL":"https://m.media-amazon.com/images/I/41f3xK0VZCL._SL75_.jpg","Width":49}}},"ItemInfo":{"ByLineInfo":{"Brand":{"DisplayValue":"Maxi-Tusquets","Label":"Brand","Locale":"es_ES"},"Contributors":[{"Locale":"es_ES","Name":"Grandes, Almudena","Role":"Autor","RoleType":"author"}],"Manufacturer":{"DisplayValue":"Planeta","Label":"Manufacturer","Locale":"es_ES"}},"Title":{"DisplayValue":"Los pacientes del doctor García (MAXI)","Label":"Title","Locale":"es_ES"}},"Offers":{"Summaries":[{"Condition":{"Value":"New"},"LowestPrice":{"Amount":12.3,"Currency":"EUR","DisplayAmount":"12,30 €"}},{"Condition":{"Value":"Used"},"LowestPrice":{"Amount":7.95,"Currency":"EUR","DisplayAmount":"7,95 €"}}]}},{"ASIN":"8411124819","DetailPageURL":"https://www.amazon.es/dp/8411124819?tag=topinalambricos-21&linkCode=osi&th=1&psc=1","Images":{"Primary":{"Small":{"Height":75,"URL":"https://m.media-amazon.com/images/I/51IMbTEgKtL._SL75_.jpg","Width":53}}},"ItemInfo":{"ByLineInfo":{"Brand":{"DisplayValue":"Planeta Cómic","Label":"Brand","Locale":"es_ES"},"Contributors":[{"Locale":"es_ES","Name":"Grandes, Almudena","Role":"Autor","RoleType":"author"},{"Locale":"es_ES","Name":"Stassi, Claudio","Role":"Autor","RoleType":"author"}],"Manufacturer":{"DisplayValue":"Planeta Cómic","Label":"Manufacturer","Locale":"es_ES"}},"Title":{"DisplayValue":"Los pacientes del doctor García (novela gráfica): Basado en la novela de Almudena Grandes","Label":"Title","Locale":"es_ES"}},"Offers":{"Summaries":[{"Condition":{"Value":"Used"},"LowestPrice":{"Amount":19.81,"Currency":"EUR","DisplayAmount":"19,81 €"}},{"Condition":{"Value":"New"},"LowestPrice":{"Amount":23.75,"Currency":"EUR","DisplayAmount":"23,75 €"}}]}},{"ASIN":"8490664498","DetailPageURL":"https://www.amazon.es/dp/8490664498?tag=topinalambricos-21&linkCode=osi&th=1&psc=1","Images":{"Primary":{"Small":{"Height":75,"URL":"https://m.media-amazon.com/images/I/514aL8HMIWL._SL75_.jpg","Width":50}}},"ItemInfo":{"ByLineInfo":{"Contributors":[{"Locale":"es_ES","Name":"Grandes, Almudena","Role":"Autor","RoleType":"author"}],"Manufacturer":{"DisplayValue":"Tusquets.","Label":"Manufacturer","Locale":"es_ES"}},"Title":{"DisplayValue":"Los pacientes del doctor García: el fin de la esperanza y la red de evasión de criminales de guerra y jerarcas nazis dirigida por Clara Stauffer, Madrid-Buenos Aires, 1945-1955","Label":"Title","Locale":"es_ES"}},"Offers":{"Summaries":[{"Condition":{"Value":"Used"},"LowestPrice":{"Amount":14.45,"Currency":"EUR","DisplayAmount":"14,45 €"}}]}},{"ASIN":"8490664463","DetailPageURL":"https://www.amazon.es/dp/8490664463?tag=topinalambricos-21&linkCode=osi&th=1&psc=1","Images":{"Primary":{"Small":{"Height":75,"URL":"https://m.media-amazon.com/images/I/51l3IX6ssyL._SL75_.jpg","Width":49}}},"ItemInfo":{"ByLineInfo":{"Brand":{"DisplayValue":"Tusquets Editores S.A.","Label":"Brand","Locale":"es_ES"},"Contributors":[{"Locale":"es_ES","Name":"Grandes, Almudena","Role":"Autor","RoleType":"author"}],"Manufacturer":{"DisplayValue":"Tusquets Editores S.A.","Label":"Manufacturer","Locale":"es_ES"}},"Title":{"DisplayValue":"Los pacientes del doctor García: Episodios de una Guerra Interminable: 4 (Andanzas)","Label":"Title","Locale":"es_ES"}},"Offers":{"Summaries":[{"Condition":{"Value":"New"},"LowestPrice":{"Amount":26.0,"Currency":"EUR","DisplayAmount":"26,00 €"}},{"Condition":{"Value":"Used"},"LowestPrice":{"Amount":21.62,"Currency":"EUR","DisplayAmount":"21,62 €"}}]}},{"ASIN":"2709662531","DetailPageURL":"https://www.amazon.es/dp/2709662531?tag=topinalambricos-21&linkCode=osi&th=1&psc=1","Images":{"Primary":{"Small":{"Height":75,"URL":"https://m.media-amazon.com/images/I/41ZVAQfPOcL._SL75_.jpg","Width":48}}},"ItemInfo":{"ByLineInfo":{"Brand":{"DisplayValue":"LATTES","Label":"Brand","Locale":"es_ES"},"Contributors":[{"Locale":"es_ES","Name":"Grandes, Almudena","Role":"Autor","RoleType":"author"}],"Manufacturer":{"DisplayValue":"JC Lattès","Label":"Manufacturer","Locale":"es_ES"}},"Title":{"DisplayValue":"Les patients du docteur Garcia (Littérature étrangère)","Label":"Title","Locale":"es_ES"}},"Offers":{"Summaries":[{"Condition":{"Value":"Used"},"LowestPrice":{"Amount":9.11,"Currency":"EUR","DisplayAmount":"9,11 €"}},{"Condition":{"Value":"New"},"LowestPrice":{"Amount":24.5,"Currency":"EUR","DisplayAmount":"24,50 €"}}]}},{"ASIN":"B09ZJ313QS","DetailPageURL":"https://www.amazon.es/dp/B09ZJ313QS?tag=topinalambricos-21&linkCode=osi&th=1&psc=1","Images":{"Primary":{"Small":{"Height":75,"URL":"https://m.media-amazon.com/images/I/51d665e+xkL._SL75_.jpg","Width":49}}},"ItemInfo":{"ByLineInfo":{"Contributors":[{"Locale":"es_ES","Name":"Grandes, Almudena","Role":"Autor","RoleType":"author"}],"Manufacturer":{"DisplayValue":"Tusquets Editores S.A.","Label":"Manufacturer","Locale":"es_ES"}},"Title":{"DisplayValue":"Pack Episodios de una guerra interminable: Inés y la alegría, El lector de Julio Verne, Las tres bodas de Manolita, Los pacientes del doctor García, La madre de Frankenstein","Label":"Title","Locale":"es_ES"}},"Offers":{"Summaries":[{"Condition":{"Value":"New"},"LowestPrice":{"Amount":33.24,"Currency":"EUR","DisplayAmount":"33,24 €"}}]}},{"ASIN":"841107109X","DetailPageURL":"https://www.amazon.es/dp/841107109X?tag=topinalambricos-21&linkCode=osi&th=1&psc=1","Images":{"Primary":{"Small":{"Height":68,"URL":"https://m.media-amazon.com/images/I/41oxGZctc0L._SL75_.jpg","Width":75}}},"ItemInfo":{"ByLineInfo":{"Brand":{"DisplayValue":"Tusquets Editores S.A.","Label":"Brand","Locale":"es_ES"},"Contributors":[{"Locale":"es_ES","Name":"Grandes, Almudena","Role":"Autor","RoleType":"author"}],"Manufacturer":{"DisplayValue":"Tusquets Editores S.A.","Label":"Manufacturer","Locale":"es_ES"}},"Title":{"DisplayValue":"Estuche Episodios de una Guerra Interminable: Inés y la alegría, El lector de Julio Verne, Las tres bodas de Manolita, Los pacientes del doctor García, La madre de Frankenstein (Andanzas)","Label":"Title","Locale":"es_ES"}},"Offers":{"Summaries":[{"Condition":{"Value":"New"},"LowestPrice":{"Amount":107.01,"Currency":"EUR","DisplayAmount":"107,01 €"}}]}},{"ASIN":"9056726099","DetailPageURL":"https://www.amazon.es/dp/9056726099?tag=topinalambricos-21&linkCode=osi&th=1&psc=1","Images":{"Primary":{"Small":{"Height":75,"URL":"https://m.media-amazon.com/images/I/51bISkcjLRL._SL75_.jpg","Width":48}}},"ItemInfo":{"ByLineInfo":{"Brand":{"DisplayValue":"Signatuur","Label":"Brand","Locale":"es_ES"},"Contributors":[{"Locale":"es_ES","Name":"Grandes, Almudena","Role":"Autor","RoleType":"author"},{"Locale":"es_ES","Name":"Buursma, Mia","Role":"Traductor","RoleType":"translator"},{"Locale":"es_ES","Name":"Degenaar, Rikkie","Role":"Traductor","RoleType":"translator"}],"Manufacturer":{"DisplayValue":"Signatuur","Label":"Manufacturer","Locale":"es_ES"}},"Title":{"DisplayValue":"De patiënten van dokter García","Label":"Title","Locale":"es_ES"}},"Offers":{"Summaries":[{"Condition":{"Value":"New"},"LowestPrice":{"Amount":29.57,"Currency":"EUR","DisplayAmount":"29,57 €"}}]}},{"ASIN":"8408258613","DetailPageURL":"https://www.amazon.es/dp/8408258613?tag=topinalambricos-21&linkCode=osi&th=1&psc=1","Images":{"Primary":{"Small":{"Height":75,"URL":"https://m.media-amazon.com/images/I/41KF-Uf51fL._SL75_.jpg","Width":48}}},"ItemInfo":{"ByLineInfo":{"Brand":{"DisplayValue":"Booket","Label":"Brand","Locale":"es_ES"},"Contributors":[{"Locale":"es_ES","Name":"García Sáenz de Urturi, Eva","Role":"Autor","RoleType":"author"}],"Manufacturer":{"DisplayValue":"Booket","Label":"Manufacturer","Locale":"es_ES"}},"Title":{"DisplayValue":"Aquitania: Premio Planeta 2020 (Novela)","Label":"Title","Locale":"es_ES"}},"Offers":{"Summaries":[{"Condition":{"Value":"Used"},"LowestPrice":{"Amount":8.96,"Currency":"EUR","DisplayAmount":"8,96 €"}},{"Condition":{"Value":"New"},"LowestPrice":{"Amount":9.3,"Currency":"EUR","DisplayAmount":"9,30 €"}}]}},{"ASIN":"8418945702","DetailPageURL":"https://www.amazon.es/dp/8418945702?tag=topinalambricos-21&linkCode=osi&th=1&psc=1","Images":{"Primary":{"Small":{"Height":75,"URL":"https://m.media-amazon.com/images/I/51SeyYCt3sL._SL75_.jpg","Width":50}}},"ItemInfo":{"ByLineInfo":{"Contributors":[{"Locale":"es_ES","Name":"Hazelwood, Ali","Role":"Autor","RoleType":"author"},{"Locale":"es_ES","Name":"Gilabert Giménez, Nerea","Role":"Traductor","RoleType":"translator"}],"Manufacturer":{"DisplayValue":"Contraluz Editorial","Label":"Manufacturer","Locale":"es_ES"}},"Title":{"DisplayValue":"La teoría del amor (Contraluz) Español","Label":"Title","Locale":"es_ES"}},"Offers":{"Summaries":[{"Condition":{"Value":"New"},"LowestPrice":{"Amount":18.0,"Currency":"EUR","DisplayAmount":"18,00 €"}}]}}],"SearchURL":"https://www.amazon.es/s?k=los+pacientes+del+doctor+garc%C3%ADa&rh=n%3A599364031%2Cp_n_availability%3A-1&tag=topinalambricos-21&linkCode=osi","TotalResultCount":41}},"56":{"SearchResult":{"Items":[{"ASIN":"8490667799","DetailPageURL":"https://www.amazon.es/dp/8490667799?tag=topinalambricos-21&linkCode=osi&th=1&psc=1","Images":{"Primary":{"Small":{"Height":75,"URL":"https://m.media-amazon.com/images/I/41f3xK0VZCL._SL75_.jpg","Width":49}}},"ItemInfo":{"ByLineInfo":{"Brand":{"DisplayValue":"Maxi-Tusquets","Label":"Brand","Locale":"es_ES"},"Contributors":[{"Locale":"es_ES","Name":"Grandes, Almudena","Role":"Autor","RoleType":"author"}],"Manufacturer":{"DisplayValue":"Planeta","Label":"Manufacturer","Locale":"es_ES"}},"Title":{"DisplayValue":"Los pacientes del doctor García (MAXI)","Label":"Title","Locale":"es_ES"}},"Offers":{"Summaries":[{"Condition":{"Value":"New"},"LowestPrice":{"Amount":12.3,"Currency":"EUR","DisplayAmount":"12,30 €"}},{"Condition":{"Value":"Used"},"LowestPrice":{"Amount":7.95,"Currency":"EUR","DisplayAmount":"7,95 €"}}]}},{"ASIN":"8411124819","DetailPageURL":"https://www.amazon.es/dp/8411124819?tag=topinalambricos-21&linkCode=osi&th=1&psc=1","Images":{"Primary":{"Small":{"Height":75,"URL":"https://m.media-amazon.com/images/I/51IMbTEgKtL._SL75_.jpg","Width":53}}},"ItemInfo":{"ByLineInfo":{"Brand":{"DisplayValue":"Planeta Cómic","Label":"Brand","Locale":"es_ES"},"Contributors":[{"Locale":"es_ES","Name":"Grandes, Almudena","Role":"Autor","RoleType":"author"},{"Locale":"es_ES","Name":"Stassi, Claudio","Role":"Autor","RoleType":"author"}],"Manufacturer":{"DisplayValue":"Planeta Cómic","Label":"Manufacturer","Locale":"es_ES"}},"Title":{"DisplayValue":"Los pacientes del doctor García (novela gráfica): Basado en la novela de Almudena Grandes","Label":"Title","Locale":"es_ES"}},"Offers":{"Summaries":[{"Condition":{"Value":"Used"},"LowestPrice":{"Amount":19.81,"Currency":"EUR","DisplayAmount":"19,81 €"}},{"Condition":{"Value":"New"},"LowestPrice":{"Amount":23.75,"Currency":"EUR","DisplayAmount":"23,75 €"}}]}},{"ASIN":"8490664498","DetailPageURL":"https://www.amazon.es/dp/8490664498?tag=topinalambricos-21&linkCode=osi&th=1&psc=1","Images":{"Primary":{"Small":{"Height":75,"URL":"https://m.media-amazon.com/images/I/514aL8HMIWL._SL75_.jpg","Width":50}}},"ItemInfo":{"ByLineInfo":{"Contributors":[{"Locale":"es_ES","Name":"Grandes, Almudena","Role":"Autor","RoleType":"author"}],"Manufacturer":{"DisplayValue":"Tusquets.","Label":"Manufacturer","Locale":"es_ES"}},"Title":{"DisplayValue":"Los pacientes del doctor García: el fin de la esperanza y la red de evasión de criminales de guerra y jerarcas nazis dirigida por Clara Stauffer, Madrid-Buenos Aires, 1945-1955","Label":"Title","Locale":"es_ES"}},"Offers":{"Summaries":[{"Condition":{"Value":"Used"},"LowestPrice":{"Amount":14.45,"Currency":"EUR","DisplayAmount":"14,45 €"}}]}},{"ASIN":"8490664463","DetailPageURL":"https://www.amazon.es/dp/8490664463?tag=topinalambricos-21&linkCode=osi&th=1&psc=1","Images":{"Primary":{"Small":{"Height":75,"URL":"https://m.media-amazon.com/images/I/51l3IX6ssyL._SL75_.jpg","Width":49}}},"ItemInfo":{"ByLineInfo":{"Brand":{"DisplayValue":"Tusquets Editores S.A.","Label":"Brand","Locale":"es_ES"},"Contributors":[{"Locale":"es_ES","Name":"Grandes, Almudena","Role":"Autor","RoleType":"author"}],"Manufacturer":{"DisplayValue":"Tusquets Editores S.A.","Label":"Manufacturer","Locale":"es_ES"}},"Title":{"DisplayValue":"Los pacientes del doctor García: Episodios de una Guerra Interminable: 4 (Andanzas)","Label":"Title","Locale":"es_ES"}},"Offers":{"Summaries":[{"Condition":{"Value":"New"},"LowestPrice":{"Amount":26.0,"Currency":"EUR","DisplayAmount":"26,00 €"}},{"Condition":{"Value":"Used"},"LowestPrice":{"Amount":21.62,"Currency":"EUR","DisplayAmount":"21,62 €"}}]}},{"ASIN":"2709662531","DetailPageURL":"https://www.amazon.es/dp/2709662531?tag=topinalambricos-21&linkCode=osi&th=1&psc=1","Images":{"Primary":{"Small":{"Height":75,"URL":"https://m.media-amazon.com/images/I/41ZVAQfPOcL._SL75_.jpg","Width":48}}},"ItemInfo":{"ByLineInfo":{"Brand":{"DisplayValue":"LATTES","Label":"Brand","Locale":"es_ES"},"Contributors":[{"Locale":"es_ES","Name":"Grandes, Almudena","Role":"Autor","RoleType":"author"}],"Manufacturer":{"DisplayValue":"JC Lattès","Label":"Manufacturer","Locale":"es_ES"}},"Title":{"DisplayValue":"Les patients du docteur Garcia (Littérature étrangère)","Label":"Title","Locale":"es_ES"}},"Offers":{"Summaries":[{"Condition":{"Value":"Used"},"LowestPrice":{"Amount":9.11,"Currency":"EUR","DisplayAmount":"9,11 €"}},{"Condition":{"Value":"New"},"LowestPrice":{"Amount":24.5,"Currency":"EUR","DisplayAmount":"24,50 €"}}]}},{"ASIN":"B09ZJ313QS","DetailPageURL":"https://www.amazon.es/dp/B09ZJ313QS?tag=topinalambricos-21&linkCode=osi&th=1&psc=1","Images":{"Primary":{"Small":{"Height":75,"URL":"https://m.media-amazon.com/images/I/51d665e+xkL._SL75_.jpg","Width":49}}},"ItemInfo":{"ByLineInfo":{"Contributors":[{"Locale":"es_ES","Name":"Grandes, Almudena","Role":"Autor","RoleType":"author"}],"Manufacturer":{"DisplayValue":"Tusquets Editores S.A.","Label":"Manufacturer","Locale":"es_ES"}},"Title":{"DisplayValue":"Pack Episodios de una guerra interminable: Inés y la alegría, El lector de Julio Verne, Las tres bodas de Manolita, Los pacientes del doctor García, La madre de Frankenstein","Label":"Title","Locale":"es_ES"}},"Offers":{"Summaries":[{"Condition":{"Value":"New"},"LowestPrice":{"Amount":33.24,"Currency":"EUR","DisplayAmount":"33,24 €"}}]}},{"ASIN":"841107109X","DetailPageURL":"https://www.amazon.es/dp/841107109X?tag=topinalambricos-21&linkCode=osi&th=1&psc=1","Images":{"Primary":{"Small":{"Height":68,"URL":"https://m.media-amazon.com/images/I/41oxGZctc0L._SL75_.jpg","Width":75}}},"ItemInfo":{"ByLineInfo":{"Brand":{"DisplayValue":"Tusquets Editores S.A.","Label":"Brand","Locale":"es_ES"},"Contributors":[{"Locale":"es_ES","Name":"Grandes, Almudena","Role":"Autor","RoleType":"author"}],"Manufacturer":{"DisplayValue":"Tusquets Editores S.A.","Label":"Manufacturer","Locale":"es_ES"}},"Title":{"DisplayValue":"Estuche Episodios de una Guerra Interminable: Inés y la alegría, El lector de Julio Verne, Las tres bodas de Manolita, Los pacientes del doctor García, La madre de Frankenstein (Andanzas)","Label":"Title","Locale":"es_ES"}},"Offers":{"Summaries":[{"Condition":{"Value":"New"},"LowestPrice":{"Amount":107.01,"Currency":"EUR","DisplayAmount":"107,01 €"}}]}},{"ASIN":"9056726099","DetailPageURL":"https://www.amazon.es/dp/9056726099?tag=topinalambricos-21&linkCode=osi&th=1&psc=1","Images":{"Primary":{"Small":{"Height":75,"URL":"https://m.media-amazon.com/images/I/51bISkcjLRL._SL75_.jpg","Width":48}}},"ItemInfo":{"ByLineInfo":{"Brand":{"DisplayValue":"Signatuur","Label":"Brand","Locale":"es_ES"},"Contributors":[{"Locale":"es_ES","Name":"Grandes, Almudena","Role":"Autor","RoleType":"author"},{"Locale":"es_ES","Name":"Buursma, Mia","Role":"Traductor","RoleType":"translator"},{"Locale":"es_ES","Name":"Degenaar, Rikkie","Role":"Traductor","RoleType":"translator"}],"Manufacturer":{"DisplayValue":"Signatuur","Label":"Manufacturer","Locale":"es_ES"}},"Title":{"DisplayValue":"De patiënten van dokter García","Label":"Title","Locale":"es_ES"}},"Offers":{"Summaries":[{"Condition":{"Value":"New"},"LowestPrice":{"Amount":29.57,"Currency":"EUR","DisplayAmount":"29,57 €"}}]}},{"ASIN":"8408258613","DetailPageURL":"https://www.amazon.es/dp/8408258613?tag=topinalambricos-21&linkCode=osi&th=1&psc=1","Images":{"Primary":{"Small":{"Height":75,"URL":"https://m.media-amazon.com/images/I/41KF-Uf51fL._SL75_.jpg","Width":48}}},"ItemInfo":{"ByLineInfo":{"Brand":{"DisplayValue":"Booket","Label":"Brand","Locale":"es_ES"},"Contributors":[{"Locale":"es_ES","Name":"García Sáenz de Urturi, Eva","Role":"Autor","RoleType":"author"}],"Manufacturer":{"DisplayValue":"Booket","Label":"Manufacturer","Locale":"es_ES"}},"Title":{"DisplayValue":"Aquitania: Premio Planeta 2020 (Novela)","Label":"Title","Locale":"es_ES"}},"Offers":{"Summaries":[{"Condition":{"Value":"Used"},"LowestPrice":{"Amount":8.96,"Currency":"EUR","DisplayAmount":"8,96 €"}},{"Condition":{"Value":"New"},"LowestPrice":{"Amount":9.3,"Currency":"EUR","DisplayAmount":"9,30 €"}}]}},{"ASIN":"8418945702","DetailPageURL":"https://www.amazon.es/dp/8418945702?tag=topinalambricos-21&linkCode=osi&th=1&psc=1","Images":{"Primary":{"Small":{"Height":75,"URL":"https://m.media-amazon.com/images/I/51SeyYCt3sL._SL75_.jpg","Width":50}}},"ItemInfo":{"ByLineInfo":{"Contributors":[{"Locale":"es_ES","Name":"Hazelwood, Ali","Role":"Autor","RoleType":"author"},{"Locale":"es_ES","Name":"Gilabert Giménez, Nerea","Role":"Traductor","RoleType":"translator"}],"Manufacturer":{"DisplayValue":"Contraluz Editorial","Label":"Manufacturer","Locale":"es_ES"}},"Title":{"DisplayValue":"La teoría del amor (Contraluz) Español","Label":"Title","Locale":"es_ES"}},"Offers":{"Summaries":[{"Condition":{"Value":"New"},"LowestPrice":{"Amount":18.0,"Currency":"EUR","DisplayAmount":"18,00 €"}}]}}],"SearchURL":"https://www.amazon.es/s?k=los+pacientes+del+doctor+garc%C3%ADa&rh=n%3A599364031%2Cp_n_availability%3A-1&tag=topinalambricos-21&linkCode=osi","TotalResultCount":41}},"57":{"SearchResult":{"Items":[{"ASIN":"8490667799","DetailPageURL":"https://www.amazon.es/dp/8490667799?tag=topinalambricos-21&linkCode=osi&th=1&psc=1","Images":{"Primary":{"Small":{"Height":75,"URL":"https://m.media-amazon.com/images/I/41f3xK0VZCL._SL75_.jpg","Width":49}}},"ItemInfo":{"ByLineInfo":{"Brand":{"DisplayValue":"Maxi-Tusquets","Label":"Brand","Locale":"es_ES"},"Contributors":[{"Locale":"es_ES","Name":"Grandes, Almudena","Role":"Autor","RoleType":"author"}],"Manufacturer":{"DisplayValue":"Planeta","Label":"Manufacturer","Locale":"es_ES"}},"Title":{"DisplayValue":"Los pacientes del doctor García (MAXI)","Label":"Title","Locale":"es_ES"}},"Offers":{"Summaries":[{"Condition":{"Value":"New"},"LowestPrice":{"Amount":12.3,"Currency":"EUR","DisplayAmount":"12,30 €"}},{"Condition":{"Value":"Used"},"LowestPrice":{"Amount":7.95,"Currency":"EUR","DisplayAmount":"7,95 €"}}]}},{"ASIN":"8411124819","DetailPageURL":"https://www.amazon.es/dp/8411124819?tag=topinalambricos-21&linkCode=osi&th=1&psc=1","Images":{"Primary":{"Small":{"Height":75,"URL":"https://m.media-amazon.com/images/I/51IMbTEgKtL._SL75_.jpg","Width":53}}},"ItemInfo":{"ByLineInfo":{"Brand":{"DisplayValue":"Planeta Cómic","Label":"Brand","Locale":"es_ES"},"Contributors":[{"Locale":"es_ES","Name":"Grandes, Almudena","Role":"Autor","RoleType":"author"},{"Locale":"es_ES","Name":"Stassi, Claudio","Role":"Autor","RoleType":"author"}],"Manufacturer":{"DisplayValue":"Planeta Cómic","Label":"Manufacturer","Locale":"es_ES"}},"Title":{"DisplayValue":"Los pacientes del doctor García (novela gráfica): Basado en la novela de Almudena Grandes","Label":"Title","Locale":"es_ES"}},"Offers":{"Summaries":[{"Condition":{"Value":"Used"},"LowestPrice":{"Amount":19.81,"Currency":"EUR","DisplayAmount":"19,81 €"}},{"Condition":{"Value":"New"},"LowestPrice":{"Amount":23.75,"Currency":"EUR","DisplayAmount":"23,75 €"}}]}},{"ASIN":"8490664498","DetailPageURL":"https://www.amazon.es/dp/8490664498?tag=topinalambricos-21&linkCode=osi&th=1&psc=1","Images":{"Primary":{"Small":{"Height":75,"URL":"https://m.media-amazon.com/images/I/514aL8HMIWL._SL75_.jpg","Width":50}}},"ItemInfo":{"ByLineInfo":{"Contributors":[{"Locale":"es_ES","Name":"Grandes, Almudena","Role":"Autor","RoleType":"author"}],"Manufacturer":{"DisplayValue":"Tusquets.","Label":"Manufacturer","Locale":"es_ES"}},"Title":{"DisplayValue":"Los pacientes del doctor García: el fin de la esperanza y la red de evasión de criminales de guerra y jerarcas nazis dirigida por Clara Stauffer, Madrid-Buenos Aires, 1945-1955","Label":"Title","Locale":"es_ES"}},"Offers":{"Summaries":[{"Condition":{"Value":"Used"},"LowestPrice":{"Amount":14.45,"Currency":"EUR","DisplayAmount":"14,45 €"}}]}},{"ASIN":"8490664463","DetailPageURL":"https://www.amazon.es/dp/8490664463?tag=topinalambricos-21&linkCode=osi&th=1&psc=1","Images":{"Primary":{"Small":{"Height":75,"URL":"https://m.media-amazon.com/images/I/51l3IX6ssyL._SL75_.jpg","Width":49}}},"ItemInfo":{"ByLineInfo":{"Brand":{"DisplayValue":"Tusquets Editores S.A.","Label":"Brand","Locale":"es_ES"},"Contributors":[{"Locale":"es_ES","Name":"Grandes, Almudena","Role":"Autor","RoleType":"author"}],"Manufacturer":{"DisplayValue":"Tusquets Editores S.A.","Label":"Manufacturer","Locale":"es_ES"}},"Title":{"DisplayValue":"Los pacientes del doctor García: Episodios de una Guerra Interminable: 4 (Andanzas)","Label":"Title","Locale":"es_ES"}},"Offers":{"Summaries":[{"Condition":{"Value":"New"},"LowestPrice":{"Amount":26.0,"Currency":"EUR","DisplayAmount":"26,00 €"}},{"Condition":{"Value":"Used"},"LowestPrice":{"Amount":21.62,"Currency":"EUR","DisplayAmount":"21,62 €"}}]}},{"ASIN":"2709662531","DetailPageURL":"https://www.amazon.es/dp/2709662531?tag=topinalambricos-21&linkCode=osi&th=1&psc=1","Images":{"Primary":{"Small":{"Height":75,"URL":"https://m.media-amazon.com/images/I/41ZVAQfPOcL._SL75_.jpg","Width":48}}},"ItemInfo":{"ByLineInfo":{"Brand":{"DisplayValue":"LATTES","Label":"Brand","Locale":"es_ES"},"Contributors":[{"Locale":"es_ES","Name":"Grandes, Almudena","Role":"Autor","RoleType":"author"}],"Manufacturer":{"DisplayValue":"JC Lattès","Label":"Manufacturer","Locale":"es_ES"}},"Title":{"DisplayValue":"Les patients du docteur Garcia (Littérature étrangère)","Label":"Title","Locale":"es_ES"}},"Offers":{"Summaries":[{"Condition":{"Value":"Used"},"LowestPrice":{"Amount":9.11,"Currency":"EUR","DisplayAmount":"9,11 €"}},{"Condition":{"Value":"New"},"LowestPrice":{"Amount":24.5,"Currency":"EUR","DisplayAmount":"24,50 €"}}]}},{"ASIN":"B09ZJ313QS","DetailPageURL":"https://www.amazon.es/dp/B09ZJ313QS?tag=topinalambricos-21&linkCode=osi&th=1&psc=1","Images":{"Primary":{"Small":{"Height":75,"URL":"https://m.media-amazon.com/images/I/51d665e+xkL._SL75_.jpg","Width":49}}},"ItemInfo":{"ByLineInfo":{"Contributors":[{"Locale":"es_ES","Name":"Grandes, Almudena","Role":"Autor","RoleType":"author"}],"Manufacturer":{"DisplayValue":"Tusquets Editores S.A.","Label":"Manufacturer","Locale":"es_ES"}},"Title":{"DisplayValue":"Pack Episodios de una guerra interminable: Inés y la alegría, El lector de Julio Verne, Las tres bodas de Manolita, Los pacientes del doctor García, La madre de Frankenstein","Label":"Title","Locale":"es_ES"}},"Offers":{"Summaries":[{"Condition":{"Value":"New"},"LowestPrice":{"Amount":33.24,"Currency":"EUR","DisplayAmount":"33,24 €"}}]}},{"ASIN":"841107109X","DetailPageURL":"https://www.amazon.es/dp/841107109X?tag=topinalambricos-21&linkCode=osi&th=1&psc=1","Images":{"Primary":{"Small":{"Height":68,"URL":"https://m.media-amazon.com/images/I/41oxGZctc0L._SL75_.jpg","Width":75}}},"ItemInfo":{"ByLineInfo":{"Brand":{"DisplayValue":"Tusquets Editores S.A.","Label":"Brand","Locale":"es_ES"},"Contributors":[{"Locale":"es_ES","Name":"Grandes, Almudena","Role":"Autor","RoleType":"author"}],"Manufacturer":{"DisplayValue":"Tusquets Editores S.A.","Label":"Manufacturer","Locale":"es_ES"}},"Title":{"DisplayValue":"Estuche Episodios de una Guerra Interminable: Inés y la alegría, El lector de Julio Verne, Las tres bodas de Manolita, Los pacientes del doctor García, La madre de Frankenstein (Andanzas)","Label":"Title","Locale":"es_ES"}},"Offers":{"Summaries":[{"Condition":{"Value":"New"},"LowestPrice":{"Amount":107.01,"Currency":"EUR","DisplayAmount":"107,01 €"}}]}},{"ASIN":"9056726099","DetailPageURL":"https://www.amazon.es/dp/9056726099?tag=topinalambricos-21&linkCode=osi&th=1&psc=1","Images":{"Primary":{"Small":{"Height":75,"URL":"https://m.media-amazon.com/images/I/51bISkcjLRL._SL75_.jpg","Width":48}}},"ItemInfo":{"ByLineInfo":{"Brand":{"DisplayValue":"Signatuur","Label":"Brand","Locale":"es_ES"},"Contributors":[{"Locale":"es_ES","Name":"Grandes, Almudena","Role":"Autor","RoleType":"author"},{"Locale":"es_ES","Name":"Buursma, Mia","Role":"Traductor","RoleType":"translator"},{"Locale":"es_ES","Name":"Degenaar, Rikkie","Role":"Traductor","RoleType":"translator"}],"Manufacturer":{"DisplayValue":"Signatuur","Label":"Manufacturer","Locale":"es_ES"}},"Title":{"DisplayValue":"De patiënten van dokter García","Label":"Title","Locale":"es_ES"}},"Offers":{"Summaries":[{"Condition":{"Value":"New"},"LowestPrice":{"Amount":29.57,"Currency":"EUR","DisplayAmount":"29,57 €"}}]}},{"ASIN":"8408258613","DetailPageURL":"https://www.amazon.es/dp/8408258613?tag=topinalambricos-21&linkCode=osi&th=1&psc=1","Images":{"Primary":{"Small":{"Height":75,"URL":"https://m.media-amazon.com/images/I/41KF-Uf51fL._SL75_.jpg","Width":48}}},"ItemInfo":{"ByLineInfo":{"Brand":{"DisplayValue":"Booket","Label":"Brand","Locale":"es_ES"},"Contributors":[{"Locale":"es_ES","Name":"García Sáenz de Urturi, Eva","Role":"Autor","RoleType":"author"}],"Manufacturer":{"DisplayValue":"Booket","Label":"Manufacturer","Locale":"es_ES"}},"Title":{"DisplayValue":"Aquitania: Premio Planeta 2020 (Novela)","Label":"Title","Locale":"es_ES"}},"Offers":{"Summaries":[{"Condition":{"Value":"Used"},"LowestPrice":{"Amount":8.96,"Currency":"EUR","DisplayAmount":"8,96 €"}},{"Condition":{"Value":"New"},"LowestPrice":{"Amount":9.3,"Currency":"EUR","DisplayAmount":"9,30 €"}}]}},{"ASIN":"8418945702","DetailPageURL":"https://www.amazon.es/dp/8418945702?tag=topinalambricos-21&linkCode=osi&th=1&psc=1","Images":{"Primary":{"Small":{"Height":75,"URL":"https://m.media-amazon.com/images/I/51SeyYCt3sL._SL75_.jpg","Width":50}}},"ItemInfo":{"ByLineInfo":{"Contributors":[{"Locale":"es_ES","Name":"Hazelwood, Ali","Role":"Autor","RoleType":"author"},{"Locale":"es_ES","Name":"Gilabert Giménez, Nerea","Role":"Traductor","RoleType":"translator"}],"Manufacturer":{"DisplayValue":"Contraluz Editorial","Label":"Manufacturer","Locale":"es_ES"}},"Title":{"DisplayValue":"La teoría del amor (Contraluz) Español","Label":"Title","Locale":"es_ES"}},"Offers":{"Summaries":[{"Condition":{"Value":"New"},"LowestPrice":{"Amount":18.0,"Currency":"EUR","DisplayAmount":"18,00 €"}}]}}],"SearchURL":"https://www.amazon.es/s?k=los+pacientes+del+doctor+garc%C3%ADa&rh=n%3A599364031%2Cp_n_availability%3A-1&tag=topinalambricos-21&linkCode=osi","TotalResultCount":41}},"58":{"SearchResult":{"Items":[{"ASIN":"8490667799","DetailPageURL":"https://www.amazon.es/dp/8490667799?tag=topinalambricos-21&linkCode=osi&th=1&psc=1","Images":{"Primary":{"Small":{"Height":75,"URL":"https://m.media-amazon.com/images/I/41f3xK0VZCL._SL75_.jpg","Width":49}}},"ItemInfo":{"ByLineInfo":{"Brand":{"DisplayValue":"Maxi-Tusquets","Label":"Brand","Locale":"es_ES"},"Contributors":[{"Locale":"es_ES","Name":"Grandes, Almudena","Role":"Autor","RoleType":"author"}],"Manufacturer":{"DisplayValue":"Planeta","Label":"Manufacturer","Locale":"es_ES"}},"Title":{"DisplayValue":"Los pacientes del doctor García (MAXI)","Label":"Title","Locale":"es_ES"}},"Offers":{"Summaries":[{"Condition":{"Value":"New"},"LowestPrice":{"Amount":12.3,"Currency":"EUR","DisplayAmount":"12,30 €"}},{"Condition":{"Value":"Used"},"LowestPrice":{"Amount":7.95,"Currency":"EUR","DisplayAmount":"7,95 €"}}]}},{"ASIN":"8411124819","DetailPageURL":"https://www.amazon.es/dp/8411124819?tag=topinalambricos-21&linkCode=osi&th=1&psc=1","Images":{"Primary":{"Small":{"Height":75,"URL":"https://m.media-amazon.com/images/I/51IMbTEgKtL._SL75_.jpg","Width":53}}},"ItemInfo":{"ByLineInfo":{"Brand":{"DisplayValue":"Planeta Cómic","Label":"Brand","Locale":"es_ES"},"Contributors":[{"Locale":"es_ES","Name":"Grandes, Almudena","Role":"Autor","RoleType":"author"},{"Locale":"es_ES","Name":"Stassi, Claudio","Role":"Autor","RoleType":"author"}],"Manufacturer":{"DisplayValue":"Planeta Cómic","Label":"Manufacturer","Locale":"es_ES"}},"Title":{"DisplayValue":"Los pacientes del doctor García (novela gráfica): Basado en la novela de Almudena Grandes","Label":"Title","Locale":"es_ES"}},"Offers":{"Summaries":[{"Condition":{"Value":"Used"},"LowestPrice":{"Amount":19.81,"Currency":"EUR","DisplayAmount":"19,81 €"}},{"Condition":{"Value":"New"},"LowestPrice":{"Amount":23.75,"Currency":"EUR","DisplayAmount":"23,75 €"}}]}},{"ASIN":"8490664498","DetailPageURL":"https://www.amazon.es/dp/8490664498?tag=topinalambricos-21&linkCode=osi&th=1&psc=1","Images":{"Primary":{"Small":{"Height":75,"URL":"https://m.media-amazon.com/images/I/514aL8HMIWL._SL75_.jpg","Width":50}}},"ItemInfo":{"ByLineInfo":{"Contributors":[{"Locale":"es_ES","Name":"Grandes, Almudena","Role":"Autor","RoleType":"author"}],"Manufacturer":{"DisplayValue":"Tusquets.","Label":"Manufacturer","Locale":"es_ES"}},"Title":{"DisplayValue":"Los pacientes del doctor García: el fin de la esperanza y la red de evasión de criminales de guerra y jerarcas nazis dirigida por Clara Stauffer, Madrid-Buenos Aires, 1945-1955","Label":"Title","Locale":"es_ES"}},"Offers":{"Summaries":[{"Condition":{"Value":"Used"},"LowestPrice":{"Amount":14.45,"Currency":"EUR","DisplayAmount":"14,45 €"}}]}},{"ASIN":"8490664463","DetailPageURL":"https://www.amazon.es/dp/8490664463?tag=topinalambricos-21&linkCode=osi&th=1&psc=1","Images":{"Primary":{"Small":{"Height":75,"URL":"https://m.media-amazon.com/images/I/51l3IX6ssyL._SL75_.jpg","Width":49}}},"ItemInfo":{"ByLineInfo":{"Brand":{"DisplayValue":"Tusquets Editores S.A.","Label":"Brand","Locale":"es_ES"},"Contributors":[{"Locale":"es_ES","Name":"Grandes, Almudena","Role":"Autor","RoleType":"author"}],"Manufacturer":{"DisplayValue":"Tusquets Editores S.A.","Label":"Manufacturer","Locale":"es_ES"}},"Title":{"DisplayValue":"Los pacientes del doctor García: Episodios de una Guerra Interminable: 4 (Andanzas)","Label":"Title","Locale":"es_ES"}},"Offers":{"Summaries":[{"Condition":{"Value":"New"},"LowestPrice":{"Amount":26.0,"Currency":"EUR","DisplayAmount":"26,00 €"}},{"Condition":{"Value":"Used"},"LowestPrice":{"Amount":21.62,"Currency":"EUR","DisplayAmount":"21,62 €"}}]}},{"ASIN":"2709662531","DetailPageURL":"https://www.amazon.es/dp/2709662531?tag=topinalambricos-21&linkCode=osi&th=1&psc=1","Images":{"Primary":{"Small":{"Height":75,"URL":"https://m.media-amazon.com/images/I/41ZVAQfPOcL._SL75_.jpg","Width":48}}},"ItemInfo":{"ByLineInfo":{"Brand":{"DisplayValue":"LATTES","Label":"Brand","Locale":"es_ES"},"Contributors":[{"Locale":"es_ES","Name":"Grandes, Almudena","Role":"Autor","RoleType":"author"}],"Manufacturer":{"DisplayValue":"JC Lattès","Label":"Manufacturer","Locale":"es_ES"}},"Title":{"DisplayValue":"Les patients du docteur Garcia (Littérature étrangère)","Label":"Title","Locale":"es_ES"}},"Offers":{"Summaries":[{"Condition":{"Value":"Used"},"LowestPrice":{"Amount":9.11,"Currency":"EUR","DisplayAmount":"9,11 €"}},{"Condition":{"Value":"New"},"LowestPrice":{"Amount":24.5,"Currency":"EUR","DisplayAmount":"24,50 €"}}]}},{"ASIN":"B09ZJ313QS","DetailPageURL":"https://www.amazon.es/dp/B09ZJ313QS?tag=topinalambricos-21&linkCode=osi&th=1&psc=1","Images":{"Primary":{"Small":{"Height":75,"URL":"https://m.media-amazon.com/images/I/51d665e+xkL._SL75_.jpg","Width":49}}},"ItemInfo":{"ByLineInfo":{"Contributors":[{"Locale":"es_ES","Name":"Grandes, Almudena","Role":"Autor","RoleType":"author"}],"Manufacturer":{"DisplayValue":"Tusquets Editores S.A.","Label":"Manufacturer","Locale":"es_ES"}},"Title":{"DisplayValue":"Pack Episodios de una guerra interminable: Inés y la alegría, El lector de Julio Verne, Las tres bodas de Manolita, Los pacientes del doctor García, La madre de Frankenstein","Label":"Title","Locale":"es_ES"}},"Offers":{"Summaries":[{"Condition":{"Value":"New"},"LowestPrice":{"Amount":33.24,"Currency":"EUR","DisplayAmount":"33,24 €"}}]}},{"ASIN":"841107109X","DetailPageURL":"https://www.amazon.es/dp/841107109X?tag=topinalambricos-21&linkCode=osi&th=1&psc=1","Images":{"Primary":{"Small":{"Height":68,"URL":"https://m.media-amazon.com/images/I/41oxGZctc0L._SL75_.jpg","Width":75}}},"ItemInfo":{"ByLineInfo":{"Brand":{"DisplayValue":"Tusquets Editores S.A.","Label":"Brand","Locale":"es_ES"},"Contributors":[{"Locale":"es_ES","Name":"Grandes, Almudena","Role":"Autor","RoleType":"author"}],"Manufacturer":{"DisplayValue":"Tusquets Editores S.A.","Label":"Manufacturer","Locale":"es_ES"}},"Title":{"DisplayValue":"Estuche Episodios de una Guerra Interminable: Inés y la alegría, El lector de Julio Verne, Las tres bodas de Manolita, Los pacientes del doctor García, La madre de Frankenstein (Andanzas)","Label":"Title","Locale":"es_ES"}},"Offers":{"Summaries":[{"Condition":{"Value":"New"},"LowestPrice":{"Amount":107.01,"Currency":"EUR","DisplayAmount":"107,01 €"}}]}},{"ASIN":"9056726099","DetailPageURL":"https://www.amazon.es/dp/9056726099?tag=topinalambricos-21&linkCode=osi&th=1&psc=1","Images":{"Primary":{"Small":{"Height":75,"URL":"https://m.media-amazon.com/images/I/51bISkcjLRL._SL75_.jpg","Width":48}}},"ItemInfo":{"ByLineInfo":{"Brand":{"DisplayValue":"Signatuur","Label":"Brand","Locale":"es_ES"},"Contributors":[{"Locale":"es_ES","Name":"Grandes, Almudena","Role":"Autor","RoleType":"author"},{"Locale":"es_ES","Name":"Buursma, Mia","Role":"Traductor","RoleType":"translator"},{"Locale":"es_ES","Name":"Degenaar, Rikkie","Role":"Traductor","RoleType":"translator"}],"Manufacturer":{"DisplayValue":"Signatuur","Label":"Manufacturer","Locale":"es_ES"}},"Title":{"DisplayValue":"De patiënten van dokter García","Label":"Title","Locale":"es_ES"}},"Offers":{"Summaries":[{"Condition":{"Value":"New"},"LowestPrice":{"Amount":29.57,"Currency":"EUR","DisplayAmount":"29,57 €"}}]}},{"ASIN":"8408258613","DetailPageURL":"https://www.amazon.es/dp/8408258613?tag=topinalambricos-21&linkCode=osi&th=1&psc=1","Images":{"Primary":{"Small":{"Height":75,"URL":"https://m.media-amazon.com/images/I/41KF-Uf51fL._SL75_.jpg","Width":48}}},"ItemInfo":{"ByLineInfo":{"Brand":{"DisplayValue":"Booket","Label":"Brand","Locale":"es_ES"},"Contributors":[{"Locale":"es_ES","Name":"García Sáenz de Urturi, Eva","Role":"Autor","RoleType":"author"}],"Manufacturer":{"DisplayValue":"Booket","Label":"Manufacturer","Locale":"es_ES"}},"Title":{"DisplayValue":"Aquitania: Premio Planeta 2020 (Novela)","Label":"Title","Locale":"es_ES"}},"Offers":{"Summaries":[{"Condition":{"Value":"Used"},"LowestPrice":{"Amount":8.96,"Currency":"EUR","DisplayAmount":"8,96 €"}},{"Condition":{"Value":"New"},"LowestPrice":{"Amount":9.3,"Currency":"EUR","DisplayAmount":"9,30 €"}}]}},{"ASIN":"8418945702","DetailPageURL":"https://www.amazon.es/dp/8418945702?tag=topinalambricos-21&linkCode=osi&th=1&psc=1","Images":{"Primary":{"Small":{"Height":75,"URL":"https://m.media-amazon.com/images/I/51SeyYCt3sL._SL75_.jpg","Width":50}}},"ItemInfo":{"ByLineInfo":{"Contributors":[{"Locale":"es_ES","Name":"Hazelwood, Ali","Role":"Autor","RoleType":"author"},{"Locale":"es_ES","Name":"Gilabert Giménez, Nerea","Role":"Traductor","RoleType":"translator"}],"Manufacturer":{"DisplayValue":"Contraluz Editorial","Label":"Manufacturer","Locale":"es_ES"}},"Title":{"DisplayValue":"La teoría del amor (Contraluz) Español","Label":"Title","Locale":"es_ES"}},"Offers":{"Summaries":[{"Condition":{"Value":"New"},"LowestPrice":{"Amount":18.0,"Currency":"EUR","DisplayAmount":"18,00 €"}}]}}],"SearchURL":"https://www.amazon.es/s?k=los+pacientes+del+doctor+garc%C3%ADa&rh=n%3A599364031%2Cp_n_availability%3A-1&tag=topinalambricos-21&linkCode=osi","TotalResultCount":41}},"59":{"SearchResult":{"Items":[{"ASIN":"8490667799","DetailPageURL":"https://www.amazon.es/dp/8490667799?tag=topinalambricos-21&linkCode=osi&th=1&psc=1","Images":{"Primary":{"Small":{"Height":75,"URL":"https://m.media-amazon.com/images/I/41f3xK0VZCL._SL75_.jpg","Width":49}}},"ItemInfo":{"ByLineInfo":{"Brand":{"DisplayValue":"Maxi-Tusquets","Label":"Brand","Locale":"es_ES"},"Contributors":[{"Locale":"es_ES","Name":"Grandes, Almudena","Role":"Autor","RoleType":"author"}],"Manufacturer":{"DisplayValue":"Planeta","Label":"Manufacturer","Locale":"es_ES"}},"Title":{"DisplayValue":"Los pacientes del doctor García (MAXI)","Label":"Title","Locale":"es_ES"}},"Offers":{"Summaries":[{"Condition":{"Value":"New"},"LowestPrice":{"Amount":12.3,"Currency":"EUR","DisplayAmount":"12,30 €"}},{"Condition":{"Value":"Used"},"LowestPrice":{"Amount":7.95,"Currency":"EUR","DisplayAmount":"7,95 €"}}]}},{"ASIN":"8411124819","DetailPageURL":"https://www.amazon.es/dp/8411124819?tag=topinalambricos-21&linkCode=osi&th=1&psc=1","Images":{"Primary":{"Small":{"Height":75,"URL":"https://m.media-amazon.com/images/I/51IMbTEgKtL._SL75_.jpg","Width":53}}},"ItemInfo":{"ByLineInfo":{"Brand":{"DisplayValue":"Planeta Cómic","Label":"Brand","Locale":"es_ES"},"Contributors":[{"Locale":"es_ES","Name":"Grandes, Almudena","Role":"Autor","RoleType":"author"},{"Locale":"es_ES","Name":"Stassi, Claudio","Role":"Autor","RoleType":"author"}],"Manufacturer":{"DisplayValue":"Planeta Cómic","Label":"Manufacturer","Locale":"es_ES"}},"Title":{"DisplayValue":"Los pacientes del doctor García (novela gráfica): Basado en la novela de Almudena Grandes","Label":"Title","Locale":"es_ES"}},"Offers":{"Summaries":[{"Condition":{"Value":"Used"},"LowestPrice":{"Amount":19.81,"Currency":"EUR","DisplayAmount":"19,81 €"}},{"Condition":{"Value":"New"},"LowestPrice":{"Amount":23.75,"Currency":"EUR","DisplayAmount":"23,75 €"}}]}},{"ASIN":"8490664498","DetailPageURL":"https://www.amazon.es/dp/8490664498?tag=topinalambricos-21&linkCode=osi&th=1&psc=1","Images":{"Primary":{"Small":{"Height":75,"URL":"https://m.media-amazon.com/images/I/514aL8HMIWL._SL75_.jpg","Width":50}}},"ItemInfo":{"ByLineInfo":{"Contributors":[{"Locale":"es_ES","Name":"Grandes, Almudena","Role":"Autor","RoleType":"author"}],"Manufacturer":{"DisplayValue":"Tusquets.","Label":"Manufacturer","Locale":"es_ES"}},"Title":{"DisplayValue":"Los pacientes del doctor García: el fin de la esperanza y la red de evasión de criminales de guerra y jerarcas nazis dirigida por Clara Stauffer, Madrid-Buenos Aires, 1945-1955","Label":"Title","Locale":"es_ES"}},"Offers":{"Summaries":[{"Condition":{"Value":"Used"},"LowestPrice":{"Amount":14.45,"Currency":"EUR","DisplayAmount":"14,45 €"}}]}},{"ASIN":"8490664463","DetailPageURL":"https://www.amazon.es/dp/8490664463?tag=topinalambricos-21&linkCode=osi&th=1&psc=1","Images":{"Primary":{"Small":{"Height":75,"URL":"https://m.media-amazon.com/images/I/51l3IX6ssyL._SL75_.jpg","Width":49}}},"ItemInfo":{"ByLineInfo":{"Brand":{"DisplayValue":"Tusquets Editores S.A.","Label":"Brand","Locale":"es_ES"},"Contributors":[{"Locale":"es_ES","Name":"Grandes, Almudena","Role":"Autor","RoleType":"author"}],"Manufacturer":{"DisplayValue":"Tusquets Editores S.A.","Label":"Manufacturer","Locale":"es_ES"}},"Title":{"DisplayValue":"Los pacientes del doctor García: Episodios de una Guerra Interminable: 4 (Andanzas)","Label":"Title","Locale":"es_ES"}},"Offers":{"Summaries":[{"Condition":{"Value":"New"},"LowestPrice":{"Amount":26.0,"Currency":"EUR","DisplayAmount":"26,00 €"}},{"Condition":{"Value":"Used"},"LowestPrice":{"Amount":21.62,"Currency":"EUR","DisplayAmount":"21,62 €"}}]}},{"ASIN":"2709662531","DetailPageURL":"https://www.amazon.es/dp/2709662531?tag=topinalambricos-21&linkCode=osi&th=1&psc=1","Images":{"Primary":{"Small":{"Height":75,"URL":"https://m.media-amazon.com/images/I/41ZVAQfPOcL._SL75_.jpg","Width":48}}},"ItemInfo":{"ByLineInfo":{"Brand":{"DisplayValue":"LATTES","Label":"Brand","Locale":"es_ES"},"Contributors":[{"Locale":"es_ES","Name":"Grandes, Almudena","Role":"Autor","RoleType":"author"}],"Manufacturer":{"DisplayValue":"JC Lattès","Label":"Manufacturer","Locale":"es_ES"}},"Title":{"DisplayValue":"Les patients du docteur Garcia (Littérature étrangère)","Label":"Title","Locale":"es_ES"}},"Offers":{"Summaries":[{"Condition":{"Value":"Used"},"LowestPrice":{"Amount":9.11,"Currency":"EUR","DisplayAmount":"9,11 €"}},{"Condition":{"Value":"New"},"LowestPrice":{"Amount":24.5,"Currency":"EUR","DisplayAmount":"24,50 €"}}]}},{"ASIN":"B09ZJ313QS","DetailPageURL":"https://www.amazon.es/dp/B09ZJ313QS?tag=topinalambricos-21&linkCode=osi&th=1&psc=1","Images":{"Primary":{"Small":{"Height":75,"URL":"https://m.media-amazon.com/images/I/51d665e+xkL._SL75_.jpg","Width":49}}},"ItemInfo":{"ByLineInfo":{"Contributors":[{"Locale":"es_ES","Name":"Grandes, Almudena","Role":"Autor","RoleType":"author"}],"Manufacturer":{"DisplayValue":"Tusquets Editores S.A.","Label":"Manufacturer","Locale":"es_ES"}},"Title":{"DisplayValue":"Pack Episodios de una guerra interminable: Inés y la alegría, El lector de Julio Verne, Las tres bodas de Manolita, Los pacientes del doctor García, La madre de Frankenstein","Label":"Title","Locale":"es_ES"}},"Offers":{"Summaries":[{"Condition":{"Value":"New"},"LowestPrice":{"Amount":33.24,"Currency":"EUR","DisplayAmount":"33,24 €"}}]}},{"ASIN":"841107109X","DetailPageURL":"https://www.amazon.es/dp/841107109X?tag=topinalambricos-21&linkCode=osi&th=1&psc=1","Images":{"Primary":{"Small":{"Height":68,"URL":"https://m.media-amazon.com/images/I/41oxGZctc0L._SL75_.jpg","Width":75}}},"ItemInfo":{"ByLineInfo":{"Brand":{"DisplayValue":"Tusquets Editores S.A.","Label":"Brand","Locale":"es_ES"},"Contributors":[{"Locale":"es_ES","Name":"Grandes, Almudena","Role":"Autor","RoleType":"author"}],"Manufacturer":{"DisplayValue":"Tusquets Editores S.A.","Label":"Manufacturer","Locale":"es_ES"}},"Title":{"DisplayValue":"Estuche Episodios de una Guerra Interminable: Inés y la alegría, El lector de Julio Verne, Las tres bodas de Manolita, Los pacientes del doctor García, La madre de Frankenstein (Andanzas)","Label":"Title","Locale":"es_ES"}},"Offers":{"Summaries":[{"Condition":{"Value":"New"},"LowestPrice":{"Amount":107.01,"Currency":"EUR","DisplayAmount":"107,01 €"}}]}},{"ASIN":"9056726099","DetailPageURL":"https://www.amazon.es/dp/9056726099?tag=topinalambricos-21&linkCode=osi&th=1&psc=1","Images":{"Primary":{"Small":{"Height":75,"URL":"https://m.media-amazon.com/images/I/51bISkcjLRL._SL75_.jpg","Width":48}}},"ItemInfo":{"ByLineInfo":{"Brand":{"DisplayValue":"Signatuur","Label":"Brand","Locale":"es_ES"},"Contributors":[{"Locale":"es_ES","Name":"Grandes, Almudena","Role":"Autor","RoleType":"author"},{"Locale":"es_ES","Name":"Buursma, Mia","Role":"Traductor","RoleType":"translator"},{"Locale":"es_ES","Name":"Degenaar, Rikkie","Role":"Traductor","RoleType":"translator"}],"Manufacturer":{"DisplayValue":"Signatuur","Label":"Manufacturer","Locale":"es_ES"}},"Title":{"DisplayValue":"De patiënten van dokter García","Label":"Title","Locale":"es_ES"}},"Offers":{"Summaries":[{"Condition":{"Value":"New"},"LowestPrice":{"Amount":29.57,"Currency":"EUR","DisplayAmount":"29,57 €"}}]}},{"ASIN":"8408258613","DetailPageURL":"https://www.amazon.es/dp/8408258613?tag=topinalambricos-21&linkCode=osi&th=1&psc=1","Images":{"Primary":{"Small":{"Height":75,"URL":"https://m.media-amazon.com/images/I/41KF-Uf51fL._SL75_.jpg","Width":48}}},"ItemInfo":{"ByLineInfo":{"Brand":{"DisplayValue":"Booket","Label":"Brand","Locale":"es_ES"},"Contributors":[{"Locale":"es_ES","Name":"García Sáenz de Urturi, Eva","Role":"Autor","RoleType":"author"}],"Manufacturer":{"DisplayValue":"Booket","Label":"Manufacturer","Locale":"es_ES"}},"Title":{"DisplayValue":"Aquitania: Premio Planeta 2020 (Novela)","Label":"Title","Locale":"es_ES"}},"Offers":{"Summaries":[{"Condition":{"Value":"Used"},"LowestPrice":{"Amount":8.96,"Currency":"EUR","DisplayAmount":"8,96 €"}},{"Condition":{"Value":"New"},"LowestPrice":{"Amount":9.3,"Currency":"EUR","DisplayAmount":"9,30 €"}}]}},{"ASIN":"8418945702","DetailPageURL":"https://www.amazon.es/dp/8418945702?tag=topinalambricos-21&linkCode=osi&th=1&psc=1","Images":{"Primary":{"Small":{"Height":75,"URL":"https://m.media-amazon.com/images/I/51SeyYCt3sL._SL75_.jpg","Width":50}}},"ItemInfo":{"ByLineInfo":{"Contributors":[{"Locale":"es_ES","Name":"Hazelwood, Ali","Role":"Autor","RoleType":"author"},{"Locale":"es_ES","Name":"Gilabert Giménez, Nerea","Role":"Traductor","RoleType":"translator"}],"Manufacturer":{"DisplayValue":"Contraluz Editorial","Label":"Manufacturer","Locale":"es_ES"}},"Title":{"DisplayValue":"La teoría del amor (Contraluz) Español","Label":"Title","Locale":"es_ES"}},"Offers":{"Summaries":[{"Condition":{"Value":"New"},"LowestPrice":{"Amount":18.0,"Currency":"EUR","DisplayAmount":"18,00 €"}}]}}],"SearchURL":"https://www.amazon.es/s?k=los+pacientes+del+doctor+garc%C3%ADa&rh=n%3A599364031%2Cp_n_availability%3A-1&tag=topinalambricos-21&linkCode=osi","TotalResultCount":41}},"60":{"SearchResult":{"Items":[{"ASIN":"8490667799","DetailPageURL":"https://www.amazon.es/dp/8490667799?tag=topinalambricos-21&linkCode=osi&th=1&psc=1","Images":{"Primary":{"Small":{"Height":75,"URL":"https://m.media-amazon.com/images/I/41f3xK0VZCL._SL75_.jpg","Width":49}}},"ItemInfo":{"ByLineInfo":{"Brand":{"DisplayValue":"Maxi-Tusquets","Label":"Brand","Locale":"es_ES"},"Contributors":[{"Locale":"es_ES","Name":"Grandes, Almudena","Role":"Autor","RoleType":"author"}],"Manufacturer":{"DisplayValue":"Planeta","Label":"Manufacturer","Locale":"es_ES"}},"Title":{"DisplayValue":"Los pacientes del doctor García (MAXI)","Label":"Title","Locale":"es_ES"}},"Offers":{"Summaries":[{"Condition":{"Value":"New"},"LowestPrice":{"Amount":12.3,"Currency":"EUR","DisplayAmount":"12,30 €"}},{"Condition":{"Value":"Used"},"LowestPrice":{"Amount":7.95,"Currency":"EUR","DisplayAmount":"7,95 €"}}]}},{"ASIN":"8411124819","DetailPageURL":"https://www.amazon.es/dp/8411124819?tag=topinalambricos-21&linkCode=osi&th=1&psc=1","Images":{"Primary":{"Small":{"Height":75,"URL":"https://m.media-amazon.com/images/I/51IMbTEgKtL._SL75_.jpg","Width":53}}},"ItemInfo":{"ByLineInfo":{"Brand":{"DisplayValue":"Planeta Cómic","Label":"Brand","Locale":"es_ES"},"Contributors":[{"Locale":"es_ES","Name":"Grandes, Almudena","Role":"Autor","RoleType":"author"},{"Locale":"es_ES","Name":"Stassi, Claudio","Role":"Autor","RoleType":"author"}],"Manufacturer":{"DisplayValue":"Planeta Cómic","Label":"Manufacturer","Locale":"es_ES"}},"Title":{"DisplayValue":"Los pacientes del doctor García (novela gráfica): Basado en la novela de Almudena Grandes","Label":"Title","Locale":"es_ES"}},"Offers":{"Summaries":[{"Condition":{"Value":"Used"},"LowestPrice":{"Amount":19.81,"Currency":"EUR","DisplayAmount":"19,81 €"}},{"Condition":{"Value":"New"},"LowestPrice":{"Amount":23.75,"Currency":"EUR","DisplayAmount":"23,75 €"}}]}},{"ASIN":"8490664498","DetailPageURL":"https://www.amazon.es/dp/8490664498?tag=topinalambricos-21&linkCode=osi&th=1&psc=1","Images":{"Primary":{"Small":{"Height":75,"URL":"https://m.media-amazon.com/images/I/514aL8HMIWL._SL75_.jpg","Width":50}}},"ItemInfo":{"ByLineInfo":{"Contributors":[{"Locale":"es_ES","Name":"Grandes, Almudena","Role":"Autor","RoleType":"author"}],"Manufacturer":{"DisplayValue":"Tusquets.","Label":"Manufacturer","Locale":"es_ES"}},"Title":{"DisplayValue":"Los pacientes del doctor García: el fin de la esperanza y la red de evasión de criminales de guerra y jerarcas nazis dirigida por Clara Stauffer, Madrid-Buenos Aires, 1945-1955","Label":"Title","Locale":"es_ES"}},"Offers":{"Summaries":[{"Condition":{"Value":"Used"},"LowestPrice":{"Amount":14.45,"Currency":"EUR","DisplayAmount":"14,45 €"}}]}},{"ASIN":"8490664463","DetailPageURL":"https://www.amazon.es/dp/8490664463?tag=topinalambricos-21&linkCode=osi&th=1&psc=1","Images":{"Primary":{"Small":{"Height":75,"URL":"https://m.media-amazon.com/images/I/51l3IX6ssyL._SL75_.jpg","Width":49}}},"ItemInfo":{"ByLineInfo":{"Brand":{"DisplayValue":"Tusquets Editores S.A.","Label":"Brand","Locale":"es_ES"},"Contributors":[{"Locale":"es_ES","Name":"Grandes, Almudena","Role":"Autor","RoleType":"author"}],"Manufacturer":{"DisplayValue":"Tusquets Editores S.A.","Label":"Manufacturer","Locale":"es_ES"}},"Title":{"DisplayValue":"Los pacientes del doctor García: Episodios de una Guerra Interminable: 4 (Andanzas)","Label":"Title","Locale":"es_ES"}},"Offers":{"Summaries":[{"Condition":{"Value":"New"},"LowestPrice":{"Amount":26.0,"Currency":"EUR","DisplayAmount":"26,00 €"}},{"Condition":{"Value":"Used"},"LowestPrice":{"Amount":21.62,"Currency":"EUR","DisplayAmount":"21,62 €"}}]}},{"ASIN":"2709662531","DetailPageURL":"https://www.amazon.es/dp/2709662531?tag=topinalambricos-21&linkCode=osi&th=1&psc=1","Images":{"Primary":{"Small":{"Height":75,"URL":"https://m.media-amazon.com/images/I/41ZVAQfPOcL._SL75_.jpg","Width":48}}},"ItemInfo":{"ByLineInfo":{"Brand":{"DisplayValue":"LATTES","Label":"Brand","Locale":"es_ES"},"Contributors":[{"Locale":"es_ES","Name":"Grandes, Almudena","Role":"Autor","RoleType":"author"}],"Manufacturer":{"DisplayValue":"JC Lattès","Label":"Manufacturer","Locale":"es_ES"}},"Title":{"DisplayValue":"Les patients du docteur Garcia (Littérature étrangère)","Label":"Title","Locale":"es_ES"}},"Offers":{"Summaries":[{"Condition":{"Value":"Used"},"LowestPrice":{"Amount":9.11,"Currency":"EUR","DisplayAmount":"9,11 €"}},{"Condition":{"Value":"New"},"LowestPrice":{"Amount":24.5,"Currency":"EUR","DisplayAmount":"24,50 €"}}]}},{"ASIN":"B09ZJ313QS","DetailPageURL":"https://www.amazon.es/dp/B09ZJ313QS?tag=topinalambricos-21&linkCode=osi&th=1&psc=1","Images":{"Primary":{"Small":{"Height":75,"URL":"https://m.media-amazon.com/images/I/51d665e+xkL._SL75_.jpg","Width":49}}},"ItemInfo":{"ByLineInfo":{"Contributors":[{"Locale":"es_ES","Name":"Grandes, Almudena","Role":"Autor","RoleType":"author"}],"Manufacturer":{"DisplayValue":"Tusquets Editores S.A.","Label":"Manufacturer","Locale":"es_ES"}},"Title":{"DisplayValue":"Pack Episodios de una guerra interminable: Inés y la alegría, El lector de Julio Verne, Las tres bodas de Manolita, Los pacientes del doctor García, La madre de Frankenstein","Label":"Title","Locale":"es_ES"}},"Offers":{"Summaries":[{"Condition":{"Value":"New"},"LowestPrice":{"Amount":33.24,"Currency":"EUR","DisplayAmount":"33,24 €"}}]}},{"ASIN":"841107109X","DetailPageURL":"https://www.amazon.es/dp/841107109X?tag=topinalambricos-21&linkCode=osi&th=1&psc=1","Images":{"Primary":{"Small":{"Height":68,"URL":"https://m.media-amazon.com/images/I/41oxGZctc0L._SL75_.jpg","Width":75}}},"ItemInfo":{"ByLineInfo":{"Brand":{"DisplayValue":"Tusquets Editores S.A.","Label":"Brand","Locale":"es_ES"},"Contributors":[{"Locale":"es_ES","Name":"Grandes, Almudena","Role":"Autor","RoleType":"author"}],"Manufacturer":{"DisplayValue":"Tusquets Editores S.A.","Label":"Manufacturer","Locale":"es_ES"}},"Title":{"DisplayValue":"Estuche Episodios de una Guerra Interminable: Inés y la alegría, El lector de Julio Verne, Las tres bodas de Manolita, Los pacientes del doctor García, La madre de Frankenstein (Andanzas)","Label":"Title","Locale":"es_ES"}},"Offers":{"Summaries":[{"Condition":{"Value":"New"},"LowestPrice":{"Amount":107.01,"Currency":"EUR","DisplayAmount":"107,01 €"}}]}},{"ASIN":"9056726099","DetailPageURL":"https://www.amazon.es/dp/9056726099?tag=topinalambricos-21&linkCode=osi&th=1&psc=1","Images":{"Primary":{"Small":{"Height":75,"URL":"https://m.media-amazon.com/images/I/51bISkcjLRL._SL75_.jpg","Width":48}}},"ItemInfo":{"ByLineInfo":{"Brand":{"DisplayValue":"Signatuur","Label":"Brand","Locale":"es_ES"},"Contributors":[{"Locale":"es_ES","Name":"Grandes, Almudena","Role":"Autor","RoleType":"author"},{"Locale":"es_ES","Name":"Buursma, Mia","Role":"Traductor","RoleType":"translator"},{"Locale":"es_ES","Name":"Degenaar, Rikkie","Role":"Traductor","RoleType":"translator"}],"Manufacturer":{"DisplayValue":"Signatuur","Label":"Manufacturer","Locale":"es_ES"}},"Title":{"DisplayValue":"De patiënten van dokter García","Label":"Title","Locale":"es_ES"}},"Offers":{"Summaries":[{"Condition":{"Value":"New"},"LowestPrice":{"Amount":29.57,"Currency":"EUR","DisplayAmount":"29,57 €"}}]}},{"ASIN":"8408258613","DetailPageURL":"https://www.amazon.es/dp/8408258613?tag=topinalambricos-21&linkCode=osi&th=1&psc=1","Images":{"Primary":{"Small":{"Height":75,"URL":"https://m.media-amazon.com/images/I/41KF-Uf51fL._SL75_.jpg","Width":48}}},"ItemInfo":{"ByLineInfo":{"Brand":{"DisplayValue":"Booket","Label":"Brand","Locale":"es_ES"},"Contributors":[{"Locale":"es_ES","Name":"García Sáenz de Urturi, Eva","Role":"Autor","RoleType":"author"}],"Manufacturer":{"DisplayValue":"Booket","Label":"Manufacturer","Locale":"es_ES"}},"Title":{"DisplayValue":"Aquitania: Premio Planeta 2020 (Novela)","Label":"Title","Locale":"es_ES"}},"Offers":{"Summaries":[{"Condition":{"Value":"Used"},"LowestPrice":{"Amount":8.96,"Currency":"EUR","DisplayAmount":"8,96 €"}},{"Condition":{"Value":"New"},"LowestPrice":{"Amount":9.3,"Currency":"EUR","DisplayAmount":"9,30 €"}}]}},{"ASIN":"8418945702","DetailPageURL":"https://www.amazon.es/dp/8418945702?tag=topinalambricos-21&linkCode=osi&th=1&psc=1","Images":{"Primary":{"Small":{"Height":75,"URL":"https://m.media-amazon.com/images/I/51SeyYCt3sL._SL75_.jpg","Width":50}}},"ItemInfo":{"ByLineInfo":{"Contributors":[{"Locale":"es_ES","Name":"Hazelwood, Ali","Role":"Autor","RoleType":"author"},{"Locale":"es_ES","Name":"Gilabert Giménez, Nerea","Role":"Traductor","RoleType":"translator"}],"Manufacturer":{"DisplayValue":"Contraluz Editorial","Label":"Manufacturer","Locale":"es_ES"}},"Title":{"DisplayValue":"La teoría del amor (Contraluz) Español","Label":"Title","Locale":"es_ES"}},"Offers":{"Summaries":[{"Condition":{"Value":"New"},"LowestPrice":{"Amount":18.0,"Currency":"EUR","DisplayAmount":"18,00 €"}}]}}],"SearchURL":"https://www.amazon.es/s?k=los+pacientes+del+doctor+garc%C3%ADa&rh=n%3A599364031%2Cp_n_availability%3A-1&tag=topinalambricos-21&linkCode=osi","TotalResultCount":41}},"61":{"SearchResult":{"Items":[{"ASIN":"8490667799","DetailPageURL":"https://www.amazon.es/dp/8490667799?tag=topinalambricos-21&linkCode=osi&th=1&psc=1","Images":{"Primary":{"Small":{"Height":75,"URL":"https://m.media-amazon.com/images/I/41f3xK0VZCL._SL75_.jpg","Width":49}}},"ItemInfo":{"ByLineInfo":{"Brand":{"DisplayValue":"Maxi-Tusquets","Label":"Brand","Locale":"es_ES"},"Contributors":[{"Locale":"es_ES","Name":"Grandes, Almudena","Role":"Autor","RoleType":"author"}],"Manufacturer":{"DisplayValue":"Planeta","Label":"Manufacturer","Locale":"es_ES"}},"Title":{"DisplayValue":"Los pacientes del doctor García (MAXI)","Label":"Title","Locale":"es_ES"}},"Offers":{"Summaries":[{"Condition":{"Value":"New"},"LowestPrice":{"Amount":12.3,"Currency":"EUR","DisplayAmount":"12,30 €"}},{"Condition":{"Value":"Used"},"LowestPrice":{"Amount":7.95,"Currency":"EUR","DisplayAmount":"7,95 €"}}]}},{"ASIN":"8411124819","DetailPageURL":"https://www.amazon.es/dp/8411124819?tag=topinalambricos-21&linkCode=osi&th=1&psc=1","Images":{"Primary":{"Small":{"Height":75,"URL":"https://m.media-amazon.com/images/I/51IMbTEgKtL._SL75_.jpg","Width":53}}},"ItemInfo":{"ByLineInfo":{"Brand":{"DisplayValue":"Planeta Cómic","Label":"Brand","Locale":"es_ES"},"Contributors":[{"Locale":"es_ES","Name":"Grandes, Almudena","Role":"Autor","RoleType":"author"},{"Locale":"es_ES","Name":"Stassi, Claudio","Role":"Autor","RoleType":"author"}],"Manufacturer":{"DisplayValue":"Planeta Cómic","Label":"Manufacturer","Locale":"es_ES"}},"Title":{"DisplayValue":"Los pacientes del doctor García (novela gráfica): Basado en la novela de Almudena Grandes","Label":"Title","Locale":"es_ES"}},"Offers":{"Summaries":[{"Condition":{"Value":"Used"},"LowestPrice":{"Amount":19.81,"Currency":"EUR","DisplayAmount":"19,81 €"}},{"Condition":{"Value":"New"},"LowestPrice":{"Amount":23.75,"Currency":"EUR","DisplayAmount":"23,75 €"}}]}},{"ASIN":"8490664498","DetailPageURL":"https://www.amazon.es/dp/8490664498?tag=topinalambricos-21&linkCode=osi&th=1&psc=1","Images":{"Primary":{"Small":{"Height":75,"URL":"https://m.media-amazon.com/images/I/514aL8HMIWL._SL75_.jpg","Width":50}}},"ItemInfo":{"ByLineInfo":{"Contributors":[{"Locale":"es_ES","Name":"Grandes, Almudena","Role":"Autor","RoleType":"author"}],"Manufacturer":{"DisplayValue":"Tusquets.","Label":"Manufacturer","Locale":"es_ES"}},"Title":{"DisplayValue":"Los pacientes del doctor García: el fin de la esperanza y la red de evasión de criminales de guerra y jerarcas nazis dirigida por Clara Stauffer, Madrid-Buenos Aires, 1945-1955","Label":"Title","Locale":"es_ES"}},"Offers":{"Summaries":[{"Condition":{"Value":"Used"},"LowestPrice":{"Amount":14.45,"Currency":"EUR","DisplayAmount":"14,45 €"}}]}},{"ASIN":"8490664463","DetailPageURL":"https://www.amazon.es/dp/8490664463?tag=topinalambricos-21&linkCode=osi&th=1&psc=1","Images":{"Primary":{"Small":{"Height":75,"URL":"https://m.media-amazon.com/images/I/51l3IX6ssyL._SL75_.jpg","Width":49}}},"ItemInfo":{"ByLineInfo":{"Brand":{"DisplayValue":"Tusquets Editores S.A.","Label":"Brand","Locale":"es_ES"},"Contributors":[{"Locale":"es_ES","Name":"Grandes, Almudena","Role":"Autor","RoleType":"author"}],"Manufacturer":{"DisplayValue":"Tusquets Editores S.A.","Label":"Manufacturer","Locale":"es_ES"}},"Title":{"DisplayValue":"Los pacientes del doctor García: Episodios de una Guerra Interminable: 4 (Andanzas)","Label":"Title","Locale":"es_ES"}},"Offers":{"Summaries":[{"Condition":{"Value":"New"},"LowestPrice":{"Amount":26.0,"Currency":"EUR","DisplayAmount":"26,00 €"}},{"Condition":{"Value":"Used"},"LowestPrice":{"Amount":21.62,"Currency":"EUR","DisplayAmount":"21,62 €"}}]}},{"ASIN":"2709662531","DetailPageURL":"https://www.amazon.es/dp/2709662531?tag=topinalambricos-21&linkCode=osi&th=1&psc=1","Images":{"Primary":{"Small":{"Height":75,"URL":"https://m.media-amazon.com/images/I/41ZVAQfPOcL._SL75_.jpg","Width":48}}},"ItemInfo":{"ByLineInfo":{"Brand":{"DisplayValue":"LATTES","Label":"Brand","Locale":"es_ES"},"Contributors":[{"Locale":"es_ES","Name":"Grandes, Almudena","Role":"Autor","RoleType":"author"}],"Manufacturer":{"DisplayValue":"JC Lattès","Label":"Manufacturer","Locale":"es_ES"}},"Title":{"DisplayValue":"Les patients du docteur Garcia (Littérature étrangère)","Label":"Title","Locale":"es_ES"}},"Offers":{"Summaries":[{"Condition":{"Value":"Used"},"LowestPrice":{"Amount":9.11,"Currency":"EUR","DisplayAmount":"9,11 €"}},{"Condition":{"Value":"New"},"LowestPrice":{"Amount":24.5,"Currency":"EUR","DisplayAmount":"24,50 €"}}]}},{"ASIN":"B09ZJ313QS","DetailPageURL":"https://www.amazon.es/dp/B09ZJ313QS?tag=topinalambricos-21&linkCode=osi&th=1&psc=1","Images":{"Primary":{"Small":{"Height":75,"URL":"https://m.media-amazon.com/images/I/51d665e+xkL._SL75_.jpg","Width":49}}},"ItemInfo":{"ByLineInfo":{"Contributors":[{"Locale":"es_ES","Name":"Grandes, Almudena","Role":"Autor","RoleType":"author"}],"Manufacturer":{"DisplayValue":"Tusquets Editores S.A.","Label":"Manufacturer","Locale":"es_ES"}},"Title":{"DisplayValue":"Pack Episodios de una guerra interminable: Inés y la alegría, El lector de Julio Verne, Las tres bodas de Manolita, Los pacientes del doctor García, La madre de Frankenstein","Label":"Title","Locale":"es_ES"}},"Offers":{"Summaries":[{"Condition":{"Value":"New"},"LowestPrice":{"Amount":33.24,"Currency":"EUR","DisplayAmount":"33,24 €"}}]}},{"ASIN":"841107109X","DetailPageURL":"https://www.amazon.es/dp/841107109X?tag=topinalambricos-21&linkCode=osi&th=1&psc=1","Images":{"Primary":{"Small":{"Height":68,"URL":"https://m.media-amazon.com/images/I/41oxGZctc0L._SL75_.jpg","Width":75}}},"ItemInfo":{"ByLineInfo":{"Brand":{"DisplayValue":"Tusquets Editores S.A.","Label":"Brand","Locale":"es_ES"},"Contributors":[{"Locale":"es_ES","Name":"Grandes, Almudena","Role":"Autor","RoleType":"author"}],"Manufacturer":{"DisplayValue":"Tusquets Editores S.A.","Label":"Manufacturer","Locale":"es_ES"}},"Title":{"DisplayValue":"Estuche Episodios de una Guerra Interminable: Inés y la alegría, El lector de Julio Verne, Las tres bodas de Manolita, Los pacientes del doctor García, La madre de Frankenstein (Andanzas)","Label":"Title","Locale":"es_ES"}},"Offers":{"Summaries":[{"Condition":{"Value":"New"},"LowestPrice":{"Amount":107.01,"Currency":"EUR","DisplayAmount":"107,01 €"}}]}},{"ASIN":"9056726099","DetailPageURL":"https://www.amazon.es/dp/9056726099?tag=topinalambricos-21&linkCode=osi&th=1&psc=1","Images":{"Primary":{"Small":{"Height":75,"URL":"https://m.media-amazon.com/images/I/51bISkcjLRL._SL75_.jpg","Width":48}}},"ItemInfo":{"ByLineInfo":{"Brand":{"DisplayValue":"Signatuur","Label":"Brand","Locale":"es_ES"},"Contributors":[{"Locale":"es_ES","Name":"Grandes, Almudena","Role":"Autor","RoleType":"author"},{"Locale":"es_ES","Name":"Buursma, Mia","Role":"Traductor","RoleType":"translator"},{"Locale":"es_ES","Name":"Degenaar, Rikkie","Role":"Traductor","RoleType":"translator"}],"Manufacturer":{"DisplayValue":"Signatuur","Label":"Manufacturer","Locale":"es_ES"}},"Title":{"DisplayValue":"De patiënten van dokter García","Label":"Title","Locale":"es_ES"}},"Offers":{"Summaries":[{"Condition":{"Value":"New"},"LowestPrice":{"Amount":29.57,"Currency":"EUR","DisplayAmount":"29,57 €"}}]}},{"ASIN":"8408258613","DetailPageURL":"https://www.amazon.es/dp/8408258613?tag=topinalambricos-21&linkCode=osi&th=1&psc=1","Images":{"Primary":{"Small":{"Height":75,"URL":"https://m.media-amazon.com/images/I/41KF-Uf51fL._SL75_.jpg","Width":48}}},"ItemInfo":{"ByLineInfo":{"Brand":{"DisplayValue":"Booket","Label":"Brand","Locale":"es_ES"},"Contributors":[{"Locale":"es_ES","Name":"García Sáenz de Urturi, Eva","Role":"Autor","RoleType":"author"}],"Manufacturer":{"DisplayValue":"Booket","Label":"Manufacturer","Locale":"es_ES"}},"Title":{"DisplayValue":"Aquitania: Premio Planeta 2020 (Novela)","Label":"Title","Locale":"es_ES"}},"Offers":{"Summaries":[{"Condition":{"Value":"Used"},"LowestPrice":{"Amount":8.96,"Currency":"EUR","DisplayAmount":"8,96 €"}},{"Condition":{"Value":"New"},"LowestPrice":{"Amount":9.3,"Currency":"EUR","DisplayAmount":"9,30 €"}}]}},{"ASIN":"8418945702","DetailPageURL":"https://www.amazon.es/dp/8418945702?tag=topinalambricos-21&linkCode=osi&th=1&psc=1","Images":{"Primary":{"Small":{"Height":75,"URL":"https://m.media-amazon.com/images/I/51SeyYCt3sL._SL75_.jpg","Width":50}}},"ItemInfo":{"ByLineInfo":{"Contributors":[{"Locale":"es_ES","Name":"Hazelwood, Ali","Role":"Autor","RoleType":"author"},{"Locale":"es_ES","Name":"Gilabert Giménez, Nerea","Role":"Traductor","RoleType":"translator"}],"Manufacturer":{"DisplayValue":"Contraluz Editorial","Label":"Manufacturer","Locale":"es_ES"}},"Title":{"DisplayValue":"La teoría del amor (Contraluz) Español","Label":"Title","Locale":"es_ES"}},"Offers":{"Summaries":[{"Condition":{"Value":"New"},"LowestPrice":{"Amount":18.0,"Currency":"EUR","DisplayAmount":"18,00 €"}}]}}],"SearchURL":"https://www.amazon.es/s?k=los+pacientes+del+doctor+garc%C3%ADa&rh=n%3A599364031%2Cp_n_availability%3A-1&tag=topinalambricos-21&linkCode=osi","TotalResultCount":41}},"62":{"SearchResult":{"Items":[{"ASIN":"8490667799","DetailPageURL":"https://www.amazon.es/dp/8490667799?tag=topinalambricos-21&linkCode=osi&th=1&psc=1","Images":{"Primary":{"Small":{"Height":75,"URL":"https://m.media-amazon.com/images/I/41f3xK0VZCL._SL75_.jpg","Width":49}}},"ItemInfo":{"ByLineInfo":{"Brand":{"DisplayValue":"Maxi-Tusquets","Label":"Brand","Locale":"es_ES"},"Contributors":[{"Locale":"es_ES","Name":"Grandes, Almudena","Role":"Autor","RoleType":"author"}],"Manufacturer":{"DisplayValue":"Planeta","Label":"Manufacturer","Locale":"es_ES"}},"Title":{"DisplayValue":"Los pacientes del doctor García (MAXI)","Label":"Title","Locale":"es_ES"}},"Offers":{"Summaries":[{"Condition":{"Value":"New"},"LowestPrice":{"Amount":12.3,"Currency":"EUR","DisplayAmount":"12,30 €"}},{"Condition":{"Value":"Used"},"LowestPrice":{"Amount":7.95,"Currency":"EUR","DisplayAmount":"7,95 €"}}]}},{"ASIN":"8411124819","DetailPageURL":"https://www.amazon.es/dp/8411124819?tag=topinalambricos-21&linkCode=osi&th=1&psc=1","Images":{"Primary":{"Small":{"Height":75,"URL":"https://m.media-amazon.com/images/I/51IMbTEgKtL._SL75_.jpg","Width":53}}},"ItemInfo":{"ByLineInfo":{"Brand":{"DisplayValue":"Planeta Cómic","Label":"Brand","Locale":"es_ES"},"Contributors":[{"Locale":"es_ES","Name":"Grandes, Almudena","Role":"Autor","RoleType":"author"},{"Locale":"es_ES","Name":"Stassi, Claudio","Role":"Autor","RoleType":"author"}],"Manufacturer":{"DisplayValue":"Planeta Cómic","Label":"Manufacturer","Locale":"es_ES"}},"Title":{"DisplayValue":"Los pacientes del doctor García (novela gráfica): Basado en la novela de Almudena Grandes","Label":"Title","Locale":"es_ES"}},"Offers":{"Summaries":[{"Condition":{"Value":"Used"},"LowestPrice":{"Amount":19.81,"Currency":"EUR","DisplayAmount":"19,81 €"}},{"Condition":{"Value":"New"},"LowestPrice":{"Amount":23.75,"Currency":"EUR","DisplayAmount":"23,75 €"}}]}},{"ASIN":"8490664498","DetailPageURL":"https://www.amazon.es/dp/8490664498?tag=topinalambricos-21&linkCode=osi&th=1&psc=1","Images":{"Primary":{"Small":{"Height":75,"URL":"https://m.media-amazon.com/images/I/514aL8HMIWL._SL75_.jpg","Width":50}}},"ItemInfo":{"ByLineInfo":{"Contributors":[{"Locale":"es_ES","Name":"Grandes, Almudena","Role":"Autor","RoleType":"author"}],"Manufacturer":{"DisplayValue":"Tusquets.","Label":"Manufacturer","Locale":"es_ES"}},"Title":{"DisplayValue":"Los pacientes del doctor García: el fin de la esperanza y la red de evasión de criminales de guerra y jerarcas nazis dirigida por Clara Stauffer, Madrid-Buenos Aires, 1945-1955","Label":"Title","Locale":"es_ES"}},"Offers":{"Summaries":[{"Condition":{"Value":"Used"},"LowestPrice":{"Amount":14.45,"Currency":"EUR","DisplayAmount":"14,45 €"}}]}},{"ASIN":"8490664463","DetailPageURL":"https://www.amazon.es/dp/8490664463?tag=topinalambricos-21&linkCode=osi&th=1&psc=1","Images":{"Primary":{"Small":{"Height":75,"URL":"https://m.media-amazon.com/images/I/51l3IX6ssyL._SL75_.jpg","Width":49}}},"ItemInfo":{"ByLineInfo":{"Brand":{"DisplayValue":"Tusquets Editores S.A.","Label":"Brand","Locale":"es_ES"},"Contributors":[{"Locale":"es_ES","Name":"Grandes, Almudena","Role":"Autor","RoleType":"author"}],"Manufacturer":{"DisplayValue":"Tusquets Editores S.A.","Label":"Manufacturer","Locale":"es_ES"}},"Title":{"DisplayValue":"Los pacientes del doctor García: Episodios de una Guerra Interminable: 4 (Andanzas)","Label":"Title","Locale":"es_ES"}},"Offers":{"Summaries":[{"Condition":{"Value":"New"},"LowestPrice":{"Amount":26.0,"Currency":"EUR","DisplayAmount":"26,00 €"}},{"Condition":{"Value":"Used"},"LowestPrice":{"Amount":21.62,"Currency":"EUR","DisplayAmount":"21,62 €"}}]}},{"ASIN":"2709662531","DetailPageURL":"https://www.amazon.es/dp/2709662531?tag=topinalambricos-21&linkCode=osi&th=1&psc=1","Images":{"Primary":{"Small":{"Height":75,"URL":"https://m.media-amazon.com/images/I/41ZVAQfPOcL._SL75_.jpg","Width":48}}},"ItemInfo":{"ByLineInfo":{"Brand":{"DisplayValue":"LATTES","Label":"Brand","Locale":"es_ES"},"Contributors":[{"Locale":"es_ES","Name":"Grandes, Almudena","Role":"Autor","RoleType":"author"}],"Manufacturer":{"DisplayValue":"JC Lattès","Label":"Manufacturer","Locale":"es_ES"}},"Title":{"DisplayValue":"Les patients du docteur Garcia (Littérature étrangère)","Label":"Title","Locale":"es_ES"}},"Offers":{"Summaries":[{"Condition":{"Value":"Used"},"LowestPrice":{"Amount":9.11,"Currency":"EUR","DisplayAmount":"9,11 €"}},{"Condition":{"Value":"New"},"LowestPrice":{"Amount":24.5,"Currency":"EUR","DisplayAmount":"24,50 €"}}]}},{"ASIN":"B09ZJ313QS","DetailPageURL":"https://www.amazon.es/dp/B09ZJ313QS?tag=topinalambricos-21&linkCode=osi&th=1&psc=1","Images":{"Primary":{"Small":{"Height":75,"URL":"https://m.media-amazon.com/images/I/51d665e+xkL._SL75_.jpg","Width":49}}},"ItemInfo":{"ByLineInfo":{"Contributors":[{"Locale":"es_ES","Name":"Grandes, Almudena","Role":"Autor","RoleType":"author"}],"Manufacturer":{"DisplayValue":"Tusquets Editores S.A.","Label":"Manufacturer","Locale":"es_ES"}},"Title":{"DisplayValue":"Pack Episodios de una guerra interminable: Inés y la alegría, El lector de Julio Verne, Las tres bodas de Manolita, Los pacientes del doctor García, La madre de Frankenstein","Label":"Title","Locale":"es_ES"}},"Offers":{"Summaries":[{"Condition":{"Value":"New"},"LowestPrice":{"Amount":33.24,"Currency":"EUR","DisplayAmount":"33,24 €"}}]}},{"ASIN":"841107109X","DetailPageURL":"https://www.amazon.es/dp/841107109X?tag=topinalambricos-21&linkCode=osi&th=1&psc=1","Images":{"Primary":{"Small":{"Height":68,"URL":"https://m.media-amazon.com/images/I/41oxGZctc0L._SL75_.jpg","Width":75}}},"ItemInfo":{"ByLineInfo":{"Brand":{"DisplayValue":"Tusquets Editores S.A.","Label":"Brand","Locale":"es_ES"},"Contributors":[{"Locale":"es_ES","Name":"Grandes, Almudena","Role":"Autor","RoleType":"author"}],"Manufacturer":{"DisplayValue":"Tusquets Editores S.A.","Label":"Manufacturer","Locale":"es_ES"}},"Title":{"DisplayValue":"Estuche Episodios de una Guerra Interminable: Inés y la alegría, El lector de Julio Verne, Las tres bodas de Manolita, Los pacientes del doctor García, La madre de Frankenstein (Andanzas)","Label":"Title","Locale":"es_ES"}},"Offers":{"Summaries":[{"Condition":{"Value":"New"},"LowestPrice":{"Amount":107.01,"Currency":"EUR","DisplayAmount":"107,01 €"}}]}},{"ASIN":"9056726099","DetailPageURL":"https://www.amazon.es/dp/9056726099?tag=topinalambricos-21&linkCode=osi&th=1&psc=1","Images":{"Primary":{"Small":{"Height":75,"URL":"https://m.media-amazon.com/images/I/51bISkcjLRL._SL75_.jpg","Width":48}}},"ItemInfo":{"ByLineInfo":{"Brand":{"DisplayValue":"Signatuur","Label":"Brand","Locale":"es_ES"},"Contributors":[{"Locale":"es_ES","Name":"Grandes, Almudena","Role":"Autor","RoleType":"author"},{"Locale":"es_ES","Name":"Buursma, Mia","Role":"Traductor","RoleType":"translator"},{"Locale":"es_ES","Name":"Degenaar, Rikkie","Role":"Traductor","RoleType":"translator"}],"Manufacturer":{"DisplayValue":"Signatuur","Label":"Manufacturer","Locale":"es_ES"}},"Title":{"DisplayValue":"De patiënten van dokter García","Label":"Title","Locale":"es_ES"}},"Offers":{"Summaries":[{"Condition":{"Value":"New"},"LowestPrice":{"Amount":29.57,"Currency":"EUR","DisplayAmount":"29,57 €"}}]}},{"ASIN":"8408258613","DetailPageURL":"https://www.amazon.es/dp/8408258613?tag=topinalambricos-21&linkCode=osi&th=1&psc=1","Images":{"Primary":{"Small":{"Height":75,"URL":"https://m.media-amazon.com/images/I/41KF-Uf51fL._SL75_.jpg","Width":48}}},"ItemInfo":{"ByLineInfo":{"Brand":{"DisplayValue":"Booket","Label":"Brand","Locale":"es_ES"},"Contributors":[{"Locale":"es_ES","Name":"García Sáenz de Urturi, Eva","Role":"Autor","RoleType":"author"}],"Manufacturer":{"DisplayValue":"Booket","Label":"Manufacturer","Locale":"es_ES"}},"Title":{"DisplayValue":"Aquitania: Premio Planeta 2020 (Novela)","Label":"Title","Locale":"es_ES"}},"Offers":{"Summaries":[{"Condition":{"Value":"Used"},"LowestPrice":{"Amount":8.96,"Currency":"EUR","DisplayAmount":"8,96 €"}},{"Condition":{"Value":"New"},"LowestPrice":{"Amount":9.3,"Currency":"EUR","DisplayAmount":"9,30 €"}}]}},{"ASIN":"8418945702","DetailPageURL":"https://www.amazon.es/dp/8418945702?tag=topinalambricos-21&linkCode=osi&th=1&psc=1","Images":{"Primary":{"Small":{"Height":75,"URL":"https://m.media-amazon.com/images/I/51SeyYCt3sL._SL75_.jpg","Width":50}}},"ItemInfo":{"ByLineInfo":{"Contributors":[{"Locale":"es_ES","Name":"Hazelwood, Ali","Role":"Autor","RoleType":"author"},{"Locale":"es_ES","Name":"Gilabert Giménez, Nerea","Role":"Traductor","RoleType":"translator"}],"Manufacturer":{"DisplayValue":"Contraluz Editorial","Label":"Manufacturer","Locale":"es_ES"}},"Title":{"DisplayValue":"La teoría del amor (Contraluz) Español","Label":"Title","Locale":"es_ES"}},"Offers":{"Summaries":[{"Condition":{"Value":"New"},"LowestPrice":{"Amount":18.0,"Currency":"EUR","DisplayAmount":"18,00 €"}}]}}],"SearchURL":"https://www.amazon.es/s?k=los+pacientes+del+doctor+garc%C3%ADa&rh=n%3A599364031%2Cp_n_availability%3A-1&tag=topinalambricos-21&linkCode=osi","TotalResultCount":41}},"63":{"SearchResult":{"Items":[{"ASIN":"8490667799","DetailPageURL":"https://www.amazon.es/dp/8490667799?tag=topinalambricos-21&linkCode=osi&th=1&psc=1","Images":{"Primary":{"Small":{"Height":75,"URL":"https://m.media-amazon.com/images/I/41f3xK0VZCL._SL75_.jpg","Width":49}}},"ItemInfo":{"ByLineInfo":{"Brand":{"DisplayValue":"Maxi-Tusquets","Label":"Brand","Locale":"es_ES"},"Contributors":[{"Locale":"es_ES","Name":"Grandes, Almudena","Role":"Autor","RoleType":"author"}],"Manufacturer":{"DisplayValue":"Planeta","Label":"Manufacturer","Locale":"es_ES"}},"Title":{"DisplayValue":"Los pacientes del doctor García (MAXI)","Label":"Title","Locale":"es_ES"}},"Offers":{"Summaries":[{"Condition":{"Value":"New"},"LowestPrice":{"Amount":12.3,"Currency":"EUR","DisplayAmount":"12,30 €"}},{"Condition":{"Value":"Used"},"LowestPrice":{"Amount":7.95,"Currency":"EUR","DisplayAmount":"7,95 €"}}]}},{"ASIN":"8411124819","DetailPageURL":"https://www.amazon.es/dp/8411124819?tag=topinalambricos-21&linkCode=osi&th=1&psc=1","Images":{"Primary":{"Small":{"Height":75,"URL":"https://m.media-amazon.com/images/I/51IMbTEgKtL._SL75_.jpg","Width":53}}},"ItemInfo":{"ByLineInfo":{"Brand":{"DisplayValue":"Planeta Cómic","Label":"Brand","Locale":"es_ES"},"Contributors":[{"Locale":"es_ES","Name":"Grandes, Almudena","Role":"Autor","RoleType":"author"},{"Locale":"es_ES","Name":"Stassi, Claudio","Role":"Autor","RoleType":"author"}],"Manufacturer":{"DisplayValue":"Planeta Cómic","Label":"Manufacturer","Locale":"es_ES"}},"Title":{"DisplayValue":"Los pacientes del doctor García (novela gráfica): Basado en la novela de Almudena Grandes","Label":"Title","Locale":"es_ES"}},"Offers":{"Summaries":[{"Condition":{"Value":"Used"},"LowestPrice":{"Amount":19.81,"Currency":"EUR","DisplayAmount":"19,81 €"}},{"Condition":{"Value":"New"},"LowestPrice":{"Amount":23.75,"Currency":"EUR","DisplayAmount":"23,75 €"}}]}},{"ASIN":"8490664498","DetailPageURL":"https://www.amazon.es/dp/8490664498?tag=topinalambricos-21&linkCode=osi&th=1&psc=1","Images":{"Primary":{"Small":{"Height":75,"URL":"https://m.media-amazon.com/images/I/514aL8HMIWL._SL75_.jpg","Width":50}}},"ItemInfo":{"ByLineInfo":{"Contributors":[{"Locale":"es_ES","Name":"Grandes, Almudena","Role":"Autor","RoleType":"author"}],"Manufacturer":{"DisplayValue":"Tusquets.","Label":"Manufacturer","Locale":"es_ES"}},"Title":{"DisplayValue":"Los pacientes del doctor García: el fin de la esperanza y la red de evasión de criminales de guerra y jerarcas nazis dirigida por Clara Stauffer, Madrid-Buenos Aires, 1945-1955","Label":"Title","Locale":"es_ES"}},"Offers":{"Summaries":[{"Condition":{"Value":"Used"},"LowestPrice":{"Amount":14.45,"Currency":"EUR","DisplayAmount":"14,45 €"}}]}},{"ASIN":"8490664463","DetailPageURL":"https://www.amazon.es/dp/8490664463?tag=topinalambricos-21&linkCode=osi&th=1&psc=1","Images":{"Primary":{"Small":{"Height":75,"URL":"https://m.media-amazon.com/images/I/51l3IX6ssyL._SL75_.jpg","Width":49}}},"ItemInfo":{"ByLineInfo":{"Brand":{"DisplayValue":"Tusquets Editores S.A.","Label":"Brand","Locale":"es_ES"},"Contributors":[{"Locale":"es_ES","Name":"Grandes, Almudena","Role":"Autor","RoleType":"author"}],"Manufacturer":{"DisplayValue":"Tusquets Editores S.A.","Label":"Manufacturer","Locale":"es_ES"}},"Title":{"DisplayValue":"Los pacientes del doctor García: Episodios de una Guerra Interminable: 4 (Andanzas)","Label":"Title","Locale":"es_ES"}},"Offers":{"Summaries":[{"Condition":{"Value":"New"},"LowestPrice":{"Amount":26.0,"Currency":"EUR","DisplayAmount":"26,00 €"}},{"Condition":{"Value":"Used"},"LowestPrice":{"Amount":21.62,"Currency":"EUR","DisplayAmount":"21,62 €"}}]}},{"ASIN":"2709662531","DetailPageURL":"https://www.amazon.es/dp/2709662531?tag=topinalambricos-21&linkCode=osi&th=1&psc=1","Images":{"Primary":{"Small":{"Height":75,"URL":"https://m.media-amazon.com/images/I/41ZVAQfPOcL._SL75_.jpg","Width":48}}},"ItemInfo":{"ByLineInfo":{"Brand":{"DisplayValue":"LATTES","Label":"Brand","Locale":"es_ES"},"Contributors":[{"Locale":"es_ES","Name":"Grandes, Almudena","Role":"Autor","RoleType":"author"}],"Manufacturer":{"DisplayValue":"JC Lattès","Label":"Manufacturer","Locale":"es_ES"}},"Title":{"DisplayValue":"Les patients du docteur Garcia (Littérature étrangère)","Label":"Title","Locale":"es_ES"}},"Offers":{"Summaries":[{"Condition":{"Value":"Used"},"LowestPrice":{"Amount":9.11,"Currency":"EUR","DisplayAmount":"9,11 €"}},{"Condition":{"Value":"New"},"LowestPrice":{"Amount":24.5,"Currency":"EUR","DisplayAmount":"24,50 €"}}]}},{"ASIN":"B09ZJ313QS","DetailPageURL":"https://www.amazon.es/dp/B09ZJ313QS?tag=topinalambricos-21&linkCode=osi&th=1&psc=1","Images":{"Primary":{"Small":{"Height":75,"URL":"https://m.media-amazon.com/images/I/51d665e+xkL._SL75_.jpg","Width":49}}},"ItemInfo":{"ByLineInfo":{"Contributors":[{"Locale":"es_ES","Name":"Grandes, Almudena","Role":"Autor","RoleType":"author"}],"Manufacturer":{"DisplayValue":"Tusquets Editores S.A.","Label":"Manufacturer","Locale":"es_ES"}},"Title":{"DisplayValue":"Pack Episodios de una guerra interminable: Inés y la alegría, El lector de Julio Verne, Las tres bodas de Manolita, Los pacientes del doctor García, La madre de Frankenstein","Label":"Title","Locale":"es_ES"}},"Offers":{"Summaries":[{"Condition":{"Value":"New"},"LowestPrice":{"Amount":33.24,"Currency":"EUR","DisplayAmount":"33,24 €"}}]}},{"ASIN":"841107109X","DetailPageURL":"https://www.amazon.es/dp/841107109X?tag=topinalambricos-21&linkCode=osi&th=1&psc=1","Images":{"Primary":{"Small":{"Height":68,"URL":"https://m.media-amazon.com/images/I/41oxGZctc0L._SL75_.jpg","Width":75}}},"ItemInfo":{"ByLineInfo":{"Brand":{"DisplayValue":"Tusquets Editores S.A.","Label":"Brand","Locale":"es_ES"},"Contributors":[{"Locale":"es_ES","Name":"Grandes, Almudena","Role":"Autor","RoleType":"author"}],"Manufacturer":{"DisplayValue":"Tusquets Editores S.A.","Label":"Manufacturer","Locale":"es_ES"}},"Title":{"DisplayValue":"Estuche Episodios de una Guerra Interminable: Inés y la alegría, El lector de Julio Verne, Las tres bodas de Manolita, Los pacientes del doctor García, La madre de Frankenstein (Andanzas)","Label":"Title","Locale":"es_ES"}},"Offers":{"Summaries":[{"Condition":{"Value":"New"},"LowestPrice":{"Amount":107.01,"Currency":"EUR","DisplayAmount":"107,01 €"}}]}},{"ASIN":"9056726099","DetailPageURL":"https://www.amazon.es/dp/9056726099?tag=topinalambricos-21&linkCode=osi&th=1&psc=1","Images":{"Primary":{"Small":{"Height":75,"URL":"https://m.media-amazon.com/images/I/51bISkcjLRL._SL75_.jpg","Width":48}}},"ItemInfo":{"ByLineInfo":{"Brand":{"DisplayValue":"Signatuur","Label":"Brand","Locale":"es_ES"},"Contributors":[{"Locale":"es_ES","Name":"Grandes, Almudena","Role":"Autor","RoleType":"author"},{"Locale":"es_ES","Name":"Buursma, Mia","Role":"Traductor","RoleType":"translator"},{"Locale":"es_ES","Name":"Degenaar, Rikkie","Role":"Traductor","RoleType":"translator"}],"Manufacturer":{"DisplayValue":"Signatuur","Label":"Manufacturer","Locale":"es_ES"}},"Title":{"DisplayValue":"De patiënten van dokter García","Label":"Title","Locale":"es_ES"}},"Offers":{"Summaries":[{"Condition":{"Value":"New"},"LowestPrice":{"Amount":29.57,"Currency":"EUR","DisplayAmount":"29,57 €"}}]}},{"ASIN":"8408258613","DetailPageURL":"https://www.amazon.es/dp/8408258613?tag=topinalambricos-21&linkCode=osi&th=1&psc=1","Images":{"Primary":{"Small":{"Height":75,"URL":"https://m.media-amazon.com/images/I/41KF-Uf51fL._SL75_.jpg","Width":48}}},"ItemInfo":{"ByLineInfo":{"Brand":{"DisplayValue":"Booket","Label":"Brand","Locale":"es_ES"},"Contributors":[{"Locale":"es_ES","Name":"García Sáenz de Urturi, Eva","Role":"Autor","RoleType":"author"}],"Manufacturer":{"DisplayValue":"Booket","Label":"Manufacturer","Locale":"es_ES"}},"Title":{"DisplayValue":"Aquitania: Premio Planeta 2020 (Novela)","Label":"Title","Locale":"es_ES"}},"Offers":{"Summaries":[{"Condition":{"Value":"Used"},"LowestPrice":{"Amount":8.96,"Currency":"EUR","DisplayAmount":"8,96 €"}},{"Condition":{"Value":"New"},"LowestPrice":{"Amount":9.3,"Currency":"EUR","DisplayAmount":"9,30 €"}}]}},{"ASIN":"8418945702","DetailPageURL":"https://www.amazon.es/dp/8418945702?tag=topinalambricos-21&linkCode=osi&th=1&psc=1","Images":{"Primary":{"Small":{"Height":75,"URL":"https://m.media-amazon.com/images/I/51SeyYCt3sL._SL75_.jpg","Width":50}}},"ItemInfo":{"ByLineInfo":{"Contributors":[{"Locale":"es_ES","Name":"Hazelwood, Ali","Role":"Autor","RoleType":"author"},{"Locale":"es_ES","Name":"Gilabert Giménez, Nerea","Role":"Traductor","RoleType":"translator"}],"Manufacturer":{"DisplayValue":"Contraluz Editorial","Label":"Manufacturer","Locale":"es_ES"}},"Title":{"DisplayValue":"La teoría del amor (Contraluz) Español","Label":"Title","Locale":"es_ES"}},"Offers":{"Summaries":[{"Condition":{"Value":"New"},"LowestPrice":{"Amount":18.0,"Currency":"EUR","DisplayAmount":"18,00 €"}}]}}],"SearchURL":"https://www.amazon.es/s?k=los+pacientes+del+doctor+garc%C3%ADa&rh=n%3A599364031%2Cp_n_availability%3A-1&tag=topinalambricos-21&linkCode=osi","TotalResultCount":41}},"64":{"SearchResult":{"Items":[{"ASIN":"8490667799","DetailPageURL":"https://www.amazon.es/dp/8490667799?tag=topinalambricos-21&linkCode=osi&th=1&psc=1","Images":{"Primary":{"Small":{"Height":75,"URL":"https://m.media-amazon.com/images/I/41f3xK0VZCL._SL75_.jpg","Width":49}}},"ItemInfo":{"ByLineInfo":{"Brand":{"DisplayValue":"Maxi-Tusquets","Label":"Brand","Locale":"es_ES"},"Contributors":[{"Locale":"es_ES","Name":"Grandes, Almudena","Role":"Autor","RoleType":"author"}],"Manufacturer":{"DisplayValue":"Planeta","Label":"Manufacturer","Locale":"es_ES"}},"Title":{"DisplayValue":"Los pacientes del doctor García (MAXI)","Label":"Title","Locale":"es_ES"}},"Offers":{"Summaries":[{"Condition":{"Value":"New"},"LowestPrice":{"Amount":12.3,"Currency":"EUR","DisplayAmount":"12,30 €"}},{"Condition":{"Value":"Used"},"LowestPrice":{"Amount":7.95,"Currency":"EUR","DisplayAmount":"7,95 €"}}]}},{"ASIN":"8411124819","DetailPageURL":"https://www.amazon.es/dp/8411124819?tag=topinalambricos-21&linkCode=osi&th=1&psc=1","Images":{"Primary":{"Small":{"Height":75,"URL":"https://m.media-amazon.com/images/I/51IMbTEgKtL._SL75_.jpg","Width":53}}},"ItemInfo":{"ByLineInfo":{"Brand":{"DisplayValue":"Planeta Cómic","Label":"Brand","Locale":"es_ES"},"Contributors":[{"Locale":"es_ES","Name":"Grandes, Almudena","Role":"Autor","RoleType":"author"},{"Locale":"es_ES","Name":"Stassi, Claudio","Role":"Autor","RoleType":"author"}],"Manufacturer":{"DisplayValue":"Planeta Cómic","Label":"Manufacturer","Locale":"es_ES"}},"Title":{"DisplayValue":"Los pacientes del doctor García (novela gráfica): Basado en la novela de Almudena Grandes","Label":"Title","Locale":"es_ES"}},"Offers":{"Summaries":[{"Condition":{"Value":"Used"},"LowestPrice":{"Amount":19.81,"Currency":"EUR","DisplayAmount":"19,81 €"}},{"Condition":{"Value":"New"},"LowestPrice":{"Amount":23.75,"Currency":"EUR","DisplayAmount":"23,75 €"}}]}},{"ASIN":"8490664498","DetailPageURL":"https://www.amazon.es/dp/8490664498?tag=topinalambricos-21&linkCode=osi&th=1&psc=1","Images":{"Primary":{"Small":{"Height":75,"URL":"https://m.media-amazon.com/images/I/514aL8HMIWL._SL75_.jpg","Width":50}}},"ItemInfo":{"ByLineInfo":{"Contributors":[{"Locale":"es_ES","Name":"Grandes, Almudena","Role":"Autor","RoleType":"author"}],"Manufacturer":{"DisplayValue":"Tusquets.","Label":"Manufacturer","Locale":"es_ES"}},"Title":{"DisplayValue":"Los pacientes del doctor García: el fin de la esperanza y la red de evasión de criminales de guerra y jerarcas nazis dirigida por Clara Stauffer, Madrid-Buenos Aires, 1945-1955","Label":"Title","Locale":"es_ES"}},"Offers":{"Summaries":[{"Condition":{"Value":"Used"},"LowestPrice":{"Amount":14.45,"Currency":"EUR","DisplayAmount":"14,45 €"}}]}},{"ASIN":"8490664463","DetailPageURL":"https://www.amazon.es/dp/8490664463?tag=topinalambricos-21&linkCode=osi&th=1&psc=1","Images":{"Primary":{"Small":{"Height":75,"URL":"https://m.media-amazon.com/images/I/51l3IX6ssyL._SL75_.jpg","Width":49}}},"ItemInfo":{"ByLineInfo":{"Brand":{"DisplayValue":"Tusquets Editores S.A.","Label":"Brand","Locale":"es_ES"},"Contributors":[{"Locale":"es_ES","Name":"Grandes, Almudena","Role":"Autor","RoleType":"author"}],"Manufacturer":{"DisplayValue":"Tusquets Editores S.A.","Label":"Manufacturer","Locale":"es_ES"}},"Title":{"DisplayValue":"Los pacientes del doctor García: Episodios de una Guerra Interminable: 4 (Andanzas)","Label":"Title","Locale":"es_ES"}},"Offers":{"Summaries":[{"Condition":{"Value":"New"},"LowestPrice":{"Amount":26.0,"Currency":"EUR","DisplayAmount":"26,00 €"}},{"Condition":{"Value":"Used"},"LowestPrice":{"Amount":21.62,"Currency":"EUR","DisplayAmount":"21,62 €"}}]}},{"ASIN":"2709662531","DetailPageURL":"https://www.amazon.es/dp/2709662531?tag=topinalambricos-21&linkCode=osi&th=1&psc=1","Images":{"Primary":{"Small":{"Height":75,"URL":"https://m.media-amazon.com/images/I/41ZVAQfPOcL._SL75_.jpg","Width":48}}},"ItemInfo":{"ByLineInfo":{"Brand":{"DisplayValue":"LATTES","Label":"Brand","Locale":"es_ES"},"Contributors":[{"Locale":"es_ES","Name":"Grandes, Almudena","Role":"Autor","RoleType":"author"}],"Manufacturer":{"DisplayValue":"JC Lattès","Label":"Manufacturer","Locale":"es_ES"}},"Title":{"DisplayValue":"Les patients du docteur Garcia (Littérature étrangère)","Label":"Title","Locale":"es_ES"}},"Offers":{"Summaries":[{"Condition":{"Value":"Used"},"LowestPrice":{"Amount":9.11,"Currency":"EUR","DisplayAmount":"9,11 €"}},{"Condition":{"Value":"New"},"LowestPrice":{"Amount":24.5,"Currency":"EUR","DisplayAmount":"24,50 €"}}]}},{"ASIN":"B09ZJ313QS","DetailPageURL":"https://www.amazon.es/dp/B09ZJ313QS?tag=topinalambricos-21&linkCode=osi&th=1&psc=1","Images":{"Primary":{"Small":{"Height":75,"URL":"https://m.media-amazon.com/images/I/51d665e+xkL._SL75_.jpg","Width":49}}},"ItemInfo":{"ByLineInfo":{"Contributors":[{"Locale":"es_ES","Name":"Grandes, Almudena","Role":"Autor","RoleType":"author"}],"Manufacturer":{"DisplayValue":"Tusquets Editores S.A.","Label":"Manufacturer","Locale":"es_ES"}},"Title":{"DisplayValue":"Pack Episodios de una guerra interminable: Inés y la alegría, El lector de Julio Verne, Las tres bodas de Manolita, Los pacientes del doctor García, La madre de Frankenstein","Label":"Title","Locale":"es_ES"}},"Offers":{"Summaries":[{"Condition":{"Value":"New"},"LowestPrice":{"Amount":33.24,"Currency":"EUR","DisplayAmount":"33,24 €"}}]}},{"ASIN":"841107109X","DetailPageURL":"https://www.amazon.es/dp/841107109X?tag=topinalambricos-21&linkCode=osi&th=1&psc=1","Images":{"Primary":{"Small":{"Height":68,"URL":"https://m.media-amazon.com/images/I/41oxGZctc0L._SL75_.jpg","Width":75}}},"ItemInfo":{"ByLineInfo":{"Brand":{"DisplayValue":"Tusquets Editores S.A.","Label":"Brand","Locale":"es_ES"},"Contributors":[{"Locale":"es_ES","Name":"Grandes, Almudena","Role":"Autor","RoleType":"author"}],"Manufacturer":{"DisplayValue":"Tusquets Editores S.A.","Label":"Manufacturer","Locale":"es_ES"}},"Title":{"DisplayValue":"Estuche Episodios de una Guerra Interminable: Inés y la alegría, El lector de Julio Verne, Las tres bodas de Manolita, Los pacientes del doctor García, La madre de Frankenstein (Andanzas)","Label":"Title","Locale":"es_ES"}},"Offers":{"Summaries":[{"Condition":{"Value":"New"},"LowestPrice":{"Amount":107.01,"Currency":"EUR","DisplayAmount":"107,01 €"}}]}},{"ASIN":"9056726099","DetailPageURL":"https://www.amazon.es/dp/9056726099?tag=topinalambricos-21&linkCode=osi&th=1&psc=1","Images":{"Primary":{"Small":{"Height":75,"URL":"https://m.media-amazon.com/images/I/51bISkcjLRL._SL75_.jpg","Width":48}}},"ItemInfo":{"ByLineInfo":{"Brand":{"DisplayValue":"Signatuur","Label":"Brand","Locale":"es_ES"},"Contributors":[{"Locale":"es_ES","Name":"Grandes, Almudena","Role":"Autor","RoleType":"author"},{"Locale":"es_ES","Name":"Buursma, Mia","Role":"Traductor","RoleType":"translator"},{"Locale":"es_ES","Name":"Degenaar, Rikkie","Role":"Traductor","RoleType":"translator"}],"Manufacturer":{"DisplayValue":"Signatuur","Label":"Manufacturer","Locale":"es_ES"}},"Title":{"DisplayValue":"De patiënten van dokter García","Label":"Title","Locale":"es_ES"}},"Offers":{"Summaries":[{"Condition":{"Value":"New"},"LowestPrice":{"Amount":29.57,"Currency":"EUR","DisplayAmount":"29,57 €"}}]}},{"ASIN":"8408258613","DetailPageURL":"https://www.amazon.es/dp/8408258613?tag=topinalambricos-21&linkCode=osi&th=1&psc=1","Images":{"Primary":{"Small":{"Height":75,"URL":"https://m.media-amazon.com/images/I/41KF-Uf51fL._SL75_.jpg","Width":48}}},"ItemInfo":{"ByLineInfo":{"Brand":{"DisplayValue":"Booket","Label":"Brand","Locale":"es_ES"},"Contributors":[{"Locale":"es_ES","Name":"García Sáenz de Urturi, Eva","Role":"Autor","RoleType":"author"}],"Manufacturer":{"DisplayValue":"Booket","Label":"Manufacturer","Locale":"es_ES"}},"Title":{"DisplayValue":"Aquitania: Premio Planeta 2020 (Novela)","Label":"Title","Locale":"es_ES"}},"Offers":{"Summaries":[{"Condition":{"Value":"Used"},"LowestPrice":{"Amount":8.96,"Currency":"EUR","DisplayAmount":"8,96 €"}},{"Condition":{"Value":"New"},"LowestPrice":{"Amount":9.3,"Currency":"EUR","DisplayAmount":"9,30 €"}}]}},{"ASIN":"8418945702","DetailPageURL":"https://www.amazon.es/dp/8418945702?tag=topinalambricos-21&linkCode=osi&th=1&psc=1","Images":{"Primary":{"Small":{"Height":75,"URL":"https://m.media-amazon.com/images/I/51SeyYCt3sL._SL75_.jpg","Width":50}}},"ItemInfo":{"ByLineInfo":{"Contributors":[{"Locale":"es_ES","Name":"Hazelwood, Ali","Role":"Autor","RoleType":"author"},{"Locale":"es_ES","Name":"Gilabert Giménez, Nerea","Role":"Traductor","RoleType":"translator"}],"Manufacturer":{"DisplayValue":"Contraluz Editorial","Label":"Manufacturer","Locale":"es_ES"}},"Title":{"DisplayValue":"La teoría del amor (Contraluz) Español","Label":"Title","Locale":"es_ES"}},"Offers":{"Summaries":[{"Condition":{"Value":"New"},"LowestPrice":{"Amount":18.0,"Currency":"EUR","DisplayAmount":"18,00 €"}}]}}],"SearchURL":"https://www.amazon.es/s?k=los+pacientes+del+doctor+garc%C3%ADa&rh=n%3A599364031%2Cp_n_availability%3A-1&tag=topinalambricos-21&linkCode=osi","TotalResultCount":41}},"65":{"SearchResult":{"Items":[{"ASIN":"8490667799","DetailPageURL":"https://www.amazon.es/dp/8490667799?tag=topinalambricos-21&linkCode=osi&th=1&psc=1","Images":{"Primary":{"Small":{"Height":75,"URL":"https://m.media-amazon.com/images/I/41f3xK0VZCL._SL75_.jpg","Width":49}}},"ItemInfo":{"ByLineInfo":{"Brand":{"DisplayValue":"Maxi-Tusquets","Label":"Brand","Locale":"es_ES"},"Contributors":[{"Locale":"es_ES","Name":"Grandes, Almudena","Role":"Autor","RoleType":"author"}],"Manufacturer":{"DisplayValue":"Planeta","Label":"Manufacturer","Locale":"es_ES"}},"Title":{"DisplayValue":"Los pacientes del doctor García (MAXI)","Label":"Title","Locale":"es_ES"}},"Offers":{"Summaries":[{"Condition":{"Value":"New"},"LowestPrice":{"Amount":12.3,"Currency":"EUR","DisplayAmount":"12,30 €"}},{"Condition":{"Value":"Used"},"LowestPrice":{"Amount":7.95,"Currency":"EUR","DisplayAmount":"7,95 €"}}]}},{"ASIN":"8411124819","DetailPageURL":"https://www.amazon.es/dp/8411124819?tag=topinalambricos-21&linkCode=osi&th=1&psc=1","Images":{"Primary":{"Small":{"Height":75,"URL":"https://m.media-amazon.com/images/I/51IMbTEgKtL._SL75_.jpg","Width":53}}},"ItemInfo":{"ByLineInfo":{"Brand":{"DisplayValue":"Planeta Cómic","Label":"Brand","Locale":"es_ES"},"Contributors":[{"Locale":"es_ES","Name":"Grandes, Almudena","Role":"Autor","RoleType":"author"},{"Locale":"es_ES","Name":"Stassi, Claudio","Role":"Autor","RoleType":"author"}],"Manufacturer":{"DisplayValue":"Planeta Cómic","Label":"Manufacturer","Locale":"es_ES"}},"Title":{"DisplayValue":"Los pacientes del doctor García (novela gráfica): Basado en la novela de Almudena Grandes","Label":"Title","Locale":"es_ES"}},"Offers":{"Summaries":[{"Condition":{"Value":"Used"},"LowestPrice":{"Amount":19.81,"Currency":"EUR","DisplayAmount":"19,81 €"}},{"Condition":{"Value":"New"},"LowestPrice":{"Amount":23.75,"Currency":"EUR","DisplayAmount":"23,75 €"}}]}},{"ASIN":"8490664498","DetailPageURL":"https://www.amazon.es/dp/8490664498?tag=topinalambricos-21&linkCode=osi&th=1&psc=1","Images":{"Primary":{"Small":{"Height":75,"URL":"https://m.media-amazon.com/images/I/514aL8HMIWL._SL75_.jpg","Width":50}}},"ItemInfo":{"ByLineInfo":{"Contributors":[{"Locale":"es_ES","Name":"Grandes, Almudena","Role":"Autor","RoleType":"author"}],"Manufacturer":{"DisplayValue":"Tusquets.","Label":"Manufacturer","Locale":"es_ES"}},"Title":{"DisplayValue":"Los pacientes del doctor García: el fin de la esperanza y la red de evasión de criminales de guerra y jerarcas nazis dirigida por Clara Stauffer, Madrid-Buenos Aires, 1945-1955","Label":"Title","Locale":"es_ES"}},"Offers":{"Summaries":[{"Condition":{"Value":"Used"},"LowestPrice":{"Amount":14.45,"Currency":"EUR","DisplayAmount":"14,45 €"}}]}},{"ASIN":"8490664463","DetailPageURL":"https://www.amazon.es/dp/8490664463?tag=topinalambricos-21&linkCode=osi&th=1&psc=1","Images":{"Primary":{"Small":{"Height":75,"URL":"https://m.media-amazon.com/images/I/51l3IX6ssyL._SL75_.jpg","Width":49}}},"ItemInfo":{"ByLineInfo":{"Brand":{"DisplayValue":"Tusquets Editores S.A.","Label":"Brand","Locale":"es_ES"},"Contributors":[{"Locale":"es_ES","Name":"Grandes, Almudena","Role":"Autor","RoleType":"author"}],"Manufacturer":{"DisplayValue":"Tusquets Editores S.A.","Label":"Manufacturer","Locale":"es_ES"}},"Title":{"DisplayValue":"Los pacientes del doctor García: Episodios de una Guerra Interminable: 4 (Andanzas)","Label":"Title","Locale":"es_ES"}},"Offers":{"Summaries":[{"Condition":{"Value":"New"},"LowestPrice":{"Amount":26.0,"Currency":"EUR","DisplayAmount":"26,00 €"}},{"Condition":{"Value":"Used"},"LowestPrice":{"Amount":21.62,"Currency":"EUR","DisplayAmount":"21,62 €"}}]}},{"ASIN":"2709662531","DetailPageURL":"https://www.amazon.es/dp/2709662531?tag=topinalambricos-21&linkCode=osi&th=1&psc=1","Images":{"Primary":{"Small":{"Height":75,"URL":"https://m.media-amazon.com/images/I/41ZVAQfPOcL._SL75_.jpg","Width":48}}},"ItemInfo":{"ByLineInfo":{"Brand":{"DisplayValue":"LATTES","Label":"Brand","Locale":"es_ES"},"Contributors":[{"Locale":"es_ES","Name":"Grandes, Almudena","Role":"Autor","RoleType":"author"}],"Manufacturer":{"DisplayValue":"JC Lattès","Label":"Manufacturer","Locale":"es_ES"}},"Title":{"DisplayValue":"Les patients du docteur Garcia (Littérature étrangère)","Label":"Title","Locale":"es_ES"}},"Offers":{"Summaries":[{"Condition":{"Value":"Used"},"LowestPrice":{"Amount":9.11,"Currency":"EUR","DisplayAmount":"9,11 €"}},{"Condition":{"Value":"New"},"LowestPrice":{"Amount":24.5,"Currency":"EUR","DisplayAmount":"24,50 €"}}]}},{"ASIN":"B09ZJ313QS","DetailPageURL":"https://www.amazon.es/dp/B09ZJ313QS?tag=topinalambricos-21&linkCode=osi&th=1&psc=1","Images":{"Primary":{"Small":{"Height":75,"URL":"https://m.media-amazon.com/images/I/51d665e+xkL._SL75_.jpg","Width":49}}},"ItemInfo":{"ByLineInfo":{"Contributors":[{"Locale":"es_ES","Name":"Grandes, Almudena","Role":"Autor","RoleType":"author"}],"Manufacturer":{"DisplayValue":"Tusquets Editores S.A.","Label":"Manufacturer","Locale":"es_ES"}},"Title":{"DisplayValue":"Pack Episodios de una guerra interminable: Inés y la alegría, El lector de Julio Verne, Las tres bodas de Manolita, Los pacientes del doctor García, La madre de Frankenstein","Label":"Title","Locale":"es_ES"}},"Offers":{"Summaries":[{"Condition":{"Value":"New"},"LowestPrice":{"Amount":33.24,"Currency":"EUR","DisplayAmount":"33,24 €"}}]}},{"ASIN":"841107109X","DetailPageURL":"https://www.amazon.es/dp/841107109X?tag=topinalambricos-21&linkCode=osi&th=1&psc=1","Images":{"Primary":{"Small":{"Height":68,"URL":"https://m.media-amazon.com/images/I/41oxGZctc0L._SL75_.jpg","Width":75}}},"ItemInfo":{"ByLineInfo":{"Brand":{"DisplayValue":"Tusquets Editores S.A.","Label":"Brand","Locale":"es_ES"},"Contributors":[{"Locale":"es_ES","Name":"Grandes, Almudena","Role":"Autor","RoleType":"author"}],"Manufacturer":{"DisplayValue":"Tusquets Editores S.A.","Label":"Manufacturer","Locale":"es_ES"}},"Title":{"DisplayValue":"Estuche Episodios de una Guerra Interminable: Inés y la alegría, El lector de Julio Verne, Las tres bodas de Manolita, Los pacientes del doctor García, La madre de Frankenstein (Andanzas)","Label":"Title","Locale":"es_ES"}},"Offers":{"Summaries":[{"Condition":{"Value":"New"},"LowestPrice":{"Amount":107.01,"Currency":"EUR","DisplayAmount":"107,01 €"}}]}},{"ASIN":"9056726099","DetailPageURL":"https://www.amazon.es/dp/9056726099?tag=topinalambricos-21&linkCode=osi&th=1&psc=1","Images":{"Primary":{"Small":{"Height":75,"URL":"https://m.media-amazon.com/images/I/51bISkcjLRL._SL75_.jpg","Width":48}}},"ItemInfo":{"ByLineInfo":{"Brand":{"DisplayValue":"Signatuur","Label":"Brand","Locale":"es_ES"},"Contributors":[{"Locale":"es_ES","Name":"Grandes, Almudena","Role":"Autor","RoleType":"author"},{"Locale":"es_ES","Name":"Buursma, Mia","Role":"Traductor","RoleType":"translator"},{"Locale":"es_ES","Name":"Degenaar, Rikkie","Role":"Traductor","RoleType":"translator"}],"Manufacturer":{"DisplayValue":"Signatuur","Label":"Manufacturer","Locale":"es_ES"}},"Title":{"DisplayValue":"De patiënten van dokter García","Label":"Title","Locale":"es_ES"}},"Offers":{"Summaries":[{"Condition":{"Value":"New"},"LowestPrice":{"Amount":29.57,"Currency":"EUR","DisplayAmount":"29,57 €"}}]}},{"ASIN":"8408258613","DetailPageURL":"https://www.amazon.es/dp/8408258613?tag=topinalambricos-21&linkCode=osi&th=1&psc=1","Images":{"Primary":{"Small":{"Height":75,"URL":"https://m.media-amazon.com/images/I/41KF-Uf51fL._SL75_.jpg","Width":48}}},"ItemInfo":{"ByLineInfo":{"Brand":{"DisplayValue":"Booket","Label":"Brand","Locale":"es_ES"},"Contributors":[{"Locale":"es_ES","Name":"García Sáenz de Urturi, Eva","Role":"Autor","RoleType":"author"}],"Manufacturer":{"DisplayValue":"Booket","Label":"Manufacturer","Locale":"es_ES"}},"Title":{"DisplayValue":"Aquitania: Premio Planeta 2020 (Novela)","Label":"Title","Locale":"es_ES"}},"Offers":{"Summaries":[{"Condition":{"Value":"Used"},"LowestPrice":{"Amount":8.96,"Currency":"EUR","DisplayAmount":"8,96 €"}},{"Condition":{"Value":"New"},"LowestPrice":{"Amount":9.3,"Currency":"EUR","DisplayAmount":"9,30 €"}}]}},{"ASIN":"8418945702","DetailPageURL":"https://www.amazon.es/dp/8418945702?tag=topinalambricos-21&linkCode=osi&th=1&psc=1","Images":{"Primary":{"Small":{"Height":75,"URL":"https://m.media-amazon.com/images/I/51SeyYCt3sL._SL75_.jpg","Width":50}}},"ItemInfo":{"ByLineInfo":{"Contributors":[{"Locale":"es_ES","Name":"Hazelwood, Ali","Role":"Autor","RoleType":"author"},{"Locale":"es_ES","Name":"Gilabert Giménez, Nerea","Role":"Traductor","RoleType":"translator"}],"Manufacturer":{"DisplayValue":"Contraluz Editorial","Label":"Manufacturer","Locale":"es_ES"}},"Title":{"DisplayValue":"La teoría del amor (Contraluz) Español","Label":"Title","Locale":"es_ES"}},"Offers":{"Summaries":[{"Condition":{"Value":"New"},"LowestPrice":{"Amount":18.0,"Currency":"EUR","DisplayAmount":"18,00 €"}}]}}],"SearchURL":"https://www.amazon.es/s?k=los+pacientes+del+doctor+garc%C3%ADa&rh=n%3A599364031%2Cp_n_availability%3A-1&tag=topinalambricos-21&linkCode=osi","TotalResultCount":41}},"67":{"SearchResult":{"Items":[{"ASIN":"8490667799","DetailPageURL":"https://www.amazon.es/dp/8490667799?tag=topinalambricos-21&linkCode=osi&th=1&psc=1","Images":{"Primary":{"Small":{"Height":75,"URL":"https://m.media-amazon.com/images/I/41f3xK0VZCL._SL75_.jpg","Width":49}}},"ItemInfo":{"ByLineInfo":{"Brand":{"DisplayValue":"Maxi-Tusquets","Label":"Brand","Locale":"es_ES"},"Contributors":[{"Locale":"es_ES","Name":"Grandes, Almudena","Role":"Autor","RoleType":"author"}],"Manufacturer":{"DisplayValue":"Planeta","Label":"Manufacturer","Locale":"es_ES"}},"Title":{"DisplayValue":"Los pacientes del doctor García (MAXI)","Label":"Title","Locale":"es_ES"}},"Offers":{"Summaries":[{"Condition":{"Value":"New"},"LowestPrice":{"Amount":12.3,"Currency":"EUR","DisplayAmount":"12,30 €"}},{"Condition":{"Value":"Used"},"LowestPrice":{"Amount":7.95,"Currency":"EUR","DisplayAmount":"7,95 €"}}]}},{"ASIN":"8411124819","DetailPageURL":"https://www.amazon.es/dp/8411124819?tag=topinalambricos-21&linkCode=osi&th=1&psc=1","Images":{"Primary":{"Small":{"Height":75,"URL":"https://m.media-amazon.com/images/I/51IMbTEgKtL._SL75_.jpg","Width":53}}},"ItemInfo":{"ByLineInfo":{"Brand":{"DisplayValue":"Planeta Cómic","Label":"Brand","Locale":"es_ES"},"Contributors":[{"Locale":"es_ES","Name":"Grandes, Almudena","Role":"Autor","RoleType":"author"},{"Locale":"es_ES","Name":"Stassi, Claudio","Role":"Autor","RoleType":"author"}],"Manufacturer":{"DisplayValue":"Planeta Cómic","Label":"Manufacturer","Locale":"es_ES"}},"Title":{"DisplayValue":"Los pacientes del doctor García (novela gráfica): Basado en la novela de Almudena Grandes","Label":"Title","Locale":"es_ES"}},"Offers":{"Summaries":[{"Condition":{"Value":"Used"},"LowestPrice":{"Amount":19.81,"Currency":"EUR","DisplayAmount":"19,81 €"}},{"Condition":{"Value":"New"},"LowestPrice":{"Amount":23.75,"Currency":"EUR","DisplayAmount":"23,75 €"}}]}},{"ASIN":"8490664498","DetailPageURL":"https://www.amazon.es/dp/8490664498?tag=topinalambricos-21&linkCode=osi&th=1&psc=1","Images":{"Primary":{"Small":{"Height":75,"URL":"https://m.media-amazon.com/images/I/514aL8HMIWL._SL75_.jpg","Width":50}}},"ItemInfo":{"ByLineInfo":{"Contributors":[{"Locale":"es_ES","Name":"Grandes, Almudena","Role":"Autor","RoleType":"author"}],"Manufacturer":{"DisplayValue":"Tusquets.","Label":"Manufacturer","Locale":"es_ES"}},"Title":{"DisplayValue":"Los pacientes del doctor García: el fin de la esperanza y la red de evasión de criminales de guerra y jerarcas nazis dirigida por Clara Stauffer, Madrid-Buenos Aires, 1945-1955","Label":"Title","Locale":"es_ES"}},"Offers":{"Summaries":[{"Condition":{"Value":"Used"},"LowestPrice":{"Amount":14.45,"Currency":"EUR","DisplayAmount":"14,45 €"}}]}},{"ASIN":"8490664463","DetailPageURL":"https://www.amazon.es/dp/8490664463?tag=topinalambricos-21&linkCode=osi&th=1&psc=1","Images":{"Primary":{"Small":{"Height":75,"URL":"https://m.media-amazon.com/images/I/51l3IX6ssyL._SL75_.jpg","Width":49}}},"ItemInfo":{"ByLineInfo":{"Brand":{"DisplayValue":"Tusquets Editores S.A.","Label":"Brand","Locale":"es_ES"},"Contributors":[{"Locale":"es_ES","Name":"Grandes, Almudena","Role":"Autor","RoleType":"author"}],"Manufacturer":{"DisplayValue":"Tusquets Editores S.A.","Label":"Manufacturer","Locale":"es_ES"}},"Title":{"DisplayValue":"Los pacientes del doctor García: Episodios de una Guerra Interminable: 4 (Andanzas)","Label":"Title","Locale":"es_ES"}},"Offers":{"Summaries":[{"Condition":{"Value":"New"},"LowestPrice":{"Amount":26.0,"Currency":"EUR","DisplayAmount":"26,00 €"}},{"Condition":{"Value":"Used"},"LowestPrice":{"Amount":21.62,"Currency":"EUR","DisplayAmount":"21,62 €"}}]}},{"ASIN":"2709662531","DetailPageURL":"https://www.amazon.es/dp/2709662531?tag=topinalambricos-21&linkCode=osi&th=1&psc=1","Images":{"Primary":{"Small":{"Height":75,"URL":"https://m.media-amazon.com/images/I/41ZVAQfPOcL._SL75_.jpg","Width":48}}},"ItemInfo":{"ByLineInfo":{"Brand":{"DisplayValue":"LATTES","Label":"Brand","Locale":"es_ES"},"Contributors":[{"Locale":"es_ES","Name":"Grandes, Almudena","Role":"Autor","RoleType":"author"}],"Manufacturer":{"DisplayValue":"JC Lattès","Label":"Manufacturer","Locale":"es_ES"}},"Title":{"DisplayValue":"Les patients du docteur Garcia (Littérature étrangère)","Label":"Title","Locale":"es_ES"}},"Offers":{"Summaries":[{"Condition":{"Value":"Used"},"LowestPrice":{"Amount":9.11,"Currency":"EUR","DisplayAmount":"9,11 €"}},{"Condition":{"Value":"New"},"LowestPrice":{"Amount":24.5,"Currency":"EUR","DisplayAmount":"24,50 €"}}]}},{"ASIN":"B09ZJ313QS","DetailPageURL":"https://www.amazon.es/dp/B09ZJ313QS?tag=topinalambricos-21&linkCode=osi&th=1&psc=1","Images":{"Primary":{"Small":{"Height":75,"URL":"https://m.media-amazon.com/images/I/51d665e+xkL._SL75_.jpg","Width":49}}},"ItemInfo":{"ByLineInfo":{"Contributors":[{"Locale":"es_ES","Name":"Grandes, Almudena","Role":"Autor","RoleType":"author"}],"Manufacturer":{"DisplayValue":"Tusquets Editores S.A.","Label":"Manufacturer","Locale":"es_ES"}},"Title":{"DisplayValue":"Pack Episodios de una guerra interminable: Inés y la alegría, El lector de Julio Verne, Las tres bodas de Manolita, Los pacientes del doctor García, La madre de Frankenstein","Label":"Title","Locale":"es_ES"}},"Offers":{"Summaries":[{"Condition":{"Value":"New"},"LowestPrice":{"Amount":33.24,"Currency":"EUR","DisplayAmount":"33,24 €"}}]}},{"ASIN":"841107109X","DetailPageURL":"https://www.amazon.es/dp/841107109X?tag=topinalambricos-21&linkCode=osi&th=1&psc=1","Images":{"Primary":{"Small":{"Height":68,"URL":"https://m.media-amazon.com/images/I/41oxGZctc0L._SL75_.jpg","Width":75}}},"ItemInfo":{"ByLineInfo":{"Brand":{"DisplayValue":"Tusquets Editores S.A.","Label":"Brand","Locale":"es_ES"},"Contributors":[{"Locale":"es_ES","Name":"Grandes, Almudena","Role":"Autor","RoleType":"author"}],"Manufacturer":{"DisplayValue":"Tusquets Editores S.A.","Label":"Manufacturer","Locale":"es_ES"}},"Title":{"DisplayValue":"Estuche Episodios de una Guerra Interminable: Inés y la alegría, El lector de Julio Verne, Las tres bodas de Manolita, Los pacientes del doctor García, La madre de Frankenstein (Andanzas)","Label":"Title","Locale":"es_ES"}},"Offers":{"Summaries":[{"Condition":{"Value":"New"},"LowestPrice":{"Amount":107.01,"Currency":"EUR","DisplayAmount":"107,01 €"}}]}},{"ASIN":"9056726099","DetailPageURL":"https://www.amazon.es/dp/9056726099?tag=topinalambricos-21&linkCode=osi&th=1&psc=1","Images":{"Primary":{"Small":{"Height":75,"URL":"https://m.media-amazon.com/images/I/51bISkcjLRL._SL75_.jpg","Width":48}}},"ItemInfo":{"ByLineInfo":{"Brand":{"DisplayValue":"Signatuur","Label":"Brand","Locale":"es_ES"},"Contributors":[{"Locale":"es_ES","Name":"Grandes, Almudena","Role":"Autor","RoleType":"author"},{"Locale":"es_ES","Name":"Buursma, Mia","Role":"Traductor","RoleType":"translator"},{"Locale":"es_ES","Name":"Degenaar, Rikkie","Role":"Traductor","RoleType":"translator"}],"Manufacturer":{"DisplayValue":"Signatuur","Label":"Manufacturer","Locale":"es_ES"}},"Title":{"DisplayValue":"De patiënten van dokter García","Label":"Title","Locale":"es_ES"}},"Offers":{"Summaries":[{"Condition":{"Value":"New"},"LowestPrice":{"Amount":29.57,"Currency":"EUR","DisplayAmount":"29,57 €"}}]}},{"ASIN":"8408258613","DetailPageURL":"https://www.amazon.es/dp/8408258613?tag=topinalambricos-21&linkCode=osi&th=1&psc=1","Images":{"Primary":{"Small":{"Height":75,"URL":"https://m.media-amazon.com/images/I/41KF-Uf51fL._SL75_.jpg","Width":48}}},"ItemInfo":{"ByLineInfo":{"Brand":{"DisplayValue":"Booket","Label":"Brand","Locale":"es_ES"},"Contributors":[{"Locale":"es_ES","Name":"García Sáenz de Urturi, Eva","Role":"Autor","RoleType":"author"}],"Manufacturer":{"DisplayValue":"Booket","Label":"Manufacturer","Locale":"es_ES"}},"Title":{"DisplayValue":"Aquitania: Premio Planeta 2020 (Novela)","Label":"Title","Locale":"es_ES"}},"Offers":{"Summaries":[{"Condition":{"Value":"Used"},"LowestPrice":{"Amount":8.96,"Currency":"EUR","DisplayAmount":"8,96 €"}},{"Condition":{"Value":"New"},"LowestPrice":{"Amount":9.3,"Currency":"EUR","DisplayAmount":"9,30 €"}}]}},{"ASIN":"8418945702","DetailPageURL":"https://www.amazon.es/dp/8418945702?tag=topinalambricos-21&linkCode=osi&th=1&psc=1","Images":{"Primary":{"Small":{"Height":75,"URL":"https://m.media-amazon.com/images/I/51SeyYCt3sL._SL75_.jpg","Width":50}}},"ItemInfo":{"ByLineInfo":{"Contributors":[{"Locale":"es_ES","Name":"Hazelwood, Ali","Role":"Autor","RoleType":"author"},{"Locale":"es_ES","Name":"Gilabert Giménez, Nerea","Role":"Traductor","RoleType":"translator"}],"Manufacturer":{"DisplayValue":"Contraluz Editorial","Label":"Manufacturer","Locale":"es_ES"}},"Title":{"DisplayValue":"La teoría del amor (Contraluz) Español","Label":"Title","Locale":"es_ES"}},"Offers":{"Summaries":[{"Condition":{"Value":"New"},"LowestPrice":{"Amount":18.0,"Currency":"EUR","DisplayAmount":"18,00 €"}}]}}],"SearchURL":"https://www.amazon.es/s?k=los+pacientes+del+doctor+garc%C3%ADa&rh=n%3A599364031%2Cp_n_availability%3A-1&tag=topinalambricos-21&linkCode=osi","TotalResultCount":41}},"68":{"SearchResult":{"Items":[{"ASIN":"8490667799","DetailPageURL":"https://www.amazon.es/dp/8490667799?tag=topinalambricos-21&linkCode=osi&th=1&psc=1","Images":{"Primary":{"Small":{"Height":75,"URL":"https://m.media-amazon.com/images/I/41f3xK0VZCL._SL75_.jpg","Width":49}}},"ItemInfo":{"ByLineInfo":{"Brand":{"DisplayValue":"Maxi-Tusquets","Label":"Brand","Locale":"es_ES"},"Contributors":[{"Locale":"es_ES","Name":"Grandes, Almudena","Role":"Autor","RoleType":"author"}],"Manufacturer":{"DisplayValue":"Planeta","Label":"Manufacturer","Locale":"es_ES"}},"Title":{"DisplayValue":"Los pacientes del doctor García (MAXI)","Label":"Title","Locale":"es_ES"}},"Offers":{"Summaries":[{"Condition":{"Value":"New"},"LowestPrice":{"Amount":12.3,"Currency":"EUR","DisplayAmount":"12,30 €"}},{"Condition":{"Value":"Used"},"LowestPrice":{"Amount":7.95,"Currency":"EUR","DisplayAmount":"7,95 €"}}]}},{"ASIN":"8411124819","DetailPageURL":"https://www.amazon.es/dp/8411124819?tag=topinalambricos-21&linkCode=osi&th=1&psc=1","Images":{"Primary":{"Small":{"Height":75,"URL":"https://m.media-amazon.com/images/I/51IMbTEgKtL._SL75_.jpg","Width":53}}},"ItemInfo":{"ByLineInfo":{"Brand":{"DisplayValue":"Planeta Cómic","Label":"Brand","Locale":"es_ES"},"Contributors":[{"Locale":"es_ES","Name":"Grandes, Almudena","Role":"Autor","RoleType":"author"},{"Locale":"es_ES","Name":"Stassi, Claudio","Role":"Autor","RoleType":"author"}],"Manufacturer":{"DisplayValue":"Planeta Cómic","Label":"Manufacturer","Locale":"es_ES"}},"Title":{"DisplayValue":"Los pacientes del doctor García (novela gráfica): Basado en la novela de Almudena Grandes","Label":"Title","Locale":"es_ES"}},"Offers":{"Summaries":[{"Condition":{"Value":"Used"},"LowestPrice":{"Amount":19.81,"Currency":"EUR","DisplayAmount":"19,81 €"}},{"Condition":{"Value":"New"},"LowestPrice":{"Amount":23.75,"Currency":"EUR","DisplayAmount":"23,75 €"}}]}},{"ASIN":"8490664498","DetailPageURL":"https://www.amazon.es/dp/8490664498?tag=topinalambricos-21&linkCode=osi&th=1&psc=1","Images":{"Primary":{"Small":{"Height":75,"URL":"https://m.media-amazon.com/images/I/514aL8HMIWL._SL75_.jpg","Width":50}}},"ItemInfo":{"ByLineInfo":{"Contributors":[{"Locale":"es_ES","Name":"Grandes, Almudena","Role":"Autor","RoleType":"author"}],"Manufacturer":{"DisplayValue":"Tusquets.","Label":"Manufacturer","Locale":"es_ES"}},"Title":{"DisplayValue":"Los pacientes del doctor García: el fin de la esperanza y la red de evasión de criminales de guerra y jerarcas nazis dirigida por Clara Stauffer, Madrid-Buenos Aires, 1945-1955","Label":"Title","Locale":"es_ES"}},"Offers":{"Summaries":[{"Condition":{"Value":"Used"},"LowestPrice":{"Amount":14.45,"Currency":"EUR","DisplayAmount":"14,45 €"}}]}},{"ASIN":"8490664463","DetailPageURL":"https://www.amazon.es/dp/8490664463?tag=topinalambricos-21&linkCode=osi&th=1&psc=1","Images":{"Primary":{"Small":{"Height":75,"URL":"https://m.media-amazon.com/images/I/51l3IX6ssyL._SL75_.jpg","Width":49}}},"ItemInfo":{"ByLineInfo":{"Brand":{"DisplayValue":"Tusquets Editores S.A.","Label":"Brand","Locale":"es_ES"},"Contributors":[{"Locale":"es_ES","Name":"Grandes, Almudena","Role":"Autor","RoleType":"author"}],"Manufacturer":{"DisplayValue":"Tusquets Editores S.A.","Label":"Manufacturer","Locale":"es_ES"}},"Title":{"DisplayValue":"Los pacientes del doctor García: Episodios de una Guerra Interminable: 4 (Andanzas)","Label":"Title","Locale":"es_ES"}},"Offers":{"Summaries":[{"Condition":{"Value":"New"},"LowestPrice":{"Amount":26.0,"Currency":"EUR","DisplayAmount":"26,00 €"}},{"Condition":{"Value":"Used"},"LowestPrice":{"Amount":21.62,"Currency":"EUR","DisplayAmount":"21,62 €"}}]}},{"ASIN":"2709662531","DetailPageURL":"https://www.amazon.es/dp/2709662531?tag=topinalambricos-21&linkCode=osi&th=1&psc=1","Images":{"Primary":{"Small":{"Height":75,"URL":"https://m.media-amazon.com/images/I/41ZVAQfPOcL._SL75_.jpg","Width":48}}},"ItemInfo":{"ByLineInfo":{"Brand":{"DisplayValue":"LATTES","Label":"Brand","Locale":"es_ES"},"Contributors":[{"Locale":"es_ES","Name":"Grandes, Almudena","Role":"Autor","RoleType":"author"}],"Manufacturer":{"DisplayValue":"JC Lattès","Label":"Manufacturer","Locale":"es_ES"}},"Title":{"DisplayValue":"Les patients du docteur Garcia (Littérature étrangère)","Label":"Title","Locale":"es_ES"}},"Offers":{"Summaries":[{"Condition":{"Value":"Used"},"LowestPrice":{"Amount":9.11,"Currency":"EUR","DisplayAmount":"9,11 €"}},{"Condition":{"Value":"New"},"LowestPrice":{"Amount":24.5,"Currency":"EUR","DisplayAmount":"24,50 €"}}]}},{"ASIN":"B09ZJ313QS","DetailPageURL":"https://www.amazon.es/dp/B09ZJ313QS?tag=topinalambricos-21&linkCode=osi&th=1&psc=1","Images":{"Primary":{"Small":{"Height":75,"URL":"https://m.media-amazon.com/images/I/51d665e+xkL._SL75_.jpg","Width":49}}},"ItemInfo":{"ByLineInfo":{"Contributors":[{"Locale":"es_ES","Name":"Grandes, Almudena","Role":"Autor","RoleType":"author"}],"Manufacturer":{"DisplayValue":"Tusquets Editores S.A.","Label":"Manufacturer","Locale":"es_ES"}},"Title":{"DisplayValue":"Pack Episodios de una guerra interminable: Inés y la alegría, El lector de Julio Verne, Las tres bodas de Manolita, Los pacientes del doctor García, La madre de Frankenstein","Label":"Title","Locale":"es_ES"}},"Offers":{"Summaries":[{"Condition":{"Value":"New"},"LowestPrice":{"Amount":33.24,"Currency":"EUR","DisplayAmount":"33,24 €"}}]}},{"ASIN":"841107109X","DetailPageURL":"https://www.amazon.es/dp/841107109X?tag=topinalambricos-21&linkCode=osi&th=1&psc=1","Images":{"Primary":{"Small":{"Height":68,"URL":"https://m.media-amazon.com/images/I/41oxGZctc0L._SL75_.jpg","Width":75}}},"ItemInfo":{"ByLineInfo":{"Brand":{"DisplayValue":"Tusquets Editores S.A.","Label":"Brand","Locale":"es_ES"},"Contributors":[{"Locale":"es_ES","Name":"Grandes, Almudena","Role":"Autor","RoleType":"author"}],"Manufacturer":{"DisplayValue":"Tusquets Editores S.A.","Label":"Manufacturer","Locale":"es_ES"}},"Title":{"DisplayValue":"Estuche Episodios de una Guerra Interminable: Inés y la alegría, El lector de Julio Verne, Las tres bodas de Manolita, Los pacientes del doctor García, La madre de Frankenstein (Andanzas)","Label":"Title","Locale":"es_ES"}},"Offers":{"Summaries":[{"Condition":{"Value":"New"},"LowestPrice":{"Amount":107.01,"Currency":"EUR","DisplayAmount":"107,01 €"}}]}},{"ASIN":"9056726099","DetailPageURL":"https://www.amazon.es/dp/9056726099?tag=topinalambricos-21&linkCode=osi&th=1&psc=1","Images":{"Primary":{"Small":{"Height":75,"URL":"https://m.media-amazon.com/images/I/51bISkcjLRL._SL75_.jpg","Width":48}}},"ItemInfo":{"ByLineInfo":{"Brand":{"DisplayValue":"Signatuur","Label":"Brand","Locale":"es_ES"},"Contributors":[{"Locale":"es_ES","Name":"Grandes, Almudena","Role":"Autor","RoleType":"author"},{"Locale":"es_ES","Name":"Buursma, Mia","Role":"Traductor","RoleType":"translator"},{"Locale":"es_ES","Name":"Degenaar, Rikkie","Role":"Traductor","RoleType":"translator"}],"Manufacturer":{"DisplayValue":"Signatuur","Label":"Manufacturer","Locale":"es_ES"}},"Title":{"DisplayValue":"De patiënten van dokter García","Label":"Title","Locale":"es_ES"}},"Offers":{"Summaries":[{"Condition":{"Value":"New"},"LowestPrice":{"Amount":29.57,"Currency":"EUR","DisplayAmount":"29,57 €"}}]}},{"ASIN":"8408258613","DetailPageURL":"https://www.amazon.es/dp/8408258613?tag=topinalambricos-21&linkCode=osi&th=1&psc=1","Images":{"Primary":{"Small":{"Height":75,"URL":"https://m.media-amazon.com/images/I/41KF-Uf51fL._SL75_.jpg","Width":48}}},"ItemInfo":{"ByLineInfo":{"Brand":{"DisplayValue":"Booket","Label":"Brand","Locale":"es_ES"},"Contributors":[{"Locale":"es_ES","Name":"García Sáenz de Urturi, Eva","Role":"Autor","RoleType":"author"}],"Manufacturer":{"DisplayValue":"Booket","Label":"Manufacturer","Locale":"es_ES"}},"Title":{"DisplayValue":"Aquitania: Premio Planeta 2020 (Novela)","Label":"Title","Locale":"es_ES"}},"Offers":{"Summaries":[{"Condition":{"Value":"Used"},"LowestPrice":{"Amount":8.96,"Currency":"EUR","DisplayAmount":"8,96 €"}},{"Condition":{"Value":"New"},"LowestPrice":{"Amount":9.3,"Currency":"EUR","DisplayAmount":"9,30 €"}}]}},{"ASIN":"8418945702","DetailPageURL":"https://www.amazon.es/dp/8418945702?tag=topinalambricos-21&linkCode=osi&th=1&psc=1","Images":{"Primary":{"Small":{"Height":75,"URL":"https://m.media-amazon.com/images/I/51SeyYCt3sL._SL75_.jpg","Width":50}}},"ItemInfo":{"ByLineInfo":{"Contributors":[{"Locale":"es_ES","Name":"Hazelwood, Ali","Role":"Autor","RoleType":"author"},{"Locale":"es_ES","Name":"Gilabert Giménez, Nerea","Role":"Traductor","RoleType":"translator"}],"Manufacturer":{"DisplayValue":"Contraluz Editorial","Label":"Manufacturer","Locale":"es_ES"}},"Title":{"DisplayValue":"La teoría del amor (Contraluz) Español","Label":"Title","Locale":"es_ES"}},"Offers":{"Summaries":[{"Condition":{"Value":"New"},"LowestPrice":{"Amount":18.0,"Currency":"EUR","DisplayAmount":"18,00 €"}}]}}],"SearchURL":"https://www.amazon.es/s?k=los+pacientes+del+doctor+garc%C3%ADa&rh=n%3A599364031%2Cp_n_availability%3A-1&tag=topinalambricos-21&linkCode=osi","TotalResultCount":41}},"69":{"SearchResult":{"Items":[{"ASIN":"8490667799","DetailPageURL":"https://www.amazon.es/dp/8490667799?tag=topinalambricos-21&linkCode=osi&th=1&psc=1","Images":{"Primary":{"Small":{"Height":75,"URL":"https://m.media-amazon.com/images/I/41f3xK0VZCL._SL75_.jpg","Width":49}}},"ItemInfo":{"ByLineInfo":{"Brand":{"DisplayValue":"Maxi-Tusquets","Label":"Brand","Locale":"es_ES"},"Contributors":[{"Locale":"es_ES","Name":"Grandes, Almudena","Role":"Autor","RoleType":"author"}],"Manufacturer":{"DisplayValue":"Planeta","Label":"Manufacturer","Locale":"es_ES"}},"Title":{"DisplayValue":"Los pacientes del doctor García (MAXI)","Label":"Title","Locale":"es_ES"}},"Offers":{"Summaries":[{"Condition":{"Value":"New"},"LowestPrice":{"Amount":12.3,"Currency":"EUR","DisplayAmount":"12,30 €"}},{"Condition":{"Value":"Used"},"LowestPrice":{"Amount":7.95,"Currency":"EUR","DisplayAmount":"7,95 €"}}]}},{"ASIN":"8411124819","DetailPageURL":"https://www.amazon.es/dp/8411124819?tag=topinalambricos-21&linkCode=osi&th=1&psc=1","Images":{"Primary":{"Small":{"Height":75,"URL":"https://m.media-amazon.com/images/I/51IMbTEgKtL._SL75_.jpg","Width":53}}},"ItemInfo":{"ByLineInfo":{"Brand":{"DisplayValue":"Planeta Cómic","Label":"Brand","Locale":"es_ES"},"Contributors":[{"Locale":"es_ES","Name":"Grandes, Almudena","Role":"Autor","RoleType":"author"},{"Locale":"es_ES","Name":"Stassi, Claudio","Role":"Autor","RoleType":"author"}],"Manufacturer":{"DisplayValue":"Planeta Cómic","Label":"Manufacturer","Locale":"es_ES"}},"Title":{"DisplayValue":"Los pacientes del doctor García (novela gráfica): Basado en la novela de Almudena Grandes","Label":"Title","Locale":"es_ES"}},"Offers":{"Summaries":[{"Condition":{"Value":"Used"},"LowestPrice":{"Amount":19.81,"Currency":"EUR","DisplayAmount":"19,81 €"}},{"Condition":{"Value":"New"},"LowestPrice":{"Amount":23.75,"Currency":"EUR","DisplayAmount":"23,75 €"}}]}},{"ASIN":"8490664498","DetailPageURL":"https://www.amazon.es/dp/8490664498?tag=topinalambricos-21&linkCode=osi&th=1&psc=1","Images":{"Primary":{"Small":{"Height":75,"URL":"https://m.media-amazon.com/images/I/514aL8HMIWL._SL75_.jpg","Width":50}}},"ItemInfo":{"ByLineInfo":{"Contributors":[{"Locale":"es_ES","Name":"Grandes, Almudena","Role":"Autor","RoleType":"author"}],"Manufacturer":{"DisplayValue":"Tusquets.","Label":"Manufacturer","Locale":"es_ES"}},"Title":{"DisplayValue":"Los pacientes del doctor García: el fin de la esperanza y la red de evasión de criminales de guerra y jerarcas nazis dirigida por Clara Stauffer, Madrid-Buenos Aires, 1945-1955","Label":"Title","Locale":"es_ES"}},"Offers":{"Summaries":[{"Condition":{"Value":"Used"},"LowestPrice":{"Amount":14.45,"Currency":"EUR","DisplayAmount":"14,45 €"}}]}},{"ASIN":"8490664463","DetailPageURL":"https://www.amazon.es/dp/8490664463?tag=topinalambricos-21&linkCode=osi&th=1&psc=1","Images":{"Primary":{"Small":{"Height":75,"URL":"https://m.media-amazon.com/images/I/51l3IX6ssyL._SL75_.jpg","Width":49}}},"ItemInfo":{"ByLineInfo":{"Brand":{"DisplayValue":"Tusquets Editores S.A.","Label":"Brand","Locale":"es_ES"},"Contributors":[{"Locale":"es_ES","Name":"Grandes, Almudena","Role":"Autor","RoleType":"author"}],"Manufacturer":{"DisplayValue":"Tusquets Editores S.A.","Label":"Manufacturer","Locale":"es_ES"}},"Title":{"DisplayValue":"Los pacientes del doctor García: Episodios de una Guerra Interminable: 4 (Andanzas)","Label":"Title","Locale":"es_ES"}},"Offers":{"Summaries":[{"Condition":{"Value":"New"},"LowestPrice":{"Amount":26.0,"Currency":"EUR","DisplayAmount":"26,00 €"}},{"Condition":{"Value":"Used"},"LowestPrice":{"Amount":21.62,"Currency":"EUR","DisplayAmount":"21,62 €"}}]}},{"ASIN":"2709662531","DetailPageURL":"https://www.amazon.es/dp/2709662531?tag=topinalambricos-21&linkCode=osi&th=1&psc=1","Images":{"Primary":{"Small":{"Height":75,"URL":"https://m.media-amazon.com/images/I/41ZVAQfPOcL._SL75_.jpg","Width":48}}},"ItemInfo":{"ByLineInfo":{"Brand":{"DisplayValue":"LATTES","Label":"Brand","Locale":"es_ES"},"Contributors":[{"Locale":"es_ES","Name":"Grandes, Almudena","Role":"Autor","RoleType":"author"}],"Manufacturer":{"DisplayValue":"JC Lattès","Label":"Manufacturer","Locale":"es_ES"}},"Title":{"DisplayValue":"Les patients du docteur Garcia (Littérature étrangère)","Label":"Title","Locale":"es_ES"}},"Offers":{"Summaries":[{"Condition":{"Value":"Used"},"LowestPrice":{"Amount":9.11,"Currency":"EUR","DisplayAmount":"9,11 €"}},{"Condition":{"Value":"New"},"LowestPrice":{"Amount":24.5,"Currency":"EUR","DisplayAmount":"24,50 €"}}]}},{"ASIN":"B09ZJ313QS","DetailPageURL":"https://www.amazon.es/dp/B09ZJ313QS?tag=topinalambricos-21&linkCode=osi&th=1&psc=1","Images":{"Primary":{"Small":{"Height":75,"URL":"https://m.media-amazon.com/images/I/51d665e+xkL._SL75_.jpg","Width":49}}},"ItemInfo":{"ByLineInfo":{"Contributors":[{"Locale":"es_ES","Name":"Grandes, Almudena","Role":"Autor","RoleType":"author"}],"Manufacturer":{"DisplayValue":"Tusquets Editores S.A.","Label":"Manufacturer","Locale":"es_ES"}},"Title":{"DisplayValue":"Pack Episodios de una guerra interminable: Inés y la alegría, El lector de Julio Verne, Las tres bodas de Manolita, Los pacientes del doctor García, La madre de Frankenstein","Label":"Title","Locale":"es_ES"}},"Offers":{"Summaries":[{"Condition":{"Value":"New"},"LowestPrice":{"Amount":33.24,"Currency":"EUR","DisplayAmount":"33,24 €"}}]}},{"ASIN":"841107109X","DetailPageURL":"https://www.amazon.es/dp/841107109X?tag=topinalambricos-21&linkCode=osi&th=1&psc=1","Images":{"Primary":{"Small":{"Height":68,"URL":"https://m.media-amazon.com/images/I/41oxGZctc0L._SL75_.jpg","Width":75}}},"ItemInfo":{"ByLineInfo":{"Brand":{"DisplayValue":"Tusquets Editores S.A.","Label":"Brand","Locale":"es_ES"},"Contributors":[{"Locale":"es_ES","Name":"Grandes, Almudena","Role":"Autor","RoleType":"author"}],"Manufacturer":{"DisplayValue":"Tusquets Editores S.A.","Label":"Manufacturer","Locale":"es_ES"}},"Title":{"DisplayValue":"Estuche Episodios de una Guerra Interminable: Inés y la alegría, El lector de Julio Verne, Las tres bodas de Manolita, Los pacientes del doctor García, La madre de Frankenstein (Andanzas)","Label":"Title","Locale":"es_ES"}},"Offers":{"Summaries":[{"Condition":{"Value":"New"},"LowestPrice":{"Amount":107.01,"Currency":"EUR","DisplayAmount":"107,01 €"}}]}},{"ASIN":"9056726099","DetailPageURL":"https://www.amazon.es/dp/9056726099?tag=topinalambricos-21&linkCode=osi&th=1&psc=1","Images":{"Primary":{"Small":{"Height":75,"URL":"https://m.media-amazon.com/images/I/51bISkcjLRL._SL75_.jpg","Width":48}}},"ItemInfo":{"ByLineInfo":{"Brand":{"DisplayValue":"Signatuur","Label":"Brand","Locale":"es_ES"},"Contributors":[{"Locale":"es_ES","Name":"Grandes, Almudena","Role":"Autor","RoleType":"author"},{"Locale":"es_ES","Name":"Buursma, Mia","Role":"Traductor","RoleType":"translator"},{"Locale":"es_ES","Name":"Degenaar, Rikkie","Role":"Traductor","RoleType":"translator"}],"Manufacturer":{"DisplayValue":"Signatuur","Label":"Manufacturer","Locale":"es_ES"}},"Title":{"DisplayValue":"De patiënten van dokter García","Label":"Title","Locale":"es_ES"}},"Offers":{"Summaries":[{"Condition":{"Value":"New"},"LowestPrice":{"Amount":29.57,"Currency":"EUR","DisplayAmount":"29,57 €"}}]}},{"ASIN":"8408258613","DetailPageURL":"https://www.amazon.es/dp/8408258613?tag=topinalambricos-21&linkCode=osi&th=1&psc=1","Images":{"Primary":{"Small":{"Height":75,"URL":"https://m.media-amazon.com/images/I/41KF-Uf51fL._SL75_.jpg","Width":48}}},"ItemInfo":{"ByLineInfo":{"Brand":{"DisplayValue":"Booket","Label":"Brand","Locale":"es_ES"},"Contributors":[{"Locale":"es_ES","Name":"García Sáenz de Urturi, Eva","Role":"Autor","RoleType":"author"}],"Manufacturer":{"DisplayValue":"Booket","Label":"Manufacturer","Locale":"es_ES"}},"Title":{"DisplayValue":"Aquitania: Premio Planeta 2020 (Novela)","Label":"Title","Locale":"es_ES"}},"Offers":{"Summaries":[{"Condition":{"Value":"Used"},"LowestPrice":{"Amount":8.96,"Currency":"EUR","DisplayAmount":"8,96 €"}},{"Condition":{"Value":"New"},"LowestPrice":{"Amount":9.3,"Currency":"EUR","DisplayAmount":"9,30 €"}}]}},{"ASIN":"8418945702","DetailPageURL":"https://www.amazon.es/dp/8418945702?tag=topinalambricos-21&linkCode=osi&th=1&psc=1","Images":{"Primary":{"Small":{"Height":75,"URL":"https://m.media-amazon.com/images/I/51SeyYCt3sL._SL75_.jpg","Width":50}}},"ItemInfo":{"ByLineInfo":{"Contributors":[{"Locale":"es_ES","Name":"Hazelwood, Ali","Role":"Autor","RoleType":"author"},{"Locale":"es_ES","Name":"Gilabert Giménez, Nerea","Role":"Traductor","RoleType":"translator"}],"Manufacturer":{"DisplayValue":"Contraluz Editorial","Label":"Manufacturer","Locale":"es_ES"}},"Title":{"DisplayValue":"La teoría del amor (Contraluz) Español","Label":"Title","Locale":"es_ES"}},"Offers":{"Summaries":[{"Condition":{"Value":"New"},"LowestPrice":{"Amount":18.0,"Currency":"EUR","DisplayAmount":"18,00 €"}}]}}],"SearchURL":"https://www.amazon.es/s?k=los+pacientes+del+doctor+garc%C3%ADa&rh=n%3A599364031%2Cp_n_availability%3A-1&tag=topinalambricos-21&linkCode=osi","TotalResultCount":41}},"70":{"SearchResult":{"Items":[{"ASIN":"8490667799","DetailPageURL":"https://www.amazon.es/dp/8490667799?tag=topinalambricos-21&linkCode=osi&th=1&psc=1","Images":{"Primary":{"Small":{"Height":75,"URL":"https://m.media-amazon.com/images/I/41f3xK0VZCL._SL75_.jpg","Width":49}}},"ItemInfo":{"ByLineInfo":{"Brand":{"DisplayValue":"Maxi-Tusquets","Label":"Brand","Locale":"es_ES"},"Contributors":[{"Locale":"es_ES","Name":"Grandes, Almudena","Role":"Autor","RoleType":"author"}],"Manufacturer":{"DisplayValue":"Planeta","Label":"Manufacturer","Locale":"es_ES"}},"Title":{"DisplayValue":"Los pacientes del doctor García (MAXI)","Label":"Title","Locale":"es_ES"}},"Offers":{"Summaries":[{"Condition":{"Value":"New"},"LowestPrice":{"Amount":12.3,"Currency":"EUR","DisplayAmount":"12,30 €"}},{"Condition":{"Value":"Used"},"LowestPrice":{"Amount":7.95,"Currency":"EUR","DisplayAmount":"7,95 €"}}]}},{"ASIN":"8411124819","DetailPageURL":"https://www.amazon.es/dp/8411124819?tag=topinalambricos-21&linkCode=osi&th=1&psc=1","Images":{"Primary":{"Small":{"Height":75,"URL":"https://m.media-amazon.com/images/I/51IMbTEgKtL._SL75_.jpg","Width":53}}},"ItemInfo":{"ByLineInfo":{"Brand":{"DisplayValue":"Planeta Cómic","Label":"Brand","Locale":"es_ES"},"Contributors":[{"Locale":"es_ES","Name":"Grandes, Almudena","Role":"Autor","RoleType":"author"},{"Locale":"es_ES","Name":"Stassi, Claudio","Role":"Autor","RoleType":"author"}],"Manufacturer":{"DisplayValue":"Planeta Cómic","Label":"Manufacturer","Locale":"es_ES"}},"Title":{"DisplayValue":"Los pacientes del doctor García (novela gráfica): Basado en la novela de Almudena Grandes","Label":"Title","Locale":"es_ES"}},"Offers":{"Summaries":[{"Condition":{"Value":"Used"},"LowestPrice":{"Amount":19.81,"Currency":"EUR","DisplayAmount":"19,81 €"}},{"Condition":{"Value":"New"},"LowestPrice":{"Amount":23.75,"Currency":"EUR","DisplayAmount":"23,75 €"}}]}},{"ASIN":"8490664498","DetailPageURL":"https://www.amazon.es/dp/8490664498?tag=topinalambricos-21&linkCode=osi&th=1&psc=1","Images":{"Primary":{"Small":{"Height":75,"URL":"https://m.media-amazon.com/images/I/514aL8HMIWL._SL75_.jpg","Width":50}}},"ItemInfo":{"ByLineInfo":{"Contributors":[{"Locale":"es_ES","Name":"Grandes, Almudena","Role":"Autor","RoleType":"author"}],"Manufacturer":{"DisplayValue":"Tusquets.","Label":"Manufacturer","Locale":"es_ES"}},"Title":{"DisplayValue":"Los pacientes del doctor García: el fin de la esperanza y la red de evasión de criminales de guerra y jerarcas nazis dirigida por Clara Stauffer, Madrid-Buenos Aires, 1945-1955","Label":"Title","Locale":"es_ES"}},"Offers":{"Summaries":[{"Condition":{"Value":"Used"},"LowestPrice":{"Amount":14.45,"Currency":"EUR","DisplayAmount":"14,45 €"}}]}},{"ASIN":"8490664463","DetailPageURL":"https://www.amazon.es/dp/8490664463?tag=topinalambricos-21&linkCode=osi&th=1&psc=1","Images":{"Primary":{"Small":{"Height":75,"URL":"https://m.media-amazon.com/images/I/51l3IX6ssyL._SL75_.jpg","Width":49}}},"ItemInfo":{"ByLineInfo":{"Brand":{"DisplayValue":"Tusquets Editores S.A.","Label":"Brand","Locale":"es_ES"},"Contributors":[{"Locale":"es_ES","Name":"Grandes, Almudena","Role":"Autor","RoleType":"author"}],"Manufacturer":{"DisplayValue":"Tusquets Editores S.A.","Label":"Manufacturer","Locale":"es_ES"}},"Title":{"DisplayValue":"Los pacientes del doctor García: Episodios de una Guerra Interminable: 4 (Andanzas)","Label":"Title","Locale":"es_ES"}},"Offers":{"Summaries":[{"Condition":{"Value":"New"},"LowestPrice":{"Amount":26.0,"Currency":"EUR","DisplayAmount":"26,00 €"}},{"Condition":{"Value":"Used"},"LowestPrice":{"Amount":21.62,"Currency":"EUR","DisplayAmount":"21,62 €"}}]}},{"ASIN":"2709662531","DetailPageURL":"https://www.amazon.es/dp/2709662531?tag=topinalambricos-21&linkCode=osi&th=1&psc=1","Images":{"Primary":{"Small":{"Height":75,"URL":"https://m.media-amazon.com/images/I/41ZVAQfPOcL._SL75_.jpg","Width":48}}},"ItemInfo":{"ByLineInfo":{"Brand":{"DisplayValue":"LATTES","Label":"Brand","Locale":"es_ES"},"Contributors":[{"Locale":"es_ES","Name":"Grandes, Almudena","Role":"Autor","RoleType":"author"}],"Manufacturer":{"DisplayValue":"JC Lattès","Label":"Manufacturer","Locale":"es_ES"}},"Title":{"DisplayValue":"Les patients du docteur Garcia (Littérature étrangère)","Label":"Title","Locale":"es_ES"}},"Offers":{"Summaries":[{"Condition":{"Value":"Used"},"LowestPrice":{"Amount":9.11,"Currency":"EUR","DisplayAmount":"9,11 €"}},{"Condition":{"Value":"New"},"LowestPrice":{"Amount":24.5,"Currency":"EUR","DisplayAmount":"24,50 €"}}]}},{"ASIN":"B09ZJ313QS","DetailPageURL":"https://www.amazon.es/dp/B09ZJ313QS?tag=topinalambricos-21&linkCode=osi&th=1&psc=1","Images":{"Primary":{"Small":{"Height":75,"URL":"https://m.media-amazon.com/images/I/51d665e+xkL._SL75_.jpg","Width":49}}},"ItemInfo":{"ByLineInfo":{"Contributors":[{"Locale":"es_ES","Name":"Grandes, Almudena","Role":"Autor","RoleType":"author"}],"Manufacturer":{"DisplayValue":"Tusquets Editores S.A.","Label":"Manufacturer","Locale":"es_ES"}},"Title":{"DisplayValue":"Pack Episodios de una guerra interminable: Inés y la alegría, El lector de Julio Verne, Las tres bodas de Manolita, Los pacientes del doctor García, La madre de Frankenstein","Label":"Title","Locale":"es_ES"}},"Offers":{"Summaries":[{"Condition":{"Value":"New"},"LowestPrice":{"Amount":33.24,"Currency":"EUR","DisplayAmount":"33,24 €"}}]}},{"ASIN":"841107109X","DetailPageURL":"https://www.amazon.es/dp/841107109X?tag=topinalambricos-21&linkCode=osi&th=1&psc=1","Images":{"Primary":{"Small":{"Height":68,"URL":"https://m.media-amazon.com/images/I/41oxGZctc0L._SL75_.jpg","Width":75}}},"ItemInfo":{"ByLineInfo":{"Brand":{"DisplayValue":"Tusquets Editores S.A.","Label":"Brand","Locale":"es_ES"},"Contributors":[{"Locale":"es_ES","Name":"Grandes, Almudena","Role":"Autor","RoleType":"author"}],"Manufacturer":{"DisplayValue":"Tusquets Editores S.A.","Label":"Manufacturer","Locale":"es_ES"}},"Title":{"DisplayValue":"Estuche Episodios de una Guerra Interminable: Inés y la alegría, El lector de Julio Verne, Las tres bodas de Manolita, Los pacientes del doctor García, La madre de Frankenstein (Andanzas)","Label":"Title","Locale":"es_ES"}},"Offers":{"Summaries":[{"Condition":{"Value":"New"},"LowestPrice":{"Amount":107.01,"Currency":"EUR","DisplayAmount":"107,01 €"}}]}},{"ASIN":"9056726099","DetailPageURL":"https://www.amazon.es/dp/9056726099?tag=topinalambricos-21&linkCode=osi&th=1&psc=1","Images":{"Primary":{"Small":{"Height":75,"URL":"https://m.media-amazon.com/images/I/51bISkcjLRL._SL75_.jpg","Width":48}}},"ItemInfo":{"ByLineInfo":{"Brand":{"DisplayValue":"Signatuur","Label":"Brand","Locale":"es_ES"},"Contributors":[{"Locale":"es_ES","Name":"Grandes, Almudena","Role":"Autor","RoleType":"author"},{"Locale":"es_ES","Name":"Buursma, Mia","Role":"Traductor","RoleType":"translator"},{"Locale":"es_ES","Name":"Degenaar, Rikkie","Role":"Traductor","RoleType":"translator"}],"Manufacturer":{"DisplayValue":"Signatuur","Label":"Manufacturer","Locale":"es_ES"}},"Title":{"DisplayValue":"De patiënten van dokter García","Label":"Title","Locale":"es_ES"}},"Offers":{"Summaries":[{"Condition":{"Value":"New"},"LowestPrice":{"Amount":29.57,"Currency":"EUR","DisplayAmount":"29,57 €"}}]}},{"ASIN":"8408258613","DetailPageURL":"https://www.amazon.es/dp/8408258613?tag=topinalambricos-21&linkCode=osi&th=1&psc=1","Images":{"Primary":{"Small":{"Height":75,"URL":"https://m.media-amazon.com/images/I/41KF-Uf51fL._SL75_.jpg","Width":48}}},"ItemInfo":{"ByLineInfo":{"Brand":{"DisplayValue":"Booket","Label":"Brand","Locale":"es_ES"},"Contributors":[{"Locale":"es_ES","Name":"García Sáenz de Urturi, Eva","Role":"Autor","RoleType":"author"}],"Manufacturer":{"DisplayValue":"Booket","Label":"Manufacturer","Locale":"es_ES"}},"Title":{"DisplayValue":"Aquitania: Premio Planeta 2020 (Novela)","Label":"Title","Locale":"es_ES"}},"Offers":{"Summaries":[{"Condition":{"Value":"Used"},"LowestPrice":{"Amount":8.96,"Currency":"EUR","DisplayAmount":"8,96 €"}},{"Condition":{"Value":"New"},"LowestPrice":{"Amount":9.3,"Currency":"EUR","DisplayAmount":"9,30 €"}}]}},{"ASIN":"8418945702","DetailPageURL":"https://www.amazon.es/dp/8418945702?tag=topinalambricos-21&linkCode=osi&th=1&psc=1","Images":{"Primary":{"Small":{"Height":75,"URL":"https://m.media-amazon.com/images/I/51SeyYCt3sL._SL75_.jpg","Width":50}}},"ItemInfo":{"ByLineInfo":{"Contributors":[{"Locale":"es_ES","Name":"Hazelwood, Ali","Role":"Autor","RoleType":"author"},{"Locale":"es_ES","Name":"Gilabert Giménez, Nerea","Role":"Traductor","RoleType":"translator"}],"Manufacturer":{"DisplayValue":"Contraluz Editorial","Label":"Manufacturer","Locale":"es_ES"}},"Title":{"DisplayValue":"La teoría del amor (Contraluz) Español","Label":"Title","Locale":"es_ES"}},"Offers":{"Summaries":[{"Condition":{"Value":"New"},"LowestPrice":{"Amount":18.0,"Currency":"EUR","DisplayAmount":"18,00 €"}}]}}],"SearchURL":"https://www.amazon.es/s?k=los+pacientes+del+doctor+garc%C3%ADa&rh=n%3A599364031%2Cp_n_availability%3A-1&tag=topinalambricos-21&linkCode=osi","TotalResultCount":41}},"71":{"SearchResult":{"Items":[{"ASIN":"8490667799","DetailPageURL":"https://www.amazon.es/dp/8490667799?tag=topinalambricos-21&linkCode=osi&th=1&psc=1","Images":{"Primary":{"Small":{"Height":75,"URL":"https://m.media-amazon.com/images/I/41f3xK0VZCL._SL75_.jpg","Width":49}}},"ItemInfo":{"ByLineInfo":{"Brand":{"DisplayValue":"Maxi-Tusquets","Label":"Brand","Locale":"es_ES"},"Contributors":[{"Locale":"es_ES","Name":"Grandes, Almudena","Role":"Autor","RoleType":"author"}],"Manufacturer":{"DisplayValue":"Planeta","Label":"Manufacturer","Locale":"es_ES"}},"Title":{"DisplayValue":"Los pacientes del doctor García (MAXI)","Label":"Title","Locale":"es_ES"}},"Offers":{"Summaries":[{"Condition":{"Value":"New"},"LowestPrice":{"Amount":12.3,"Currency":"EUR","DisplayAmount":"12,30 €"}},{"Condition":{"Value":"Used"},"LowestPrice":{"Amount":7.95,"Currency":"EUR","DisplayAmount":"7,95 €"}}]}},{"ASIN":"8411124819","DetailPageURL":"https://www.amazon.es/dp/8411124819?tag=topinalambricos-21&linkCode=osi&th=1&psc=1","Images":{"Primary":{"Small":{"Height":75,"URL":"https://m.media-amazon.com/images/I/51IMbTEgKtL._SL75_.jpg","Width":53}}},"ItemInfo":{"ByLineInfo":{"Brand":{"DisplayValue":"Planeta Cómic","Label":"Brand","Locale":"es_ES"},"Contributors":[{"Locale":"es_ES","Name":"Grandes, Almudena","Role":"Autor","RoleType":"author"},{"Locale":"es_ES","Name":"Stassi, Claudio","Role":"Autor","RoleType":"author"}],"Manufacturer":{"DisplayValue":"Planeta Cómic","Label":"Manufacturer","Locale":"es_ES"}},"Title":{"DisplayValue":"Los pacientes del doctor García (novela gráfica): Basado en la novela de Almudena Grandes","Label":"Title","Locale":"es_ES"}},"Offers":{"Summaries":[{"Condition":{"Value":"Used"},"LowestPrice":{"Amount":19.81,"Currency":"EUR","DisplayAmount":"19,81 €"}},{"Condition":{"Value":"New"},"LowestPrice":{"Amount":23.75,"Currency":"EUR","DisplayAmount":"23,75 €"}}]}},{"ASIN":"8490664498","DetailPageURL":"https://www.amazon.es/dp/8490664498?tag=topinalambricos-21&linkCode=osi&th=1&psc=1","Images":{"Primary":{"Small":{"Height":75,"URL":"https://m.media-amazon.com/images/I/514aL8HMIWL._SL75_.jpg","Width":50}}},"ItemInfo":{"ByLineInfo":{"Contributors":[{"Locale":"es_ES","Name":"Grandes, Almudena","Role":"Autor","RoleType":"author"}],"Manufacturer":{"DisplayValue":"Tusquets.","Label":"Manufacturer","Locale":"es_ES"}},"Title":{"DisplayValue":"Los pacientes del doctor García: el fin de la esperanza y la red de evasión de criminales de guerra y jerarcas nazis dirigida por Clara Stauffer, Madrid-Buenos Aires, 1945-1955","Label":"Title","Locale":"es_ES"}},"Offers":{"Summaries":[{"Condition":{"Value":"Used"},"LowestPrice":{"Amount":14.45,"Currency":"EUR","DisplayAmount":"14,45 €"}}]}},{"ASIN":"8490664463","DetailPageURL":"https://www.amazon.es/dp/8490664463?tag=topinalambricos-21&linkCode=osi&th=1&psc=1","Images":{"Primary":{"Small":{"Height":75,"URL":"https://m.media-amazon.com/images/I/51l3IX6ssyL._SL75_.jpg","Width":49}}},"ItemInfo":{"ByLineInfo":{"Brand":{"DisplayValue":"Tusquets Editores S.A.","Label":"Brand","Locale":"es_ES"},"Contributors":[{"Locale":"es_ES","Name":"Grandes, Almudena","Role":"Autor","RoleType":"author"}],"Manufacturer":{"DisplayValue":"Tusquets Editores S.A.","Label":"Manufacturer","Locale":"es_ES"}},"Title":{"DisplayValue":"Los pacientes del doctor García: Episodios de una Guerra Interminable: 4 (Andanzas)","Label":"Title","Locale":"es_ES"}},"Offers":{"Summaries":[{"Condition":{"Value":"New"},"LowestPrice":{"Amount":26.0,"Currency":"EUR","DisplayAmount":"26,00 €"}},{"Condition":{"Value":"Used"},"LowestPrice":{"Amount":21.62,"Currency":"EUR","DisplayAmount":"21,62 €"}}]}},{"ASIN":"2709662531","DetailPageURL":"https://www.amazon.es/dp/2709662531?tag=topinalambricos-21&linkCode=osi&th=1&psc=1","Images":{"Primary":{"Small":{"Height":75,"URL":"https://m.media-amazon.com/images/I/41ZVAQfPOcL._SL75_.jpg","Width":48}}},"ItemInfo":{"ByLineInfo":{"Brand":{"DisplayValue":"LATTES","Label":"Brand","Locale":"es_ES"},"Contributors":[{"Locale":"es_ES","Name":"Grandes, Almudena","Role":"Autor","RoleType":"author"}],"Manufacturer":{"DisplayValue":"JC Lattès","Label":"Manufacturer","Locale":"es_ES"}},"Title":{"DisplayValue":"Les patients du docteur Garcia (Littérature étrangère)","Label":"Title","Locale":"es_ES"}},"Offers":{"Summaries":[{"Condition":{"Value":"Used"},"LowestPrice":{"Amount":9.11,"Currency":"EUR","DisplayAmount":"9,11 €"}},{"Condition":{"Value":"New"},"LowestPrice":{"Amount":24.5,"Currency":"EUR","DisplayAmount":"24,50 €"}}]}},{"ASIN":"B09ZJ313QS","DetailPageURL":"https://www.amazon.es/dp/B09ZJ313QS?tag=topinalambricos-21&linkCode=osi&th=1&psc=1","Images":{"Primary":{"Small":{"Height":75,"URL":"https://m.media-amazon.com/images/I/51d665e+xkL._SL75_.jpg","Width":49}}},"ItemInfo":{"ByLineInfo":{"Contributors":[{"Locale":"es_ES","Name":"Grandes, Almudena","Role":"Autor","RoleType":"author"}],"Manufacturer":{"DisplayValue":"Tusquets Editores S.A.","Label":"Manufacturer","Locale":"es_ES"}},"Title":{"DisplayValue":"Pack Episodios de una guerra interminable: Inés y la alegría, El lector de Julio Verne, Las tres bodas de Manolita, Los pacientes del doctor García, La madre de Frankenstein","Label":"Title","Locale":"es_ES"}},"Offers":{"Summaries":[{"Condition":{"Value":"New"},"LowestPrice":{"Amount":33.24,"Currency":"EUR","DisplayAmount":"33,24 €"}}]}},{"ASIN":"841107109X","DetailPageURL":"https://www.amazon.es/dp/841107109X?tag=topinalambricos-21&linkCode=osi&th=1&psc=1","Images":{"Primary":{"Small":{"Height":68,"URL":"https://m.media-amazon.com/images/I/41oxGZctc0L._SL75_.jpg","Width":75}}},"ItemInfo":{"ByLineInfo":{"Brand":{"DisplayValue":"Tusquets Editores S.A.","Label":"Brand","Locale":"es_ES"},"Contributors":[{"Locale":"es_ES","Name":"Grandes, Almudena","Role":"Autor","RoleType":"author"}],"Manufacturer":{"DisplayValue":"Tusquets Editores S.A.","Label":"Manufacturer","Locale":"es_ES"}},"Title":{"DisplayValue":"Estuche Episodios de una Guerra Interminable: Inés y la alegría, El lector de Julio Verne, Las tres bodas de Manolita, Los pacientes del doctor García, La madre de Frankenstein (Andanzas)","Label":"Title","Locale":"es_ES"}},"Offers":{"Summaries":[{"Condition":{"Value":"New"},"LowestPrice":{"Amount":107.01,"Currency":"EUR","DisplayAmount":"107,01 €"}}]}},{"ASIN":"9056726099","DetailPageURL":"https://www.amazon.es/dp/9056726099?tag=topinalambricos-21&linkCode=osi&th=1&psc=1","Images":{"Primary":{"Small":{"Height":75,"URL":"https://m.media-amazon.com/images/I/51bISkcjLRL._SL75_.jpg","Width":48}}},"ItemInfo":{"ByLineInfo":{"Brand":{"DisplayValue":"Signatuur","Label":"Brand","Locale":"es_ES"},"Contributors":[{"Locale":"es_ES","Name":"Grandes, Almudena","Role":"Autor","RoleType":"author"},{"Locale":"es_ES","Name":"Buursma, Mia","Role":"Traductor","RoleType":"translator"},{"Locale":"es_ES","Name":"Degenaar, Rikkie","Role":"Traductor","RoleType":"translator"}],"Manufacturer":{"DisplayValue":"Signatuur","Label":"Manufacturer","Locale":"es_ES"}},"Title":{"DisplayValue":"De patiënten van dokter García","Label":"Title","Locale":"es_ES"}},"Offers":{"Summaries":[{"Condition":{"Value":"New"},"LowestPrice":{"Amount":29.57,"Currency":"EUR","DisplayAmount":"29,57 €"}}]}},{"ASIN":"8408258613","DetailPageURL":"https://www.amazon.es/dp/8408258613?tag=topinalambricos-21&linkCode=osi&th=1&psc=1","Images":{"Primary":{"Small":{"Height":75,"URL":"https://m.media-amazon.com/images/I/41KF-Uf51fL._SL75_.jpg","Width":48}}},"ItemInfo":{"ByLineInfo":{"Brand":{"DisplayValue":"Booket","Label":"Brand","Locale":"es_ES"},"Contributors":[{"Locale":"es_ES","Name":"García Sáenz de Urturi, Eva","Role":"Autor","RoleType":"author"}],"Manufacturer":{"DisplayValue":"Booket","Label":"Manufacturer","Locale":"es_ES"}},"Title":{"DisplayValue":"Aquitania: Premio Planeta 2020 (Novela)","Label":"Title","Locale":"es_ES"}},"Offers":{"Summaries":[{"Condition":{"Value":"Used"},"LowestPrice":{"Amount":8.96,"Currency":"EUR","DisplayAmount":"8,96 €"}},{"Condition":{"Value":"New"},"LowestPrice":{"Amount":9.3,"Currency":"EUR","DisplayAmount":"9,30 €"}}]}},{"ASIN":"8418945702","DetailPageURL":"https://www.amazon.es/dp/8418945702?tag=topinalambricos-21&linkCode=osi&th=1&psc=1","Images":{"Primary":{"Small":{"Height":75,"URL":"https://m.media-amazon.com/images/I/51SeyYCt3sL._SL75_.jpg","Width":50}}},"ItemInfo":{"ByLineInfo":{"Contributors":[{"Locale":"es_ES","Name":"Hazelwood, Ali","Role":"Autor","RoleType":"author"},{"Locale":"es_ES","Name":"Gilabert Giménez, Nerea","Role":"Traductor","RoleType":"translator"}],"Manufacturer":{"DisplayValue":"Contraluz Editorial","Label":"Manufacturer","Locale":"es_ES"}},"Title":{"DisplayValue":"La teoría del amor (Contraluz) Español","Label":"Title","Locale":"es_ES"}},"Offers":{"Summaries":[{"Condition":{"Value":"New"},"LowestPrice":{"Amount":18.0,"Currency":"EUR","DisplayAmount":"18,00 €"}}]}}],"SearchURL":"https://www.amazon.es/s?k=los+pacientes+del+doctor+garc%C3%ADa&rh=n%3A599364031%2Cp_n_availability%3A-1&tag=topinalambricos-21&linkCode=osi","TotalResultCount":41}},"72":{"SearchResult":{"Items":[{"ASIN":"8490667799","DetailPageURL":"https://www.amazon.es/dp/8490667799?tag=topinalambricos-21&linkCode=osi&th=1&psc=1","Images":{"Primary":{"Small":{"Height":75,"URL":"https://m.media-amazon.com/images/I/41f3xK0VZCL._SL75_.jpg","Width":49}}},"ItemInfo":{"ByLineInfo":{"Brand":{"DisplayValue":"Maxi-Tusquets","Label":"Brand","Locale":"es_ES"},"Contributors":[{"Locale":"es_ES","Name":"Grandes, Almudena","Role":"Autor","RoleType":"author"}],"Manufacturer":{"DisplayValue":"Planeta","Label":"Manufacturer","Locale":"es_ES"}},"Title":{"DisplayValue":"Los pacientes del doctor García (MAXI)","Label":"Title","Locale":"es_ES"}},"Offers":{"Summaries":[{"Condition":{"Value":"New"},"LowestPrice":{"Amount":12.3,"Currency":"EUR","DisplayAmount":"12,30 €"}},{"Condition":{"Value":"Used"},"LowestPrice":{"Amount":7.95,"Currency":"EUR","DisplayAmount":"7,95 €"}}]}},{"ASIN":"8411124819","DetailPageURL":"https://www.amazon.es/dp/8411124819?tag=topinalambricos-21&linkCode=osi&th=1&psc=1","Images":{"Primary":{"Small":{"Height":75,"URL":"https://m.media-amazon.com/images/I/51IMbTEgKtL._SL75_.jpg","Width":53}}},"ItemInfo":{"ByLineInfo":{"Brand":{"DisplayValue":"Planeta Cómic","Label":"Brand","Locale":"es_ES"},"Contributors":[{"Locale":"es_ES","Name":"Grandes, Almudena","Role":"Autor","RoleType":"author"},{"Locale":"es_ES","Name":"Stassi, Claudio","Role":"Autor","RoleType":"author"}],"Manufacturer":{"DisplayValue":"Planeta Cómic","Label":"Manufacturer","Locale":"es_ES"}},"Title":{"DisplayValue":"Los pacientes del doctor García (novela gráfica): Basado en la novela de Almudena Grandes","Label":"Title","Locale":"es_ES"}},"Offers":{"Summaries":[{"Condition":{"Value":"Used"},"LowestPrice":{"Amount":19.81,"Currency":"EUR","DisplayAmount":"19,81 €"}},{"Condition":{"Value":"New"},"LowestPrice":{"Amount":23.75,"Currency":"EUR","DisplayAmount":"23,75 €"}}]}},{"ASIN":"8490664498","DetailPageURL":"https://www.amazon.es/dp/8490664498?tag=topinalambricos-21&linkCode=osi&th=1&psc=1","Images":{"Primary":{"Small":{"Height":75,"URL":"https://m.media-amazon.com/images/I/514aL8HMIWL._SL75_.jpg","Width":50}}},"ItemInfo":{"ByLineInfo":{"Contributors":[{"Locale":"es_ES","Name":"Grandes, Almudena","Role":"Autor","RoleType":"author"}],"Manufacturer":{"DisplayValue":"Tusquets.","Label":"Manufacturer","Locale":"es_ES"}},"Title":{"DisplayValue":"Los pacientes del doctor García: el fin de la esperanza y la red de evasión de criminales de guerra y jerarcas nazis dirigida por Clara Stauffer, Madrid-Buenos Aires, 1945-1955","Label":"Title","Locale":"es_ES"}},"Offers":{"Summaries":[{"Condition":{"Value":"Used"},"LowestPrice":{"Amount":14.45,"Currency":"EUR","DisplayAmount":"14,45 €"}}]}},{"ASIN":"8490664463","DetailPageURL":"https://www.amazon.es/dp/8490664463?tag=topinalambricos-21&linkCode=osi&th=1&psc=1","Images":{"Primary":{"Small":{"Height":75,"URL":"https://m.media-amazon.com/images/I/51l3IX6ssyL._SL75_.jpg","Width":49}}},"ItemInfo":{"ByLineInfo":{"Brand":{"DisplayValue":"Tusquets Editores S.A.","Label":"Brand","Locale":"es_ES"},"Contributors":[{"Locale":"es_ES","Name":"Grandes, Almudena","Role":"Autor","RoleType":"author"}],"Manufacturer":{"DisplayValue":"Tusquets Editores S.A.","Label":"Manufacturer","Locale":"es_ES"}},"Title":{"DisplayValue":"Los pacientes del doctor García: Episodios de una Guerra Interminable: 4 (Andanzas)","Label":"Title","Locale":"es_ES"}},"Offers":{"Summaries":[{"Condition":{"Value":"New"},"LowestPrice":{"Amount":26.0,"Currency":"EUR","DisplayAmount":"26,00 €"}},{"Condition":{"Value":"Used"},"LowestPrice":{"Amount":21.62,"Currency":"EUR","DisplayAmount":"21,62 €"}}]}},{"ASIN":"2709662531","DetailPageURL":"https://www.amazon.es/dp/2709662531?tag=topinalambricos-21&linkCode=osi&th=1&psc=1","Images":{"Primary":{"Small":{"Height":75,"URL":"https://m.media-amazon.com/images/I/41ZVAQfPOcL._SL75_.jpg","Width":48}}},"ItemInfo":{"ByLineInfo":{"Brand":{"DisplayValue":"LATTES","Label":"Brand","Locale":"es_ES"},"Contributors":[{"Locale":"es_ES","Name":"Grandes, Almudena","Role":"Autor","RoleType":"author"}],"Manufacturer":{"DisplayValue":"JC Lattès","Label":"Manufacturer","Locale":"es_ES"}},"Title":{"DisplayValue":"Les patients du docteur Garcia (Littérature étrangère)","Label":"Title","Locale":"es_ES"}},"Offers":{"Summaries":[{"Condition":{"Value":"Used"},"LowestPrice":{"Amount":9.11,"Currency":"EUR","DisplayAmount":"9,11 €"}},{"Condition":{"Value":"New"},"LowestPrice":{"Amount":24.5,"Currency":"EUR","DisplayAmount":"24,50 €"}}]}},{"ASIN":"B09ZJ313QS","DetailPageURL":"https://www.amazon.es/dp/B09ZJ313QS?tag=topinalambricos-21&linkCode=osi&th=1&psc=1","Images":{"Primary":{"Small":{"Height":75,"URL":"https://m.media-amazon.com/images/I/51d665e+xkL._SL75_.jpg","Width":49}}},"ItemInfo":{"ByLineInfo":{"Contributors":[{"Locale":"es_ES","Name":"Grandes, Almudena","Role":"Autor","RoleType":"author"}],"Manufacturer":{"DisplayValue":"Tusquets Editores S.A.","Label":"Manufacturer","Locale":"es_ES"}},"Title":{"DisplayValue":"Pack Episodios de una guerra interminable: Inés y la alegría, El lector de Julio Verne, Las tres bodas de Manolita, Los pacientes del doctor García, La madre de Frankenstein","Label":"Title","Locale":"es_ES"}},"Offers":{"Summaries":[{"Condition":{"Value":"New"},"LowestPrice":{"Amount":33.24,"Currency":"EUR","DisplayAmount":"33,24 €"}}]}},{"ASIN":"841107109X","DetailPageURL":"https://www.amazon.es/dp/841107109X?tag=topinalambricos-21&linkCode=osi&th=1&psc=1","Images":{"Primary":{"Small":{"Height":68,"URL":"https://m.media-amazon.com/images/I/41oxGZctc0L._SL75_.jpg","Width":75}}},"ItemInfo":{"ByLineInfo":{"Brand":{"DisplayValue":"Tusquets Editores S.A.","Label":"Brand","Locale":"es_ES"},"Contributors":[{"Locale":"es_ES","Name":"Grandes, Almudena","Role":"Autor","RoleType":"author"}],"Manufacturer":{"DisplayValue":"Tusquets Editores S.A.","Label":"Manufacturer","Locale":"es_ES"}},"Title":{"DisplayValue":"Estuche Episodios de una Guerra Interminable: Inés y la alegría, El lector de Julio Verne, Las tres bodas de Manolita, Los pacientes del doctor García, La madre de Frankenstein (Andanzas)","Label":"Title","Locale":"es_ES"}},"Offers":{"Summaries":[{"Condition":{"Value":"New"},"LowestPrice":{"Amount":107.01,"Currency":"EUR","DisplayAmount":"107,01 €"}}]}},{"ASIN":"9056726099","DetailPageURL":"https://www.amazon.es/dp/9056726099?tag=topinalambricos-21&linkCode=osi&th=1&psc=1","Images":{"Primary":{"Small":{"Height":75,"URL":"https://m.media-amazon.com/images/I/51bISkcjLRL._SL75_.jpg","Width":48}}},"ItemInfo":{"ByLineInfo":{"Brand":{"DisplayValue":"Signatuur","Label":"Brand","Locale":"es_ES"},"Contributors":[{"Locale":"es_ES","Name":"Grandes, Almudena","Role":"Autor","RoleType":"author"},{"Locale":"es_ES","Name":"Buursma, Mia","Role":"Traductor","RoleType":"translator"},{"Locale":"es_ES","Name":"Degenaar, Rikkie","Role":"Traductor","RoleType":"translator"}],"Manufacturer":{"DisplayValue":"Signatuur","Label":"Manufacturer","Locale":"es_ES"}},"Title":{"DisplayValue":"De patiënten van dokter García","Label":"Title","Locale":"es_ES"}},"Offers":{"Summaries":[{"Condition":{"Value":"New"},"LowestPrice":{"Amount":29.57,"Currency":"EUR","DisplayAmount":"29,57 €"}}]}},{"ASIN":"8408258613","DetailPageURL":"https://www.amazon.es/dp/8408258613?tag=topinalambricos-21&linkCode=osi&th=1&psc=1","Images":{"Primary":{"Small":{"Height":75,"URL":"https://m.media-amazon.com/images/I/41KF-Uf51fL._SL75_.jpg","Width":48}}},"ItemInfo":{"ByLineInfo":{"Brand":{"DisplayValue":"Booket","Label":"Brand","Locale":"es_ES"},"Contributors":[{"Locale":"es_ES","Name":"García Sáenz de Urturi, Eva","Role":"Autor","RoleType":"author"}],"Manufacturer":{"DisplayValue":"Booket","Label":"Manufacturer","Locale":"es_ES"}},"Title":{"DisplayValue":"Aquitania: Premio Planeta 2020 (Novela)","Label":"Title","Locale":"es_ES"}},"Offers":{"Summaries":[{"Condition":{"Value":"Used"},"LowestPrice":{"Amount":8.96,"Currency":"EUR","DisplayAmount":"8,96 €"}},{"Condition":{"Value":"New"},"LowestPrice":{"Amount":9.3,"Currency":"EUR","DisplayAmount":"9,30 €"}}]}},{"ASIN":"8418945702","DetailPageURL":"https://www.amazon.es/dp/8418945702?tag=topinalambricos-21&linkCode=osi&th=1&psc=1","Images":{"Primary":{"Small":{"Height":75,"URL":"https://m.media-amazon.com/images/I/51SeyYCt3sL._SL75_.jpg","Width":50}}},"ItemInfo":{"ByLineInfo":{"Contributors":[{"Locale":"es_ES","Name":"Hazelwood, Ali","Role":"Autor","RoleType":"author"},{"Locale":"es_ES","Name":"Gilabert Giménez, Nerea","Role":"Traductor","RoleType":"translator"}],"Manufacturer":{"DisplayValue":"Contraluz Editorial","Label":"Manufacturer","Locale":"es_ES"}},"Title":{"DisplayValue":"La teoría del amor (Contraluz) Español","Label":"Title","Locale":"es_ES"}},"Offers":{"Summaries":[{"Condition":{"Value":"New"},"LowestPrice":{"Amount":18.0,"Currency":"EUR","DisplayAmount":"18,00 €"}}]}}],"SearchURL":"https://www.amazon.es/s?k=los+pacientes+del+doctor+garc%C3%ADa&rh=n%3A599364031%2Cp_n_availability%3A-1&tag=topinalambricos-21&linkCode=osi","TotalResultCount":41}},"73":{"SearchResult":{"Items":[{"ASIN":"8490667799","DetailPageURL":"https://www.amazon.es/dp/8490667799?tag=topinalambricos-21&linkCode=osi&th=1&psc=1","Images":{"Primary":{"Small":{"Height":75,"URL":"https://m.media-amazon.com/images/I/41f3xK0VZCL._SL75_.jpg","Width":49}}},"ItemInfo":{"ByLineInfo":{"Brand":{"DisplayValue":"Maxi-Tusquets","Label":"Brand","Locale":"es_ES"},"Contributors":[{"Locale":"es_ES","Name":"Grandes, Almudena","Role":"Autor","RoleType":"author"}],"Manufacturer":{"DisplayValue":"Planeta","Label":"Manufacturer","Locale":"es_ES"}},"Title":{"DisplayValue":"Los pacientes del doctor García (MAXI)","Label":"Title","Locale":"es_ES"}},"Offers":{"Summaries":[{"Condition":{"Value":"New"},"LowestPrice":{"Amount":12.3,"Currency":"EUR","DisplayAmount":"12,30 €"}},{"Condition":{"Value":"Used"},"LowestPrice":{"Amount":7.95,"Currency":"EUR","DisplayAmount":"7,95 €"}}]}},{"ASIN":"8411124819","DetailPageURL":"https://www.amazon.es/dp/8411124819?tag=topinalambricos-21&linkCode=osi&th=1&psc=1","Images":{"Primary":{"Small":{"Height":75,"URL":"https://m.media-amazon.com/images/I/51IMbTEgKtL._SL75_.jpg","Width":53}}},"ItemInfo":{"ByLineInfo":{"Brand":{"DisplayValue":"Planeta Cómic","Label":"Brand","Locale":"es_ES"},"Contributors":[{"Locale":"es_ES","Name":"Grandes, Almudena","Role":"Autor","RoleType":"author"},{"Locale":"es_ES","Name":"Stassi, Claudio","Role":"Autor","RoleType":"author"}],"Manufacturer":{"DisplayValue":"Planeta Cómic","Label":"Manufacturer","Locale":"es_ES"}},"Title":{"DisplayValue":"Los pacientes del doctor García (novela gráfica): Basado en la novela de Almudena Grandes","Label":"Title","Locale":"es_ES"}},"Offers":{"Summaries":[{"Condition":{"Value":"Used"},"LowestPrice":{"Amount":19.81,"Currency":"EUR","DisplayAmount":"19,81 €"}},{"Condition":{"Value":"New"},"LowestPrice":{"Amount":23.75,"Currency":"EUR","DisplayAmount":"23,75 €"}}]}},{"ASIN":"8490664498","DetailPageURL":"https://www.amazon.es/dp/8490664498?tag=topinalambricos-21&linkCode=osi&th=1&psc=1","Images":{"Primary":{"Small":{"Height":75,"URL":"https://m.media-amazon.com/images/I/514aL8HMIWL._SL75_.jpg","Width":50}}},"ItemInfo":{"ByLineInfo":{"Contributors":[{"Locale":"es_ES","Name":"Grandes, Almudena","Role":"Autor","RoleType":"author"}],"Manufacturer":{"DisplayValue":"Tusquets.","Label":"Manufacturer","Locale":"es_ES"}},"Title":{"DisplayValue":"Los pacientes del doctor García: el fin de la esperanza y la red de evasión de criminales de guerra y jerarcas nazis dirigida por Clara Stauffer, Madrid-Buenos Aires, 1945-1955","Label":"Title","Locale":"es_ES"}},"Offers":{"Summaries":[{"Condition":{"Value":"Used"},"LowestPrice":{"Amount":14.45,"Currency":"EUR","DisplayAmount":"14,45 €"}}]}},{"ASIN":"8490664463","DetailPageURL":"https://www.amazon.es/dp/8490664463?tag=topinalambricos-21&linkCode=osi&th=1&psc=1","Images":{"Primary":{"Small":{"Height":75,"URL":"https://m.media-amazon.com/images/I/51l3IX6ssyL._SL75_.jpg","Width":49}}},"ItemInfo":{"ByLineInfo":{"Brand":{"DisplayValue":"Tusquets Editores S.A.","Label":"Brand","Locale":"es_ES"},"Contributors":[{"Locale":"es_ES","Name":"Grandes, Almudena","Role":"Autor","RoleType":"author"}],"Manufacturer":{"DisplayValue":"Tusquets Editores S.A.","Label":"Manufacturer","Locale":"es_ES"}},"Title":{"DisplayValue":"Los pacientes del doctor García: Episodios de una Guerra Interminable: 4 (Andanzas)","Label":"Title","Locale":"es_ES"}},"Offers":{"Summaries":[{"Condition":{"Value":"New"},"LowestPrice":{"Amount":26.0,"Currency":"EUR","DisplayAmount":"26,00 €"}},{"Condition":{"Value":"Used"},"LowestPrice":{"Amount":21.62,"Currency":"EUR","DisplayAmount":"21,62 €"}}]}},{"ASIN":"2709662531","DetailPageURL":"https://www.amazon.es/dp/2709662531?tag=topinalambricos-21&linkCode=osi&th=1&psc=1","Images":{"Primary":{"Small":{"Height":75,"URL":"https://m.media-amazon.com/images/I/41ZVAQfPOcL._SL75_.jpg","Width":48}}},"ItemInfo":{"ByLineInfo":{"Brand":{"DisplayValue":"LATTES","Label":"Brand","Locale":"es_ES"},"Contributors":[{"Locale":"es_ES","Name":"Grandes, Almudena","Role":"Autor","RoleType":"author"}],"Manufacturer":{"DisplayValue":"JC Lattès","Label":"Manufacturer","Locale":"es_ES"}},"Title":{"DisplayValue":"Les patients du docteur Garcia (Littérature étrangère)","Label":"Title","Locale":"es_ES"}},"Offers":{"Summaries":[{"Condition":{"Value":"Used"},"LowestPrice":{"Amount":9.11,"Currency":"EUR","DisplayAmount":"9,11 €"}},{"Condition":{"Value":"New"},"LowestPrice":{"Amount":24.5,"Currency":"EUR","DisplayAmount":"24,50 €"}}]}},{"ASIN":"B09ZJ313QS","DetailPageURL":"https://www.amazon.es/dp/B09ZJ313QS?tag=topinalambricos-21&linkCode=osi&th=1&psc=1","Images":{"Primary":{"Small":{"Height":75,"URL":"https://m.media-amazon.com/images/I/51d665e+xkL._SL75_.jpg","Width":49}}},"ItemInfo":{"ByLineInfo":{"Contributors":[{"Locale":"es_ES","Name":"Grandes, Almudena","Role":"Autor","RoleType":"author"}],"Manufacturer":{"DisplayValue":"Tusquets Editores S.A.","Label":"Manufacturer","Locale":"es_ES"}},"Title":{"DisplayValue":"Pack Episodios de una guerra interminable: Inés y la alegría, El lector de Julio Verne, Las tres bodas de Manolita, Los pacientes del doctor García, La madre de Frankenstein","Label":"Title","Locale":"es_ES"}},"Offers":{"Summaries":[{"Condition":{"Value":"New"},"LowestPrice":{"Amount":33.24,"Currency":"EUR","DisplayAmount":"33,24 €"}}]}},{"ASIN":"841107109X","DetailPageURL":"https://www.amazon.es/dp/841107109X?tag=topinalambricos-21&linkCode=osi&th=1&psc=1","Images":{"Primary":{"Small":{"Height":68,"URL":"https://m.media-amazon.com/images/I/41oxGZctc0L._SL75_.jpg","Width":75}}},"ItemInfo":{"ByLineInfo":{"Brand":{"DisplayValue":"Tusquets Editores S.A.","Label":"Brand","Locale":"es_ES"},"Contributors":[{"Locale":"es_ES","Name":"Grandes, Almudena","Role":"Autor","RoleType":"author"}],"Manufacturer":{"DisplayValue":"Tusquets Editores S.A.","Label":"Manufacturer","Locale":"es_ES"}},"Title":{"DisplayValue":"Estuche Episodios de una Guerra Interminable: Inés y la alegría, El lector de Julio Verne, Las tres bodas de Manolita, Los pacientes del doctor García, La madre de Frankenstein (Andanzas)","Label":"Title","Locale":"es_ES"}},"Offers":{"Summaries":[{"Condition":{"Value":"New"},"LowestPrice":{"Amount":107.01,"Currency":"EUR","DisplayAmount":"107,01 €"}}]}},{"ASIN":"9056726099","DetailPageURL":"https://www.amazon.es/dp/9056726099?tag=topinalambricos-21&linkCode=osi&th=1&psc=1","Images":{"Primary":{"Small":{"Height":75,"URL":"https://m.media-amazon.com/images/I/51bISkcjLRL._SL75_.jpg","Width":48}}},"ItemInfo":{"ByLineInfo":{"Brand":{"DisplayValue":"Signatuur","Label":"Brand","Locale":"es_ES"},"Contributors":[{"Locale":"es_ES","Name":"Grandes, Almudena","Role":"Autor","RoleType":"author"},{"Locale":"es_ES","Name":"Buursma, Mia","Role":"Traductor","RoleType":"translator"},{"Locale":"es_ES","Name":"Degenaar, Rikkie","Role":"Traductor","RoleType":"translator"}],"Manufacturer":{"DisplayValue":"Signatuur","Label":"Manufacturer","Locale":"es_ES"}},"Title":{"DisplayValue":"De patiënten van dokter García","Label":"Title","Locale":"es_ES"}},"Offers":{"Summaries":[{"Condition":{"Value":"New"},"LowestPrice":{"Amount":29.57,"Currency":"EUR","DisplayAmount":"29,57 €"}}]}},{"ASIN":"8408258613","DetailPageURL":"https://www.amazon.es/dp/8408258613?tag=topinalambricos-21&linkCode=osi&th=1&psc=1","Images":{"Primary":{"Small":{"Height":75,"URL":"https://m.media-amazon.com/images/I/41KF-Uf51fL._SL75_.jpg","Width":48}}},"ItemInfo":{"ByLineInfo":{"Brand":{"DisplayValue":"Booket","Label":"Brand","Locale":"es_ES"},"Contributors":[{"Locale":"es_ES","Name":"García Sáenz de Urturi, Eva","Role":"Autor","RoleType":"author"}],"Manufacturer":{"DisplayValue":"Booket","Label":"Manufacturer","Locale":"es_ES"}},"Title":{"DisplayValue":"Aquitania: Premio Planeta 2020 (Novela)","Label":"Title","Locale":"es_ES"}},"Offers":{"Summaries":[{"Condition":{"Value":"Used"},"LowestPrice":{"Amount":8.96,"Currency":"EUR","DisplayAmount":"8,96 €"}},{"Condition":{"Value":"New"},"LowestPrice":{"Amount":9.3,"Currency":"EUR","DisplayAmount":"9,30 €"}}]}},{"ASIN":"8418945702","DetailPageURL":"https://www.amazon.es/dp/8418945702?tag=topinalambricos-21&linkCode=osi&th=1&psc=1","Images":{"Primary":{"Small":{"Height":75,"URL":"https://m.media-amazon.com/images/I/51SeyYCt3sL._SL75_.jpg","Width":50}}},"ItemInfo":{"ByLineInfo":{"Contributors":[{"Locale":"es_ES","Name":"Hazelwood, Ali","Role":"Autor","RoleType":"author"},{"Locale":"es_ES","Name":"Gilabert Giménez, Nerea","Role":"Traductor","RoleType":"translator"}],"Manufacturer":{"DisplayValue":"Contraluz Editorial","Label":"Manufacturer","Locale":"es_ES"}},"Title":{"DisplayValue":"La teoría del amor (Contraluz) Español","Label":"Title","Locale":"es_ES"}},"Offers":{"Summaries":[{"Condition":{"Value":"New"},"LowestPrice":{"Amount":18.0,"Currency":"EUR","DisplayAmount":"18,00 €"}}]}}],"SearchURL":"https://www.amazon.es/s?k=los+pacientes+del+doctor+garc%C3%ADa&rh=n%3A599364031%2Cp_n_availability%3A-1&tag=topinalambricos-21&linkCode=osi","TotalResultCount":41}},"74":{"SearchResult":{"Items":[{"ASIN":"8490667799","DetailPageURL":"https://www.amazon.es/dp/8490667799?tag=topinalambricos-21&linkCode=osi&th=1&psc=1","Images":{"Primary":{"Small":{"Height":75,"URL":"https://m.media-amazon.com/images/I/41f3xK0VZCL._SL75_.jpg","Width":49}}},"ItemInfo":{"ByLineInfo":{"Brand":{"DisplayValue":"Maxi-Tusquets","Label":"Brand","Locale":"es_ES"},"Contributors":[{"Locale":"es_ES","Name":"Grandes, Almudena","Role":"Autor","RoleType":"author"}],"Manufacturer":{"DisplayValue":"Planeta","Label":"Manufacturer","Locale":"es_ES"}},"Title":{"DisplayValue":"Los pacientes del doctor García (MAXI)","Label":"Title","Locale":"es_ES"}},"Offers":{"Summaries":[{"Condition":{"Value":"New"},"LowestPrice":{"Amount":12.3,"Currency":"EUR","DisplayAmount":"12,30 €"}},{"Condition":{"Value":"Used"},"LowestPrice":{"Amount":7.95,"Currency":"EUR","DisplayAmount":"7,95 €"}}]}},{"ASIN":"8411124819","DetailPageURL":"https://www.amazon.es/dp/8411124819?tag=topinalambricos-21&linkCode=osi&th=1&psc=1","Images":{"Primary":{"Small":{"Height":75,"URL":"https://m.media-amazon.com/images/I/51IMbTEgKtL._SL75_.jpg","Width":53}}},"ItemInfo":{"ByLineInfo":{"Brand":{"DisplayValue":"Planeta Cómic","Label":"Brand","Locale":"es_ES"},"Contributors":[{"Locale":"es_ES","Name":"Grandes, Almudena","Role":"Autor","RoleType":"author"},{"Locale":"es_ES","Name":"Stassi, Claudio","Role":"Autor","RoleType":"author"}],"Manufacturer":{"DisplayValue":"Planeta Cómic","Label":"Manufacturer","Locale":"es_ES"}},"Title":{"DisplayValue":"Los pacientes del doctor García (novela gráfica): Basado en la novela de Almudena Grandes","Label":"Title","Locale":"es_ES"}},"Offers":{"Summaries":[{"Condition":{"Value":"Used"},"LowestPrice":{"Amount":19.81,"Currency":"EUR","DisplayAmount":"19,81 €"}},{"Condition":{"Value":"New"},"LowestPrice":{"Amount":23.75,"Currency":"EUR","DisplayAmount":"23,75 €"}}]}},{"ASIN":"8490664498","DetailPageURL":"https://www.amazon.es/dp/8490664498?tag=topinalambricos-21&linkCode=osi&th=1&psc=1","Images":{"Primary":{"Small":{"Height":75,"URL":"https://m.media-amazon.com/images/I/514aL8HMIWL._SL75_.jpg","Width":50}}},"ItemInfo":{"ByLineInfo":{"Contributors":[{"Locale":"es_ES","Name":"Grandes, Almudena","Role":"Autor","RoleType":"author"}],"Manufacturer":{"DisplayValue":"Tusquets.","Label":"Manufacturer","Locale":"es_ES"}},"Title":{"DisplayValue":"Los pacientes del doctor García: el fin de la esperanza y la red de evasión de criminales de guerra y jerarcas nazis dirigida por Clara Stauffer, Madrid-Buenos Aires, 1945-1955","Label":"Title","Locale":"es_ES"}},"Offers":{"Summaries":[{"Condition":{"Value":"Used"},"LowestPrice":{"Amount":14.45,"Currency":"EUR","DisplayAmount":"14,45 €"}}]}},{"ASIN":"8490664463","DetailPageURL":"https://www.amazon.es/dp/8490664463?tag=topinalambricos-21&linkCode=osi&th=1&psc=1","Images":{"Primary":{"Small":{"Height":75,"URL":"https://m.media-amazon.com/images/I/51l3IX6ssyL._SL75_.jpg","Width":49}}},"ItemInfo":{"ByLineInfo":{"Brand":{"DisplayValue":"Tusquets Editores S.A.","Label":"Brand","Locale":"es_ES"},"Contributors":[{"Locale":"es_ES","Name":"Grandes, Almudena","Role":"Autor","RoleType":"author"}],"Manufacturer":{"DisplayValue":"Tusquets Editores S.A.","Label":"Manufacturer","Locale":"es_ES"}},"Title":{"DisplayValue":"Los pacientes del doctor García: Episodios de una Guerra Interminable: 4 (Andanzas)","Label":"Title","Locale":"es_ES"}},"Offers":{"Summaries":[{"Condition":{"Value":"New"},"LowestPrice":{"Amount":26.0,"Currency":"EUR","DisplayAmount":"26,00 €"}},{"Condition":{"Value":"Used"},"LowestPrice":{"Amount":21.62,"Currency":"EUR","DisplayAmount":"21,62 €"}}]}},{"ASIN":"2709662531","DetailPageURL":"https://www.amazon.es/dp/2709662531?tag=topinalambricos-21&linkCode=osi&th=1&psc=1","Images":{"Primary":{"Small":{"Height":75,"URL":"https://m.media-amazon.com/images/I/41ZVAQfPOcL._SL75_.jpg","Width":48}}},"ItemInfo":{"ByLineInfo":{"Brand":{"DisplayValue":"LATTES","Label":"Brand","Locale":"es_ES"},"Contributors":[{"Locale":"es_ES","Name":"Grandes, Almudena","Role":"Autor","RoleType":"author"}],"Manufacturer":{"DisplayValue":"JC Lattès","Label":"Manufacturer","Locale":"es_ES"}},"Title":{"DisplayValue":"Les patients du docteur Garcia (Littérature étrangère)","Label":"Title","Locale":"es_ES"}},"Offers":{"Summaries":[{"Condition":{"Value":"Used"},"LowestPrice":{"Amount":9.11,"Currency":"EUR","DisplayAmount":"9,11 €"}},{"Condition":{"Value":"New"},"LowestPrice":{"Amount":24.5,"Currency":"EUR","DisplayAmount":"24,50 €"}}]}},{"ASIN":"B09ZJ313QS","DetailPageURL":"https://www.amazon.es/dp/B09ZJ313QS?tag=topinalambricos-21&linkCode=osi&th=1&psc=1","Images":{"Primary":{"Small":{"Height":75,"URL":"https://m.media-amazon.com/images/I/51d665e+xkL._SL75_.jpg","Width":49}}},"ItemInfo":{"ByLineInfo":{"Contributors":[{"Locale":"es_ES","Name":"Grandes, Almudena","Role":"Autor","RoleType":"author"}],"Manufacturer":{"DisplayValue":"Tusquets Editores S.A.","Label":"Manufacturer","Locale":"es_ES"}},"Title":{"DisplayValue":"Pack Episodios de una guerra interminable: Inés y la alegría, El lector de Julio Verne, Las tres bodas de Manolita, Los pacientes del doctor García, La madre de Frankenstein","Label":"Title","Locale":"es_ES"}},"Offers":{"Summaries":[{"Condition":{"Value":"New"},"LowestPrice":{"Amount":33.24,"Currency":"EUR","DisplayAmount":"33,24 €"}}]}},{"ASIN":"841107109X","DetailPageURL":"https://www.amazon.es/dp/841107109X?tag=topinalambricos-21&linkCode=osi&th=1&psc=1","Images":{"Primary":{"Small":{"Height":68,"URL":"https://m.media-amazon.com/images/I/41oxGZctc0L._SL75_.jpg","Width":75}}},"ItemInfo":{"ByLineInfo":{"Brand":{"DisplayValue":"Tusquets Editores S.A.","Label":"Brand","Locale":"es_ES"},"Contributors":[{"Locale":"es_ES","Name":"Grandes, Almudena","Role":"Autor","RoleType":"author"}],"Manufacturer":{"DisplayValue":"Tusquets Editores S.A.","Label":"Manufacturer","Locale":"es_ES"}},"Title":{"DisplayValue":"Estuche Episodios de una Guerra Interminable: Inés y la alegría, El lector de Julio Verne, Las tres bodas de Manolita, Los pacientes del doctor García, La madre de Frankenstein (Andanzas)","Label":"Title","Locale":"es_ES"}},"Offers":{"Summaries":[{"Condition":{"Value":"New"},"LowestPrice":{"Amount":107.01,"Currency":"EUR","DisplayAmount":"107,01 €"}}]}},{"ASIN":"9056726099","DetailPageURL":"https://www.amazon.es/dp/9056726099?tag=topinalambricos-21&linkCode=osi&th=1&psc=1","Images":{"Primary":{"Small":{"Height":75,"URL":"https://m.media-amazon.com/images/I/51bISkcjLRL._SL75_.jpg","Width":48}}},"ItemInfo":{"ByLineInfo":{"Brand":{"DisplayValue":"Signatuur","Label":"Brand","Locale":"es_ES"},"Contributors":[{"Locale":"es_ES","Name":"Grandes, Almudena","Role":"Autor","RoleType":"author"},{"Locale":"es_ES","Name":"Buursma, Mia","Role":"Traductor","RoleType":"translator"},{"Locale":"es_ES","Name":"Degenaar, Rikkie","Role":"Traductor","RoleType":"translator"}],"Manufacturer":{"DisplayValue":"Signatuur","Label":"Manufacturer","Locale":"es_ES"}},"Title":{"DisplayValue":"De patiënten van dokter García","Label":"Title","Locale":"es_ES"}},"Offers":{"Summaries":[{"Condition":{"Value":"New"},"LowestPrice":{"Amount":29.57,"Currency":"EUR","DisplayAmount":"29,57 €"}}]}},{"ASIN":"8408258613","DetailPageURL":"https://www.amazon.es/dp/8408258613?tag=topinalambricos-21&linkCode=osi&th=1&psc=1","Images":{"Primary":{"Small":{"Height":75,"URL":"https://m.media-amazon.com/images/I/41KF-Uf51fL._SL75_.jpg","Width":48}}},"ItemInfo":{"ByLineInfo":{"Brand":{"DisplayValue":"Booket","Label":"Brand","Locale":"es_ES"},"Contributors":[{"Locale":"es_ES","Name":"García Sáenz de Urturi, Eva","Role":"Autor","RoleType":"author"}],"Manufacturer":{"DisplayValue":"Booket","Label":"Manufacturer","Locale":"es_ES"}},"Title":{"DisplayValue":"Aquitania: Premio Planeta 2020 (Novela)","Label":"Title","Locale":"es_ES"}},"Offers":{"Summaries":[{"Condition":{"Value":"Used"},"LowestPrice":{"Amount":8.96,"Currency":"EUR","DisplayAmount":"8,96 €"}},{"Condition":{"Value":"New"},"LowestPrice":{"Amount":9.3,"Currency":"EUR","DisplayAmount":"9,30 €"}}]}},{"ASIN":"8418945702","DetailPageURL":"https://www.amazon.es/dp/8418945702?tag=topinalambricos-21&linkCode=osi&th=1&psc=1","Images":{"Primary":{"Small":{"Height":75,"URL":"https://m.media-amazon.com/images/I/51SeyYCt3sL._SL75_.jpg","Width":50}}},"ItemInfo":{"ByLineInfo":{"Contributors":[{"Locale":"es_ES","Name":"Hazelwood, Ali","Role":"Autor","RoleType":"author"},{"Locale":"es_ES","Name":"Gilabert Giménez, Nerea","Role":"Traductor","RoleType":"translator"}],"Manufacturer":{"DisplayValue":"Contraluz Editorial","Label":"Manufacturer","Locale":"es_ES"}},"Title":{"DisplayValue":"La teoría del amor (Contraluz) Español","Label":"Title","Locale":"es_ES"}},"Offers":{"Summaries":[{"Condition":{"Value":"New"},"LowestPrice":{"Amount":18.0,"Currency":"EUR","DisplayAmount":"18,00 €"}}]}}],"SearchURL":"https://www.amazon.es/s?k=los+pacientes+del+doctor+garc%C3%ADa&rh=n%3A599364031%2Cp_n_availability%3A-1&tag=topinalambricos-21&linkCode=osi","TotalResultCount":41}},"75":{"SearchResult":{"Items":[{"ASIN":"8490667799","DetailPageURL":"https://www.amazon.es/dp/8490667799?tag=topinalambricos-21&linkCode=osi&th=1&psc=1","Images":{"Primary":{"Small":{"Height":75,"URL":"https://m.media-amazon.com/images/I/41f3xK0VZCL._SL75_.jpg","Width":49}}},"ItemInfo":{"ByLineInfo":{"Brand":{"DisplayValue":"Maxi-Tusquets","Label":"Brand","Locale":"es_ES"},"Contributors":[{"Locale":"es_ES","Name":"Grandes, Almudena","Role":"Autor","RoleType":"author"}],"Manufacturer":{"DisplayValue":"Planeta","Label":"Manufacturer","Locale":"es_ES"}},"Title":{"DisplayValue":"Los pacientes del doctor García (MAXI)","Label":"Title","Locale":"es_ES"}},"Offers":{"Summaries":[{"Condition":{"Value":"New"},"LowestPrice":{"Amount":12.3,"Currency":"EUR","DisplayAmount":"12,30 €"}},{"Condition":{"Value":"Used"},"LowestPrice":{"Amount":7.95,"Currency":"EUR","DisplayAmount":"7,95 €"}}]}},{"ASIN":"8411124819","DetailPageURL":"https://www.amazon.es/dp/8411124819?tag=topinalambricos-21&linkCode=osi&th=1&psc=1","Images":{"Primary":{"Small":{"Height":75,"URL":"https://m.media-amazon.com/images/I/51IMbTEgKtL._SL75_.jpg","Width":53}}},"ItemInfo":{"ByLineInfo":{"Brand":{"DisplayValue":"Planeta Cómic","Label":"Brand","Locale":"es_ES"},"Contributors":[{"Locale":"es_ES","Name":"Grandes, Almudena","Role":"Autor","RoleType":"author"},{"Locale":"es_ES","Name":"Stassi, Claudio","Role":"Autor","RoleType":"author"}],"Manufacturer":{"DisplayValue":"Planeta Cómic","Label":"Manufacturer","Locale":"es_ES"}},"Title":{"DisplayValue":"Los pacientes del doctor García (novela gráfica): Basado en la novela de Almudena Grandes","Label":"Title","Locale":"es_ES"}},"Offers":{"Summaries":[{"Condition":{"Value":"Used"},"LowestPrice":{"Amount":19.81,"Currency":"EUR","DisplayAmount":"19,81 €"}},{"Condition":{"Value":"New"},"LowestPrice":{"Amount":23.75,"Currency":"EUR","DisplayAmount":"23,75 €"}}]}},{"ASIN":"8490664498","DetailPageURL":"https://www.amazon.es/dp/8490664498?tag=topinalambricos-21&linkCode=osi&th=1&psc=1","Images":{"Primary":{"Small":{"Height":75,"URL":"https://m.media-amazon.com/images/I/514aL8HMIWL._SL75_.jpg","Width":50}}},"ItemInfo":{"ByLineInfo":{"Contributors":[{"Locale":"es_ES","Name":"Grandes, Almudena","Role":"Autor","RoleType":"author"}],"Manufacturer":{"DisplayValue":"Tusquets.","Label":"Manufacturer","Locale":"es_ES"}},"Title":{"DisplayValue":"Los pacientes del doctor García: el fin de la esperanza y la red de evasión de criminales de guerra y jerarcas nazis dirigida por Clara Stauffer, Madrid-Buenos Aires, 1945-1955","Label":"Title","Locale":"es_ES"}},"Offers":{"Summaries":[{"Condition":{"Value":"Used"},"LowestPrice":{"Amount":14.45,"Currency":"EUR","DisplayAmount":"14,45 €"}}]}},{"ASIN":"8490664463","DetailPageURL":"https://www.amazon.es/dp/8490664463?tag=topinalambricos-21&linkCode=osi&th=1&psc=1","Images":{"Primary":{"Small":{"Height":75,"URL":"https://m.media-amazon.com/images/I/51l3IX6ssyL._SL75_.jpg","Width":49}}},"ItemInfo":{"ByLineInfo":{"Brand":{"DisplayValue":"Tusquets Editores S.A.","Label":"Brand","Locale":"es_ES"},"Contributors":[{"Locale":"es_ES","Name":"Grandes, Almudena","Role":"Autor","RoleType":"author"}],"Manufacturer":{"DisplayValue":"Tusquets Editores S.A.","Label":"Manufacturer","Locale":"es_ES"}},"Title":{"DisplayValue":"Los pacientes del doctor García: Episodios de una Guerra Interminable: 4 (Andanzas)","Label":"Title","Locale":"es_ES"}},"Offers":{"Summaries":[{"Condition":{"Value":"New"},"LowestPrice":{"Amount":26.0,"Currency":"EUR","DisplayAmount":"26,00 €"}},{"Condition":{"Value":"Used"},"LowestPrice":{"Amount":21.62,"Currency":"EUR","DisplayAmount":"21,62 €"}}]}},{"ASIN":"2709662531","DetailPageURL":"https://www.amazon.es/dp/2709662531?tag=topinalambricos-21&linkCode=osi&th=1&psc=1","Images":{"Primary":{"Small":{"Height":75,"URL":"https://m.media-amazon.com/images/I/41ZVAQfPOcL._SL75_.jpg","Width":48}}},"ItemInfo":{"ByLineInfo":{"Brand":{"DisplayValue":"LATTES","Label":"Brand","Locale":"es_ES"},"Contributors":[{"Locale":"es_ES","Name":"Grandes, Almudena","Role":"Autor","RoleType":"author"}],"Manufacturer":{"DisplayValue":"JC Lattès","Label":"Manufacturer","Locale":"es_ES"}},"Title":{"DisplayValue":"Les patients du docteur Garcia (Littérature étrangère)","Label":"Title","Locale":"es_ES"}},"Offers":{"Summaries":[{"Condition":{"Value":"Used"},"LowestPrice":{"Amount":9.11,"Currency":"EUR","DisplayAmount":"9,11 €"}},{"Condition":{"Value":"New"},"LowestPrice":{"Amount":24.5,"Currency":"EUR","DisplayAmount":"24,50 €"}}]}},{"ASIN":"B09ZJ313QS","DetailPageURL":"https://www.amazon.es/dp/B09ZJ313QS?tag=topinalambricos-21&linkCode=osi&th=1&psc=1","Images":{"Primary":{"Small":{"Height":75,"URL":"https://m.media-amazon.com/images/I/51d665e+xkL._SL75_.jpg","Width":49}}},"ItemInfo":{"ByLineInfo":{"Contributors":[{"Locale":"es_ES","Name":"Grandes, Almudena","Role":"Autor","RoleType":"author"}],"Manufacturer":{"DisplayValue":"Tusquets Editores S.A.","Label":"Manufacturer","Locale":"es_ES"}},"Title":{"DisplayValue":"Pack Episodios de una guerra interminable: Inés y la alegría, El lector de Julio Verne, Las tres bodas de Manolita, Los pacientes del doctor García, La madre de Frankenstein","Label":"Title","Locale":"es_ES"}},"Offers":{"Summaries":[{"Condition":{"Value":"New"},"LowestPrice":{"Amount":33.24,"Currency":"EUR","DisplayAmount":"33,24 €"}}]}},{"ASIN":"841107109X","DetailPageURL":"https://www.amazon.es/dp/841107109X?tag=topinalambricos-21&linkCode=osi&th=1&psc=1","Images":{"Primary":{"Small":{"Height":68,"URL":"https://m.media-amazon.com/images/I/41oxGZctc0L._SL75_.jpg","Width":75}}},"ItemInfo":{"ByLineInfo":{"Brand":{"DisplayValue":"Tusquets Editores S.A.","Label":"Brand","Locale":"es_ES"},"Contributors":[{"Locale":"es_ES","Name":"Grandes, Almudena","Role":"Autor","RoleType":"author"}],"Manufacturer":{"DisplayValue":"Tusquets Editores S.A.","Label":"Manufacturer","Locale":"es_ES"}},"Title":{"DisplayValue":"Estuche Episodios de una Guerra Interminable: Inés y la alegría, El lector de Julio Verne, Las tres bodas de Manolita, Los pacientes del doctor García, La madre de Frankenstein (Andanzas)","Label":"Title","Locale":"es_ES"}},"Offers":{"Summaries":[{"Condition":{"Value":"New"},"LowestPrice":{"Amount":107.01,"Currency":"EUR","DisplayAmount":"107,01 €"}}]}},{"ASIN":"9056726099","DetailPageURL":"https://www.amazon.es/dp/9056726099?tag=topinalambricos-21&linkCode=osi&th=1&psc=1","Images":{"Primary":{"Small":{"Height":75,"URL":"https://m.media-amazon.com/images/I/51bISkcjLRL._SL75_.jpg","Width":48}}},"ItemInfo":{"ByLineInfo":{"Brand":{"DisplayValue":"Signatuur","Label":"Brand","Locale":"es_ES"},"Contributors":[{"Locale":"es_ES","Name":"Grandes, Almudena","Role":"Autor","RoleType":"author"},{"Locale":"es_ES","Name":"Buursma, Mia","Role":"Traductor","RoleType":"translator"},{"Locale":"es_ES","Name":"Degenaar, Rikkie","Role":"Traductor","RoleType":"translator"}],"Manufacturer":{"DisplayValue":"Signatuur","Label":"Manufacturer","Locale":"es_ES"}},"Title":{"DisplayValue":"De patiënten van dokter García","Label":"Title","Locale":"es_ES"}},"Offers":{"Summaries":[{"Condition":{"Value":"New"},"LowestPrice":{"Amount":29.57,"Currency":"EUR","DisplayAmount":"29,57 €"}}]}},{"ASIN":"8408258613","DetailPageURL":"https://www.amazon.es/dp/8408258613?tag=topinalambricos-21&linkCode=osi&th=1&psc=1","Images":{"Primary":{"Small":{"Height":75,"URL":"https://m.media-amazon.com/images/I/41KF-Uf51fL._SL75_.jpg","Width":48}}},"ItemInfo":{"ByLineInfo":{"Brand":{"DisplayValue":"Booket","Label":"Brand","Locale":"es_ES"},"Contributors":[{"Locale":"es_ES","Name":"García Sáenz de Urturi, Eva","Role":"Autor","RoleType":"author"}],"Manufacturer":{"DisplayValue":"Booket","Label":"Manufacturer","Locale":"es_ES"}},"Title":{"DisplayValue":"Aquitania: Premio Planeta 2020 (Novela)","Label":"Title","Locale":"es_ES"}},"Offers":{"Summaries":[{"Condition":{"Value":"Used"},"LowestPrice":{"Amount":8.96,"Currency":"EUR","DisplayAmount":"8,96 €"}},{"Condition":{"Value":"New"},"LowestPrice":{"Amount":9.3,"Currency":"EUR","DisplayAmount":"9,30 €"}}]}},{"ASIN":"8418945702","DetailPageURL":"https://www.amazon.es/dp/8418945702?tag=topinalambricos-21&linkCode=osi&th=1&psc=1","Images":{"Primary":{"Small":{"Height":75,"URL":"https://m.media-amazon.com/images/I/51SeyYCt3sL._SL75_.jpg","Width":50}}},"ItemInfo":{"ByLineInfo":{"Contributors":[{"Locale":"es_ES","Name":"Hazelwood, Ali","Role":"Autor","RoleType":"author"},{"Locale":"es_ES","Name":"Gilabert Giménez, Nerea","Role":"Traductor","RoleType":"translator"}],"Manufacturer":{"DisplayValue":"Contraluz Editorial","Label":"Manufacturer","Locale":"es_ES"}},"Title":{"DisplayValue":"La teoría del amor (Contraluz) Español","Label":"Title","Locale":"es_ES"}},"Offers":{"Summaries":[{"Condition":{"Value":"New"},"LowestPrice":{"Amount":18.0,"Currency":"EUR","DisplayAmount":"18,00 €"}}]}}],"SearchURL":"https://www.amazon.es/s?k=los+pacientes+del+doctor+garc%C3%ADa&rh=n%3A599364031%2Cp_n_availability%3A-1&tag=topinalambricos-21&linkCode=osi","TotalResultCount":41}},"76":{"SearchResult":{"Items":[{"ASIN":"8490667799","DetailPageURL":"https://www.amazon.es/dp/8490667799?tag=topinalambricos-21&linkCode=osi&th=1&psc=1","Images":{"Primary":{"Small":{"Height":75,"URL":"https://m.media-amazon.com/images/I/41f3xK0VZCL._SL75_.jpg","Width":49}}},"ItemInfo":{"ByLineInfo":{"Brand":{"DisplayValue":"Maxi-Tusquets","Label":"Brand","Locale":"es_ES"},"Contributors":[{"Locale":"es_ES","Name":"Grandes, Almudena","Role":"Autor","RoleType":"author"}],"Manufacturer":{"DisplayValue":"Planeta","Label":"Manufacturer","Locale":"es_ES"}},"Title":{"DisplayValue":"Los pacientes del doctor García (MAXI)","Label":"Title","Locale":"es_ES"}},"Offers":{"Summaries":[{"Condition":{"Value":"New"},"LowestPrice":{"Amount":12.3,"Currency":"EUR","DisplayAmount":"12,30 €"}},{"Condition":{"Value":"Used"},"LowestPrice":{"Amount":7.95,"Currency":"EUR","DisplayAmount":"7,95 €"}}]}},{"ASIN":"8411124819","DetailPageURL":"https://www.amazon.es/dp/8411124819?tag=topinalambricos-21&linkCode=osi&th=1&psc=1","Images":{"Primary":{"Small":{"Height":75,"URL":"https://m.media-amazon.com/images/I/51IMbTEgKtL._SL75_.jpg","Width":53}}},"ItemInfo":{"ByLineInfo":{"Brand":{"DisplayValue":"Planeta Cómic","Label":"Brand","Locale":"es_ES"},"Contributors":[{"Locale":"es_ES","Name":"Grandes, Almudena","Role":"Autor","RoleType":"author"},{"Locale":"es_ES","Name":"Stassi, Claudio","Role":"Autor","RoleType":"author"}],"Manufacturer":{"DisplayValue":"Planeta Cómic","Label":"Manufacturer","Locale":"es_ES"}},"Title":{"DisplayValue":"Los pacientes del doctor García (novela gráfica): Basado en la novela de Almudena Grandes","Label":"Title","Locale":"es_ES"}},"Offers":{"Summaries":[{"Condition":{"Value":"Used"},"LowestPrice":{"Amount":19.81,"Currency":"EUR","DisplayAmount":"19,81 €"}},{"Condition":{"Value":"New"},"LowestPrice":{"Amount":23.75,"Currency":"EUR","DisplayAmount":"23,75 €"}}]}},{"ASIN":"8490664498","DetailPageURL":"https://www.amazon.es/dp/8490664498?tag=topinalambricos-21&linkCode=osi&th=1&psc=1","Images":{"Primary":{"Small":{"Height":75,"URL":"https://m.media-amazon.com/images/I/514aL8HMIWL._SL75_.jpg","Width":50}}},"ItemInfo":{"ByLineInfo":{"Contributors":[{"Locale":"es_ES","Name":"Grandes, Almudena","Role":"Autor","RoleType":"author"}],"Manufacturer":{"DisplayValue":"Tusquets.","Label":"Manufacturer","Locale":"es_ES"}},"Title":{"DisplayValue":"Los pacientes del doctor García: el fin de la esperanza y la red de evasión de criminales de guerra y jerarcas nazis dirigida por Clara Stauffer, Madrid-Buenos Aires, 1945-1955","Label":"Title","Locale":"es_ES"}},"Offers":{"Summaries":[{"Condition":{"Value":"Used"},"LowestPrice":{"Amount":14.45,"Currency":"EUR","DisplayAmount":"14,45 €"}}]}},{"ASIN":"8490664463","DetailPageURL":"https://www.amazon.es/dp/8490664463?tag=topinalambricos-21&linkCode=osi&th=1&psc=1","Images":{"Primary":{"Small":{"Height":75,"URL":"https://m.media-amazon.com/images/I/51l3IX6ssyL._SL75_.jpg","Width":49}}},"ItemInfo":{"ByLineInfo":{"Brand":{"DisplayValue":"Tusquets Editores S.A.","Label":"Brand","Locale":"es_ES"},"Contributors":[{"Locale":"es_ES","Name":"Grandes, Almudena","Role":"Autor","RoleType":"author"}],"Manufacturer":{"DisplayValue":"Tusquets Editores S.A.","Label":"Manufacturer","Locale":"es_ES"}},"Title":{"DisplayValue":"Los pacientes del doctor García: Episodios de una Guerra Interminable: 4 (Andanzas)","Label":"Title","Locale":"es_ES"}},"Offers":{"Summaries":[{"Condition":{"Value":"New"},"LowestPrice":{"Amount":26.0,"Currency":"EUR","DisplayAmount":"26,00 €"}},{"Condition":{"Value":"Used"},"LowestPrice":{"Amount":21.62,"Currency":"EUR","DisplayAmount":"21,62 €"}}]}},{"ASIN":"2709662531","DetailPageURL":"https://www.amazon.es/dp/2709662531?tag=topinalambricos-21&linkCode=osi&th=1&psc=1","Images":{"Primary":{"Small":{"Height":75,"URL":"https://m.media-amazon.com/images/I/41ZVAQfPOcL._SL75_.jpg","Width":48}}},"ItemInfo":{"ByLineInfo":{"Brand":{"DisplayValue":"LATTES","Label":"Brand","Locale":"es_ES"},"Contributors":[{"Locale":"es_ES","Name":"Grandes, Almudena","Role":"Autor","RoleType":"author"}],"Manufacturer":{"DisplayValue":"JC Lattès","Label":"Manufacturer","Locale":"es_ES"}},"Title":{"DisplayValue":"Les patients du docteur Garcia (Littérature étrangère)","Label":"Title","Locale":"es_ES"}},"Offers":{"Summaries":[{"Condition":{"Value":"Used"},"LowestPrice":{"Amount":9.11,"Currency":"EUR","DisplayAmount":"9,11 €"}},{"Condition":{"Value":"New"},"LowestPrice":{"Amount":24.5,"Currency":"EUR","DisplayAmount":"24,50 €"}}]}},{"ASIN":"B09ZJ313QS","DetailPageURL":"https://www.amazon.es/dp/B09ZJ313QS?tag=topinalambricos-21&linkCode=osi&th=1&psc=1","Images":{"Primary":{"Small":{"Height":75,"URL":"https://m.media-amazon.com/images/I/51d665e+xkL._SL75_.jpg","Width":49}}},"ItemInfo":{"ByLineInfo":{"Contributors":[{"Locale":"es_ES","Name":"Grandes, Almudena","Role":"Autor","RoleType":"author"}],"Manufacturer":{"DisplayValue":"Tusquets Editores S.A.","Label":"Manufacturer","Locale":"es_ES"}},"Title":{"DisplayValue":"Pack Episodios de una guerra interminable: Inés y la alegría, El lector de Julio Verne, Las tres bodas de Manolita, Los pacientes del doctor García, La madre de Frankenstein","Label":"Title","Locale":"es_ES"}},"Offers":{"Summaries":[{"Condition":{"Value":"New"},"LowestPrice":{"Amount":33.24,"Currency":"EUR","DisplayAmount":"33,24 €"}}]}},{"ASIN":"841107109X","DetailPageURL":"https://www.amazon.es/dp/841107109X?tag=topinalambricos-21&linkCode=osi&th=1&psc=1","Images":{"Primary":{"Small":{"Height":68,"URL":"https://m.media-amazon.com/images/I/41oxGZctc0L._SL75_.jpg","Width":75}}},"ItemInfo":{"ByLineInfo":{"Brand":{"DisplayValue":"Tusquets Editores S.A.","Label":"Brand","Locale":"es_ES"},"Contributors":[{"Locale":"es_ES","Name":"Grandes, Almudena","Role":"Autor","RoleType":"author"}],"Manufacturer":{"DisplayValue":"Tusquets Editores S.A.","Label":"Manufacturer","Locale":"es_ES"}},"Title":{"DisplayValue":"Estuche Episodios de una Guerra Interminable: Inés y la alegría, El lector de Julio Verne, Las tres bodas de Manolita, Los pacientes del doctor García, La madre de Frankenstein (Andanzas)","Label":"Title","Locale":"es_ES"}},"Offers":{"Summaries":[{"Condition":{"Value":"New"},"LowestPrice":{"Amount":107.01,"Currency":"EUR","DisplayAmount":"107,01 €"}}]}},{"ASIN":"9056726099","DetailPageURL":"https://www.amazon.es/dp/9056726099?tag=topinalambricos-21&linkCode=osi&th=1&psc=1","Images":{"Primary":{"Small":{"Height":75,"URL":"https://m.media-amazon.com/images/I/51bISkcjLRL._SL75_.jpg","Width":48}}},"ItemInfo":{"ByLineInfo":{"Brand":{"DisplayValue":"Signatuur","Label":"Brand","Locale":"es_ES"},"Contributors":[{"Locale":"es_ES","Name":"Grandes, Almudena","Role":"Autor","RoleType":"author"},{"Locale":"es_ES","Name":"Buursma, Mia","Role":"Traductor","RoleType":"translator"},{"Locale":"es_ES","Name":"Degenaar, Rikkie","Role":"Traductor","RoleType":"translator"}],"Manufacturer":{"DisplayValue":"Signatuur","Label":"Manufacturer","Locale":"es_ES"}},"Title":{"DisplayValue":"De patiënten van dokter García","Label":"Title","Locale":"es_ES"}},"Offers":{"Summaries":[{"Condition":{"Value":"New"},"LowestPrice":{"Amount":29.57,"Currency":"EUR","DisplayAmount":"29,57 €"}}]}},{"ASIN":"8408258613","DetailPageURL":"https://www.amazon.es/dp/8408258613?tag=topinalambricos-21&linkCode=osi&th=1&psc=1","Images":{"Primary":{"Small":{"Height":75,"URL":"https://m.media-amazon.com/images/I/41KF-Uf51fL._SL75_.jpg","Width":48}}},"ItemInfo":{"ByLineInfo":{"Brand":{"DisplayValue":"Booket","Label":"Brand","Locale":"es_ES"},"Contributors":[{"Locale":"es_ES","Name":"García Sáenz de Urturi, Eva","Role":"Autor","RoleType":"author"}],"Manufacturer":{"DisplayValue":"Booket","Label":"Manufacturer","Locale":"es_ES"}},"Title":{"DisplayValue":"Aquitania: Premio Planeta 2020 (Novela)","Label":"Title","Locale":"es_ES"}},"Offers":{"Summaries":[{"Condition":{"Value":"Used"},"LowestPrice":{"Amount":8.96,"Currency":"EUR","DisplayAmount":"8,96 €"}},{"Condition":{"Value":"New"},"LowestPrice":{"Amount":9.3,"Currency":"EUR","DisplayAmount":"9,30 €"}}]}},{"ASIN":"8418945702","DetailPageURL":"https://www.amazon.es/dp/8418945702?tag=topinalambricos-21&linkCode=osi&th=1&psc=1","Images":{"Primary":{"Small":{"Height":75,"URL":"https://m.media-amazon.com/images/I/51SeyYCt3sL._SL75_.jpg","Width":50}}},"ItemInfo":{"ByLineInfo":{"Contributors":[{"Locale":"es_ES","Name":"Hazelwood, Ali","Role":"Autor","RoleType":"author"},{"Locale":"es_ES","Name":"Gilabert Giménez, Nerea","Role":"Traductor","RoleType":"translator"}],"Manufacturer":{"DisplayValue":"Contraluz Editorial","Label":"Manufacturer","Locale":"es_ES"}},"Title":{"DisplayValue":"La teoría del amor (Contraluz) Español","Label":"Title","Locale":"es_ES"}},"Offers":{"Summaries":[{"Condition":{"Value":"New"},"LowestPrice":{"Amount":18.0,"Currency":"EUR","DisplayAmount":"18,00 €"}}]}}],"SearchURL":"https://www.amazon.es/s?k=los+pacientes+del+doctor+garc%C3%ADa&rh=n%3A599364031%2Cp_n_availability%3A-1&tag=topinalambricos-21&linkCode=osi","TotalResultCount":41}},"77":{"SearchResult":{"Items":[{"ASIN":"8490667799","DetailPageURL":"https://www.amazon.es/dp/8490667799?tag=topinalambricos-21&linkCode=osi&th=1&psc=1","Images":{"Primary":{"Small":{"Height":75,"URL":"https://m.media-amazon.com/images/I/41f3xK0VZCL._SL75_.jpg","Width":49}}},"ItemInfo":{"ByLineInfo":{"Brand":{"DisplayValue":"Maxi-Tusquets","Label":"Brand","Locale":"es_ES"},"Contributors":[{"Locale":"es_ES","Name":"Grandes, Almudena","Role":"Autor","RoleType":"author"}],"Manufacturer":{"DisplayValue":"Planeta","Label":"Manufacturer","Locale":"es_ES"}},"Title":{"DisplayValue":"Los pacientes del doctor García (MAXI)","Label":"Title","Locale":"es_ES"}},"Offers":{"Summaries":[{"Condition":{"Value":"New"},"LowestPrice":{"Amount":12.3,"Currency":"EUR","DisplayAmount":"12,30 €"}},{"Condition":{"Value":"Used"},"LowestPrice":{"Amount":7.95,"Currency":"EUR","DisplayAmount":"7,95 €"}}]}},{"ASIN":"8411124819","DetailPageURL":"https://www.amazon.es/dp/8411124819?tag=topinalambricos-21&linkCode=osi&th=1&psc=1","Images":{"Primary":{"Small":{"Height":75,"URL":"https://m.media-amazon.com/images/I/51IMbTEgKtL._SL75_.jpg","Width":53}}},"ItemInfo":{"ByLineInfo":{"Brand":{"DisplayValue":"Planeta Cómic","Label":"Brand","Locale":"es_ES"},"Contributors":[{"Locale":"es_ES","Name":"Grandes, Almudena","Role":"Autor","RoleType":"author"},{"Locale":"es_ES","Name":"Stassi, Claudio","Role":"Autor","RoleType":"author"}],"Manufacturer":{"DisplayValue":"Planeta Cómic","Label":"Manufacturer","Locale":"es_ES"}},"Title":{"DisplayValue":"Los pacientes del doctor García (novela gráfica): Basado en la novela de Almudena Grandes","Label":"Title","Locale":"es_ES"}},"Offers":{"Summaries":[{"Condition":{"Value":"Used"},"LowestPrice":{"Amount":19.81,"Currency":"EUR","DisplayAmount":"19,81 €"}},{"Condition":{"Value":"New"},"LowestPrice":{"Amount":23.75,"Currency":"EUR","DisplayAmount":"23,75 €"}}]}},{"ASIN":"8490664498","DetailPageURL":"https://www.amazon.es/dp/8490664498?tag=topinalambricos-21&linkCode=osi&th=1&psc=1","Images":{"Primary":{"Small":{"Height":75,"URL":"https://m.media-amazon.com/images/I/514aL8HMIWL._SL75_.jpg","Width":50}}},"ItemInfo":{"ByLineInfo":{"Contributors":[{"Locale":"es_ES","Name":"Grandes, Almudena","Role":"Autor","RoleType":"author"}],"Manufacturer":{"DisplayValue":"Tusquets.","Label":"Manufacturer","Locale":"es_ES"}},"Title":{"DisplayValue":"Los pacientes del doctor García: el fin de la esperanza y la red de evasión de criminales de guerra y jerarcas nazis dirigida por Clara Stauffer, Madrid-Buenos Aires, 1945-1955","Label":"Title","Locale":"es_ES"}},"Offers":{"Summaries":[{"Condition":{"Value":"Used"},"LowestPrice":{"Amount":14.45,"Currency":"EUR","DisplayAmount":"14,45 €"}}]}},{"ASIN":"8490664463","DetailPageURL":"https://www.amazon.es/dp/8490664463?tag=topinalambricos-21&linkCode=osi&th=1&psc=1","Images":{"Primary":{"Small":{"Height":75,"URL":"https://m.media-amazon.com/images/I/51l3IX6ssyL._SL75_.jpg","Width":49}}},"ItemInfo":{"ByLineInfo":{"Brand":{"DisplayValue":"Tusquets Editores S.A.","Label":"Brand","Locale":"es_ES"},"Contributors":[{"Locale":"es_ES","Name":"Grandes, Almudena","Role":"Autor","RoleType":"author"}],"Manufacturer":{"DisplayValue":"Tusquets Editores S.A.","Label":"Manufacturer","Locale":"es_ES"}},"Title":{"DisplayValue":"Los pacientes del doctor García: Episodios de una Guerra Interminable: 4 (Andanzas)","Label":"Title","Locale":"es_ES"}},"Offers":{"Summaries":[{"Condition":{"Value":"New"},"LowestPrice":{"Amount":26.0,"Currency":"EUR","DisplayAmount":"26,00 €"}},{"Condition":{"Value":"Used"},"LowestPrice":{"Amount":21.62,"Currency":"EUR","DisplayAmount":"21,62 €"}}]}},{"ASIN":"2709662531","DetailPageURL":"https://www.amazon.es/dp/2709662531?tag=topinalambricos-21&linkCode=osi&th=1&psc=1","Images":{"Primary":{"Small":{"Height":75,"URL":"https://m.media-amazon.com/images/I/41ZVAQfPOcL._SL75_.jpg","Width":48}}},"ItemInfo":{"ByLineInfo":{"Brand":{"DisplayValue":"LATTES","Label":"Brand","Locale":"es_ES"},"Contributors":[{"Locale":"es_ES","Name":"Grandes, Almudena","Role":"Autor","RoleType":"author"}],"Manufacturer":{"DisplayValue":"JC Lattès","Label":"Manufacturer","Locale":"es_ES"}},"Title":{"DisplayValue":"Les patients du docteur Garcia (Littérature étrangère)","Label":"Title","Locale":"es_ES"}},"Offers":{"Summaries":[{"Condition":{"Value":"Used"},"LowestPrice":{"Amount":9.11,"Currency":"EUR","DisplayAmount":"9,11 €"}},{"Condition":{"Value":"New"},"LowestPrice":{"Amount":24.5,"Currency":"EUR","DisplayAmount":"24,50 €"}}]}},{"ASIN":"B09ZJ313QS","DetailPageURL":"https://www.amazon.es/dp/B09ZJ313QS?tag=topinalambricos-21&linkCode=osi&th=1&psc=1","Images":{"Primary":{"Small":{"Height":75,"URL":"https://m.media-amazon.com/images/I/51d665e+xkL._SL75_.jpg","Width":49}}},"ItemInfo":{"ByLineInfo":{"Contributors":[{"Locale":"es_ES","Name":"Grandes, Almudena","Role":"Autor","RoleType":"author"}],"Manufacturer":{"DisplayValue":"Tusquets Editores S.A.","Label":"Manufacturer","Locale":"es_ES"}},"Title":{"DisplayValue":"Pack Episodios de una guerra interminable: Inés y la alegría, El lector de Julio Verne, Las tres bodas de Manolita, Los pacientes del doctor García, La madre de Frankenstein","Label":"Title","Locale":"es_ES"}},"Offers":{"Summaries":[{"Condition":{"Value":"New"},"LowestPrice":{"Amount":33.24,"Currency":"EUR","DisplayAmount":"33,24 €"}}]}},{"ASIN":"841107109X","DetailPageURL":"https://www.amazon.es/dp/841107109X?tag=topinalambricos-21&linkCode=osi&th=1&psc=1","Images":{"Primary":{"Small":{"Height":68,"URL":"https://m.media-amazon.com/images/I/41oxGZctc0L._SL75_.jpg","Width":75}}},"ItemInfo":{"ByLineInfo":{"Brand":{"DisplayValue":"Tusquets Editores S.A.","Label":"Brand","Locale":"es_ES"},"Contributors":[{"Locale":"es_ES","Name":"Grandes, Almudena","Role":"Autor","RoleType":"author"}],"Manufacturer":{"DisplayValue":"Tusquets Editores S.A.","Label":"Manufacturer","Locale":"es_ES"}},"Title":{"DisplayValue":"Estuche Episodios de una Guerra Interminable: Inés y la alegría, El lector de Julio Verne, Las tres bodas de Manolita, Los pacientes del doctor García, La madre de Frankenstein (Andanzas)","Label":"Title","Locale":"es_ES"}},"Offers":{"Summaries":[{"Condition":{"Value":"New"},"LowestPrice":{"Amount":107.01,"Currency":"EUR","DisplayAmount":"107,01 €"}}]}},{"ASIN":"9056726099","DetailPageURL":"https://www.amazon.es/dp/9056726099?tag=topinalambricos-21&linkCode=osi&th=1&psc=1","Images":{"Primary":{"Small":{"Height":75,"URL":"https://m.media-amazon.com/images/I/51bISkcjLRL._SL75_.jpg","Width":48}}},"ItemInfo":{"ByLineInfo":{"Brand":{"DisplayValue":"Signatuur","Label":"Brand","Locale":"es_ES"},"Contributors":[{"Locale":"es_ES","Name":"Grandes, Almudena","Role":"Autor","RoleType":"author"},{"Locale":"es_ES","Name":"Buursma, Mia","Role":"Traductor","RoleType":"translator"},{"Locale":"es_ES","Name":"Degenaar, Rikkie","Role":"Traductor","RoleType":"translator"}],"Manufacturer":{"DisplayValue":"Signatuur","Label":"Manufacturer","Locale":"es_ES"}},"Title":{"DisplayValue":"De patiënten van dokter García","Label":"Title","Locale":"es_ES"}},"Offers":{"Summaries":[{"Condition":{"Value":"New"},"LowestPrice":{"Amount":29.57,"Currency":"EUR","DisplayAmount":"29,57 €"}}]}},{"ASIN":"8408258613","DetailPageURL":"https://www.amazon.es/dp/8408258613?tag=topinalambricos-21&linkCode=osi&th=1&psc=1","Images":{"Primary":{"Small":{"Height":75,"URL":"https://m.media-amazon.com/images/I/41KF-Uf51fL._SL75_.jpg","Width":48}}},"ItemInfo":{"ByLineInfo":{"Brand":{"DisplayValue":"Booket","Label":"Brand","Locale":"es_ES"},"Contributors":[{"Locale":"es_ES","Name":"García Sáenz de Urturi, Eva","Role":"Autor","RoleType":"author"}],"Manufacturer":{"DisplayValue":"Booket","Label":"Manufacturer","Locale":"es_ES"}},"Title":{"DisplayValue":"Aquitania: Premio Planeta 2020 (Novela)","Label":"Title","Locale":"es_ES"}},"Offers":{"Summaries":[{"Condition":{"Value":"Used"},"LowestPrice":{"Amount":8.96,"Currency":"EUR","DisplayAmount":"8,96 €"}},{"Condition":{"Value":"New"},"LowestPrice":{"Amount":9.3,"Currency":"EUR","DisplayAmount":"9,30 €"}}]}},{"ASIN":"8418945702","DetailPageURL":"https://www.amazon.es/dp/8418945702?tag=topinalambricos-21&linkCode=osi&th=1&psc=1","Images":{"Primary":{"Small":{"Height":75,"URL":"https://m.media-amazon.com/images/I/51SeyYCt3sL._SL75_.jpg","Width":50}}},"ItemInfo":{"ByLineInfo":{"Contributors":[{"Locale":"es_ES","Name":"Hazelwood, Ali","Role":"Autor","RoleType":"author"},{"Locale":"es_ES","Name":"Gilabert Giménez, Nerea","Role":"Traductor","RoleType":"translator"}],"Manufacturer":{"DisplayValue":"Contraluz Editorial","Label":"Manufacturer","Locale":"es_ES"}},"Title":{"DisplayValue":"La teoría del amor (Contraluz) Español","Label":"Title","Locale":"es_ES"}},"Offers":{"Summaries":[{"Condition":{"Value":"New"},"LowestPrice":{"Amount":18.0,"Currency":"EUR","DisplayAmount":"18,00 €"}}]}}],"SearchURL":"https://www.amazon.es/s?k=los+pacientes+del+doctor+garc%C3%ADa&rh=n%3A599364031%2Cp_n_availability%3A-1&tag=topinalambricos-21&linkCode=osi","TotalResultCount":41}},"78":{"SearchResult":{"Items":[{"ASIN":"8490667799","DetailPageURL":"https://www.amazon.es/dp/8490667799?tag=topinalambricos-21&linkCode=osi&th=1&psc=1","Images":{"Primary":{"Small":{"Height":75,"URL":"https://m.media-amazon.com/images/I/41f3xK0VZCL._SL75_.jpg","Width":49}}},"ItemInfo":{"ByLineInfo":{"Brand":{"DisplayValue":"Maxi-Tusquets","Label":"Brand","Locale":"es_ES"},"Contributors":[{"Locale":"es_ES","Name":"Grandes, Almudena","Role":"Autor","RoleType":"author"}],"Manufacturer":{"DisplayValue":"Planeta","Label":"Manufacturer","Locale":"es_ES"}},"Title":{"DisplayValue":"Los pacientes del doctor García (MAXI)","Label":"Title","Locale":"es_ES"}},"Offers":{"Summaries":[{"Condition":{"Value":"New"},"LowestPrice":{"Amount":12.3,"Currency":"EUR","DisplayAmount":"12,30 €"}},{"Condition":{"Value":"Used"},"LowestPrice":{"Amount":7.95,"Currency":"EUR","DisplayAmount":"7,95 €"}}]}},{"ASIN":"8411124819","DetailPageURL":"https://www.amazon.es/dp/8411124819?tag=topinalambricos-21&linkCode=osi&th=1&psc=1","Images":{"Primary":{"Small":{"Height":75,"URL":"https://m.media-amazon.com/images/I/51IMbTEgKtL._SL75_.jpg","Width":53}}},"ItemInfo":{"ByLineInfo":{"Brand":{"DisplayValue":"Planeta Cómic","Label":"Brand","Locale":"es_ES"},"Contributors":[{"Locale":"es_ES","Name":"Grandes, Almudena","Role":"Autor","RoleType":"author"},{"Locale":"es_ES","Name":"Stassi, Claudio","Role":"Autor","RoleType":"author"}],"Manufacturer":{"DisplayValue":"Planeta Cómic","Label":"Manufacturer","Locale":"es_ES"}},"Title":{"DisplayValue":"Los pacientes del doctor García (novela gráfica): Basado en la novela de Almudena Grandes","Label":"Title","Locale":"es_ES"}},"Offers":{"Summaries":[{"Condition":{"Value":"Used"},"LowestPrice":{"Amount":19.81,"Currency":"EUR","DisplayAmount":"19,81 €"}},{"Condition":{"Value":"New"},"LowestPrice":{"Amount":23.75,"Currency":"EUR","DisplayAmount":"23,75 €"}}]}},{"ASIN":"8490664498","DetailPageURL":"https://www.amazon.es/dp/8490664498?tag=topinalambricos-21&linkCode=osi&th=1&psc=1","Images":{"Primary":{"Small":{"Height":75,"URL":"https://m.media-amazon.com/images/I/514aL8HMIWL._SL75_.jpg","Width":50}}},"ItemInfo":{"ByLineInfo":{"Contributors":[{"Locale":"es_ES","Name":"Grandes, Almudena","Role":"Autor","RoleType":"author"}],"Manufacturer":{"DisplayValue":"Tusquets.","Label":"Manufacturer","Locale":"es_ES"}},"Title":{"DisplayValue":"Los pacientes del doctor García: el fin de la esperanza y la red de evasión de criminales de guerra y jerarcas nazis dirigida por Clara Stauffer, Madrid-Buenos Aires, 1945-1955","Label":"Title","Locale":"es_ES"}},"Offers":{"Summaries":[{"Condition":{"Value":"Used"},"LowestPrice":{"Amount":14.45,"Currency":"EUR","DisplayAmount":"14,45 €"}}]}},{"ASIN":"8490664463","DetailPageURL":"https://www.amazon.es/dp/8490664463?tag=topinalambricos-21&linkCode=osi&th=1&psc=1","Images":{"Primary":{"Small":{"Height":75,"URL":"https://m.media-amazon.com/images/I/51l3IX6ssyL._SL75_.jpg","Width":49}}},"ItemInfo":{"ByLineInfo":{"Brand":{"DisplayValue":"Tusquets Editores S.A.","Label":"Brand","Locale":"es_ES"},"Contributors":[{"Locale":"es_ES","Name":"Grandes, Almudena","Role":"Autor","RoleType":"author"}],"Manufacturer":{"DisplayValue":"Tusquets Editores S.A.","Label":"Manufacturer","Locale":"es_ES"}},"Title":{"DisplayValue":"Los pacientes del doctor García: Episodios de una Guerra Interminable: 4 (Andanzas)","Label":"Title","Locale":"es_ES"}},"Offers":{"Summaries":[{"Condition":{"Value":"New"},"LowestPrice":{"Amount":26.0,"Currency":"EUR","DisplayAmount":"26,00 €"}},{"Condition":{"Value":"Used"},"LowestPrice":{"Amount":21.62,"Currency":"EUR","DisplayAmount":"21,62 €"}}]}},{"ASIN":"2709662531","DetailPageURL":"https://www.amazon.es/dp/2709662531?tag=topinalambricos-21&linkCode=osi&th=1&psc=1","Images":{"Primary":{"Small":{"Height":75,"URL":"https://m.media-amazon.com/images/I/41ZVAQfPOcL._SL75_.jpg","Width":48}}},"ItemInfo":{"ByLineInfo":{"Brand":{"DisplayValue":"LATTES","Label":"Brand","Locale":"es_ES"},"Contributors":[{"Locale":"es_ES","Name":"Grandes, Almudena","Role":"Autor","RoleType":"author"}],"Manufacturer":{"DisplayValue":"JC Lattès","Label":"Manufacturer","Locale":"es_ES"}},"Title":{"DisplayValue":"Les patients du docteur Garcia (Littérature étrangère)","Label":"Title","Locale":"es_ES"}},"Offers":{"Summaries":[{"Condition":{"Value":"Used"},"LowestPrice":{"Amount":9.11,"Currency":"EUR","DisplayAmount":"9,11 €"}},{"Condition":{"Value":"New"},"LowestPrice":{"Amount":24.5,"Currency":"EUR","DisplayAmount":"24,50 €"}}]}},{"ASIN":"B09ZJ313QS","DetailPageURL":"https://www.amazon.es/dp/B09ZJ313QS?tag=topinalambricos-21&linkCode=osi&th=1&psc=1","Images":{"Primary":{"Small":{"Height":75,"URL":"https://m.media-amazon.com/images/I/51d665e+xkL._SL75_.jpg","Width":49}}},"ItemInfo":{"ByLineInfo":{"Contributors":[{"Locale":"es_ES","Name":"Grandes, Almudena","Role":"Autor","RoleType":"author"}],"Manufacturer":{"DisplayValue":"Tusquets Editores S.A.","Label":"Manufacturer","Locale":"es_ES"}},"Title":{"DisplayValue":"Pack Episodios de una guerra interminable: Inés y la alegría, El lector de Julio Verne, Las tres bodas de Manolita, Los pacientes del doctor García, La madre de Frankenstein","Label":"Title","Locale":"es_ES"}},"Offers":{"Summaries":[{"Condition":{"Value":"New"},"LowestPrice":{"Amount":33.24,"Currency":"EUR","DisplayAmount":"33,24 €"}}]}},{"ASIN":"841107109X","DetailPageURL":"https://www.amazon.es/dp/841107109X?tag=topinalambricos-21&linkCode=osi&th=1&psc=1","Images":{"Primary":{"Small":{"Height":68,"URL":"https://m.media-amazon.com/images/I/41oxGZctc0L._SL75_.jpg","Width":75}}},"ItemInfo":{"ByLineInfo":{"Brand":{"DisplayValue":"Tusquets Editores S.A.","Label":"Brand","Locale":"es_ES"},"Contributors":[{"Locale":"es_ES","Name":"Grandes, Almudena","Role":"Autor","RoleType":"author"}],"Manufacturer":{"DisplayValue":"Tusquets Editores S.A.","Label":"Manufacturer","Locale":"es_ES"}},"Title":{"DisplayValue":"Estuche Episodios de una Guerra Interminable: Inés y la alegría, El lector de Julio Verne, Las tres bodas de Manolita, Los pacientes del doctor García, La madre de Frankenstein (Andanzas)","Label":"Title","Locale":"es_ES"}},"Offers":{"Summaries":[{"Condition":{"Value":"New"},"LowestPrice":{"Amount":107.01,"Currency":"EUR","DisplayAmount":"107,01 €"}}]}},{"ASIN":"9056726099","DetailPageURL":"https://www.amazon.es/dp/9056726099?tag=topinalambricos-21&linkCode=osi&th=1&psc=1","Images":{"Primary":{"Small":{"Height":75,"URL":"https://m.media-amazon.com/images/I/51bISkcjLRL._SL75_.jpg","Width":48}}},"ItemInfo":{"ByLineInfo":{"Brand":{"DisplayValue":"Signatuur","Label":"Brand","Locale":"es_ES"},"Contributors":[{"Locale":"es_ES","Name":"Grandes, Almudena","Role":"Autor","RoleType":"author"},{"Locale":"es_ES","Name":"Buursma, Mia","Role":"Traductor","RoleType":"translator"},{"Locale":"es_ES","Name":"Degenaar, Rikkie","Role":"Traductor","RoleType":"translator"}],"Manufacturer":{"DisplayValue":"Signatuur","Label":"Manufacturer","Locale":"es_ES"}},"Title":{"DisplayValue":"De patiënten van dokter García","Label":"Title","Locale":"es_ES"}},"Offers":{"Summaries":[{"Condition":{"Value":"New"},"LowestPrice":{"Amount":29.57,"Currency":"EUR","DisplayAmount":"29,57 €"}}]}},{"ASIN":"8408258613","DetailPageURL":"https://www.amazon.es/dp/8408258613?tag=topinalambricos-21&linkCode=osi&th=1&psc=1","Images":{"Primary":{"Small":{"Height":75,"URL":"https://m.media-amazon.com/images/I/41KF-Uf51fL._SL75_.jpg","Width":48}}},"ItemInfo":{"ByLineInfo":{"Brand":{"DisplayValue":"Booket","Label":"Brand","Locale":"es_ES"},"Contributors":[{"Locale":"es_ES","Name":"García Sáenz de Urturi, Eva","Role":"Autor","RoleType":"author"}],"Manufacturer":{"DisplayValue":"Booket","Label":"Manufacturer","Locale":"es_ES"}},"Title":{"DisplayValue":"Aquitania: Premio Planeta 2020 (Novela)","Label":"Title","Locale":"es_ES"}},"Offers":{"Summaries":[{"Condition":{"Value":"Used"},"LowestPrice":{"Amount":8.96,"Currency":"EUR","DisplayAmount":"8,96 €"}},{"Condition":{"Value":"New"},"LowestPrice":{"Amount":9.3,"Currency":"EUR","DisplayAmount":"9,30 €"}}]}},{"ASIN":"8418945702","DetailPageURL":"https://www.amazon.es/dp/8418945702?tag=topinalambricos-21&linkCode=osi&th=1&psc=1","Images":{"Primary":{"Small":{"Height":75,"URL":"https://m.media-amazon.com/images/I/51SeyYCt3sL._SL75_.jpg","Width":50}}},"ItemInfo":{"ByLineInfo":{"Contributors":[{"Locale":"es_ES","Name":"Hazelwood, Ali","Role":"Autor","RoleType":"author"},{"Locale":"es_ES","Name":"Gilabert Giménez, Nerea","Role":"Traductor","RoleType":"translator"}],"Manufacturer":{"DisplayValue":"Contraluz Editorial","Label":"Manufacturer","Locale":"es_ES"}},"Title":{"DisplayValue":"La teoría del amor (Contraluz) Español","Label":"Title","Locale":"es_ES"}},"Offers":{"Summaries":[{"Condition":{"Value":"New"},"LowestPrice":{"Amount":18.0,"Currency":"EUR","DisplayAmount":"18,00 €"}}]}}],"SearchURL":"https://www.amazon.es/s?k=los+pacientes+del+doctor+garc%C3%ADa&rh=n%3A599364031%2Cp_n_availability%3A-1&tag=topinalambricos-21&linkCode=osi","TotalResultCount":41}},"79":{"SearchResult":{"Items":[{"ASIN":"8490667799","DetailPageURL":"https://www.amazon.es/dp/8490667799?tag=topinalambricos-21&linkCode=osi&th=1&psc=1","Images":{"Primary":{"Small":{"Height":75,"URL":"https://m.media-amazon.com/images/I/41f3xK0VZCL._SL75_.jpg","Width":49}}},"ItemInfo":{"ByLineInfo":{"Brand":{"DisplayValue":"Maxi-Tusquets","Label":"Brand","Locale":"es_ES"},"Contributors":[{"Locale":"es_ES","Name":"Grandes, Almudena","Role":"Autor","RoleType":"author"}],"Manufacturer":{"DisplayValue":"Planeta","Label":"Manufacturer","Locale":"es_ES"}},"Title":{"DisplayValue":"Los pacientes del doctor García (MAXI)","Label":"Title","Locale":"es_ES"}},"Offers":{"Summaries":[{"Condition":{"Value":"New"},"LowestPrice":{"Amount":12.3,"Currency":"EUR","DisplayAmount":"12,30 €"}},{"Condition":{"Value":"Used"},"LowestPrice":{"Amount":7.95,"Currency":"EUR","DisplayAmount":"7,95 €"}}]}},{"ASIN":"8411124819","DetailPageURL":"https://www.amazon.es/dp/8411124819?tag=topinalambricos-21&linkCode=osi&th=1&psc=1","Images":{"Primary":{"Small":{"Height":75,"URL":"https://m.media-amazon.com/images/I/51IMbTEgKtL._SL75_.jpg","Width":53}}},"ItemInfo":{"ByLineInfo":{"Brand":{"DisplayValue":"Planeta Cómic","Label":"Brand","Locale":"es_ES"},"Contributors":[{"Locale":"es_ES","Name":"Grandes, Almudena","Role":"Autor","RoleType":"author"},{"Locale":"es_ES","Name":"Stassi, Claudio","Role":"Autor","RoleType":"author"}],"Manufacturer":{"DisplayValue":"Planeta Cómic","Label":"Manufacturer","Locale":"es_ES"}},"Title":{"DisplayValue":"Los pacientes del doctor García (novela gráfica): Basado en la novela de Almudena Grandes","Label":"Title","Locale":"es_ES"}},"Offers":{"Summaries":[{"Condition":{"Value":"Used"},"LowestPrice":{"Amount":19.81,"Currency":"EUR","DisplayAmount":"19,81 €"}},{"Condition":{"Value":"New"},"LowestPrice":{"Amount":23.75,"Currency":"EUR","DisplayAmount":"23,75 €"}}]}},{"ASIN":"8490664498","DetailPageURL":"https://www.amazon.es/dp/8490664498?tag=topinalambricos-21&linkCode=osi&th=1&psc=1","Images":{"Primary":{"Small":{"Height":75,"URL":"https://m.media-amazon.com/images/I/514aL8HMIWL._SL75_.jpg","Width":50}}},"ItemInfo":{"ByLineInfo":{"Contributors":[{"Locale":"es_ES","Name":"Grandes, Almudena","Role":"Autor","RoleType":"author"}],"Manufacturer":{"DisplayValue":"Tusquets.","Label":"Manufacturer","Locale":"es_ES"}},"Title":{"DisplayValue":"Los pacientes del doctor García: el fin de la esperanza y la red de evasión de criminales de guerra y jerarcas nazis dirigida por Clara Stauffer, Madrid-Buenos Aires, 1945-1955","Label":"Title","Locale":"es_ES"}},"Offers":{"Summaries":[{"Condition":{"Value":"Used"},"LowestPrice":{"Amount":14.45,"Currency":"EUR","DisplayAmount":"14,45 €"}}]}},{"ASIN":"8490664463","DetailPageURL":"https://www.amazon.es/dp/8490664463?tag=topinalambricos-21&linkCode=osi&th=1&psc=1","Images":{"Primary":{"Small":{"Height":75,"URL":"https://m.media-amazon.com/images/I/51l3IX6ssyL._SL75_.jpg","Width":49}}},"ItemInfo":{"ByLineInfo":{"Brand":{"DisplayValue":"Tusquets Editores S.A.","Label":"Brand","Locale":"es_ES"},"Contributors":[{"Locale":"es_ES","Name":"Grandes, Almudena","Role":"Autor","RoleType":"author"}],"Manufacturer":{"DisplayValue":"Tusquets Editores S.A.","Label":"Manufacturer","Locale":"es_ES"}},"Title":{"DisplayValue":"Los pacientes del doctor García: Episodios de una Guerra Interminable: 4 (Andanzas)","Label":"Title","Locale":"es_ES"}},"Offers":{"Summaries":[{"Condition":{"Value":"New"},"LowestPrice":{"Amount":26.0,"Currency":"EUR","DisplayAmount":"26,00 €"}},{"Condition":{"Value":"Used"},"LowestPrice":{"Amount":21.62,"Currency":"EUR","DisplayAmount":"21,62 €"}}]}},{"ASIN":"2709662531","DetailPageURL":"https://www.amazon.es/dp/2709662531?tag=topinalambricos-21&linkCode=osi&th=1&psc=1","Images":{"Primary":{"Small":{"Height":75,"URL":"https://m.media-amazon.com/images/I/41ZVAQfPOcL._SL75_.jpg","Width":48}}},"ItemInfo":{"ByLineInfo":{"Brand":{"DisplayValue":"LATTES","Label":"Brand","Locale":"es_ES"},"Contributors":[{"Locale":"es_ES","Name":"Grandes, Almudena","Role":"Autor","RoleType":"author"}],"Manufacturer":{"DisplayValue":"JC Lattès","Label":"Manufacturer","Locale":"es_ES"}},"Title":{"DisplayValue":"Les patients du docteur Garcia (Littérature étrangère)","Label":"Title","Locale":"es_ES"}},"Offers":{"Summaries":[{"Condition":{"Value":"Used"},"LowestPrice":{"Amount":9.11,"Currency":"EUR","DisplayAmount":"9,11 €"}},{"Condition":{"Value":"New"},"LowestPrice":{"Amount":24.5,"Currency":"EUR","DisplayAmount":"24,50 €"}}]}},{"ASIN":"B09ZJ313QS","DetailPageURL":"https://www.amazon.es/dp/B09ZJ313QS?tag=topinalambricos-21&linkCode=osi&th=1&psc=1","Images":{"Primary":{"Small":{"Height":75,"URL":"https://m.media-amazon.com/images/I/51d665e+xkL._SL75_.jpg","Width":49}}},"ItemInfo":{"ByLineInfo":{"Contributors":[{"Locale":"es_ES","Name":"Grandes, Almudena","Role":"Autor","RoleType":"author"}],"Manufacturer":{"DisplayValue":"Tusquets Editores S.A.","Label":"Manufacturer","Locale":"es_ES"}},"Title":{"DisplayValue":"Pack Episodios de una guerra interminable: Inés y la alegría, El lector de Julio Verne, Las tres bodas de Manolita, Los pacientes del doctor García, La madre de Frankenstein","Label":"Title","Locale":"es_ES"}},"Offers":{"Summaries":[{"Condition":{"Value":"New"},"LowestPrice":{"Amount":33.24,"Currency":"EUR","DisplayAmount":"33,24 €"}}]}},{"ASIN":"841107109X","DetailPageURL":"https://www.amazon.es/dp/841107109X?tag=topinalambricos-21&linkCode=osi&th=1&psc=1","Images":{"Primary":{"Small":{"Height":68,"URL":"https://m.media-amazon.com/images/I/41oxGZctc0L._SL75_.jpg","Width":75}}},"ItemInfo":{"ByLineInfo":{"Brand":{"DisplayValue":"Tusquets Editores S.A.","Label":"Brand","Locale":"es_ES"},"Contributors":[{"Locale":"es_ES","Name":"Grandes, Almudena","Role":"Autor","RoleType":"author"}],"Manufacturer":{"DisplayValue":"Tusquets Editores S.A.","Label":"Manufacturer","Locale":"es_ES"}},"Title":{"DisplayValue":"Estuche Episodios de una Guerra Interminable: Inés y la alegría, El lector de Julio Verne, Las tres bodas de Manolita, Los pacientes del doctor García, La madre de Frankenstein (Andanzas)","Label":"Title","Locale":"es_ES"}},"Offers":{"Summaries":[{"Condition":{"Value":"New"},"LowestPrice":{"Amount":107.01,"Currency":"EUR","DisplayAmount":"107,01 €"}}]}},{"ASIN":"9056726099","DetailPageURL":"https://www.amazon.es/dp/9056726099?tag=topinalambricos-21&linkCode=osi&th=1&psc=1","Images":{"Primary":{"Small":{"Height":75,"URL":"https://m.media-amazon.com/images/I/51bISkcjLRL._SL75_.jpg","Width":48}}},"ItemInfo":{"ByLineInfo":{"Brand":{"DisplayValue":"Signatuur","Label":"Brand","Locale":"es_ES"},"Contributors":[{"Locale":"es_ES","Name":"Grandes, Almudena","Role":"Autor","RoleType":"author"},{"Locale":"es_ES","Name":"Buursma, Mia","Role":"Traductor","RoleType":"translator"},{"Locale":"es_ES","Name":"Degenaar, Rikkie","Role":"Traductor","RoleType":"translator"}],"Manufacturer":{"DisplayValue":"Signatuur","Label":"Manufacturer","Locale":"es_ES"}},"Title":{"DisplayValue":"De patiënten van dokter García","Label":"Title","Locale":"es_ES"}},"Offers":{"Summaries":[{"Condition":{"Value":"New"},"LowestPrice":{"Amount":29.57,"Currency":"EUR","DisplayAmount":"29,57 €"}}]}},{"ASIN":"8408258613","DetailPageURL":"https://www.amazon.es/dp/8408258613?tag=topinalambricos-21&linkCode=osi&th=1&psc=1","Images":{"Primary":{"Small":{"Height":75,"URL":"https://m.media-amazon.com/images/I/41KF-Uf51fL._SL75_.jpg","Width":48}}},"ItemInfo":{"ByLineInfo":{"Brand":{"DisplayValue":"Booket","Label":"Brand","Locale":"es_ES"},"Contributors":[{"Locale":"es_ES","Name":"García Sáenz de Urturi, Eva","Role":"Autor","RoleType":"author"}],"Manufacturer":{"DisplayValue":"Booket","Label":"Manufacturer","Locale":"es_ES"}},"Title":{"DisplayValue":"Aquitania: Premio Planeta 2020 (Novela)","Label":"Title","Locale":"es_ES"}},"Offers":{"Summaries":[{"Condition":{"Value":"Used"},"LowestPrice":{"Amount":8.96,"Currency":"EUR","DisplayAmount":"8,96 €"}},{"Condition":{"Value":"New"},"LowestPrice":{"Amount":9.3,"Currency":"EUR","DisplayAmount":"9,30 €"}}]}},{"ASIN":"8418945702","DetailPageURL":"https://www.amazon.es/dp/8418945702?tag=topinalambricos-21&linkCode=osi&th=1&psc=1","Images":{"Primary":{"Small":{"Height":75,"URL":"https://m.media-amazon.com/images/I/51SeyYCt3sL._SL75_.jpg","Width":50}}},"ItemInfo":{"ByLineInfo":{"Contributors":[{"Locale":"es_ES","Name":"Hazelwood, Ali","Role":"Autor","RoleType":"author"},{"Locale":"es_ES","Name":"Gilabert Giménez, Nerea","Role":"Traductor","RoleType":"translator"}],"Manufacturer":{"DisplayValue":"Contraluz Editorial","Label":"Manufacturer","Locale":"es_ES"}},"Title":{"DisplayValue":"La teoría del amor (Contraluz) Español","Label":"Title","Locale":"es_ES"}},"Offers":{"Summaries":[{"Condition":{"Value":"New"},"LowestPrice":{"Amount":18.0,"Currency":"EUR","DisplayAmount":"18,00 €"}}]}}],"SearchURL":"https://www.amazon.es/s?k=los+pacientes+del+doctor+garc%C3%ADa&rh=n%3A599364031%2Cp_n_availability%3A-1&tag=topinalambricos-21&linkCode=osi","TotalResultCount":41}},"80":{"SearchResult":{"Items":[{"ASIN":"8490667799","DetailPageURL":"https://www.amazon.es/dp/8490667799?tag=topinalambricos-21&linkCode=osi&th=1&psc=1","Images":{"Primary":{"Small":{"Height":75,"URL":"https://m.media-amazon.com/images/I/41f3xK0VZCL._SL75_.jpg","Width":49}}},"ItemInfo":{"ByLineInfo":{"Brand":{"DisplayValue":"Maxi-Tusquets","Label":"Brand","Locale":"es_ES"},"Contributors":[{"Locale":"es_ES","Name":"Grandes, Almudena","Role":"Autor","RoleType":"author"}],"Manufacturer":{"DisplayValue":"Planeta","Label":"Manufacturer","Locale":"es_ES"}},"Title":{"DisplayValue":"Los pacientes del doctor García (MAXI)","Label":"Title","Locale":"es_ES"}},"Offers":{"Summaries":[{"Condition":{"Value":"New"},"LowestPrice":{"Amount":12.3,"Currency":"EUR","DisplayAmount":"12,30 €"}},{"Condition":{"Value":"Used"},"LowestPrice":{"Amount":7.95,"Currency":"EUR","DisplayAmount":"7,95 €"}}]}},{"ASIN":"8411124819","DetailPageURL":"https://www.amazon.es/dp/8411124819?tag=topinalambricos-21&linkCode=osi&th=1&psc=1","Images":{"Primary":{"Small":{"Height":75,"URL":"https://m.media-amazon.com/images/I/51IMbTEgKtL._SL75_.jpg","Width":53}}},"ItemInfo":{"ByLineInfo":{"Brand":{"DisplayValue":"Planeta Cómic","Label":"Brand","Locale":"es_ES"},"Contributors":[{"Locale":"es_ES","Name":"Grandes, Almudena","Role":"Autor","RoleType":"author"},{"Locale":"es_ES","Name":"Stassi, Claudio","Role":"Autor","RoleType":"author"}],"Manufacturer":{"DisplayValue":"Planeta Cómic","Label":"Manufacturer","Locale":"es_ES"}},"Title":{"DisplayValue":"Los pacientes del doctor García (novela gráfica): Basado en la novela de Almudena Grandes","Label":"Title","Locale":"es_ES"}},"Offers":{"Summaries":[{"Condition":{"Value":"Used"},"LowestPrice":{"Amount":19.81,"Currency":"EUR","DisplayAmount":"19,81 €"}},{"Condition":{"Value":"New"},"LowestPrice":{"Amount":23.75,"Currency":"EUR","DisplayAmount":"23,75 €"}}]}},{"ASIN":"8490664498","DetailPageURL":"https://www.amazon.es/dp/8490664498?tag=topinalambricos-21&linkCode=osi&th=1&psc=1","Images":{"Primary":{"Small":{"Height":75,"URL":"https://m.media-amazon.com/images/I/514aL8HMIWL._SL75_.jpg","Width":50}}},"ItemInfo":{"ByLineInfo":{"Contributors":[{"Locale":"es_ES","Name":"Grandes, Almudena","Role":"Autor","RoleType":"author"}],"Manufacturer":{"DisplayValue":"Tusquets.","Label":"Manufacturer","Locale":"es_ES"}},"Title":{"DisplayValue":"Los pacientes del doctor García: el fin de la esperanza y la red de evasión de criminales de guerra y jerarcas nazis dirigida por Clara Stauffer, Madrid-Buenos Aires, 1945-1955","Label":"Title","Locale":"es_ES"}},"Offers":{"Summaries":[{"Condition":{"Value":"Used"},"LowestPrice":{"Amount":14.45,"Currency":"EUR","DisplayAmount":"14,45 €"}}]}},{"ASIN":"8490664463","DetailPageURL":"https://www.amazon.es/dp/8490664463?tag=topinalambricos-21&linkCode=osi&th=1&psc=1","Images":{"Primary":{"Small":{"Height":75,"URL":"https://m.media-amazon.com/images/I/51l3IX6ssyL._SL75_.jpg","Width":49}}},"ItemInfo":{"ByLineInfo":{"Brand":{"DisplayValue":"Tusquets Editores S.A.","Label":"Brand","Locale":"es_ES"},"Contributors":[{"Locale":"es_ES","Name":"Grandes, Almudena","Role":"Autor","RoleType":"author"}],"Manufacturer":{"DisplayValue":"Tusquets Editores S.A.","Label":"Manufacturer","Locale":"es_ES"}},"Title":{"DisplayValue":"Los pacientes del doctor García: Episodios de una Guerra Interminable: 4 (Andanzas)","Label":"Title","Locale":"es_ES"}},"Offers":{"Summaries":[{"Condition":{"Value":"New"},"LowestPrice":{"Amount":26.0,"Currency":"EUR","DisplayAmount":"26,00 €"}},{"Condition":{"Value":"Used"},"LowestPrice":{"Amount":21.62,"Currency":"EUR","DisplayAmount":"21,62 €"}}]}},{"ASIN":"2709662531","DetailPageURL":"https://www.amazon.es/dp/2709662531?tag=topinalambricos-21&linkCode=osi&th=1&psc=1","Images":{"Primary":{"Small":{"Height":75,"URL":"https://m.media-amazon.com/images/I/41ZVAQfPOcL._SL75_.jpg","Width":48}}},"ItemInfo":{"ByLineInfo":{"Brand":{"DisplayValue":"LATTES","Label":"Brand","Locale":"es_ES"},"Contributors":[{"Locale":"es_ES","Name":"Grandes, Almudena","Role":"Autor","RoleType":"author"}],"Manufacturer":{"DisplayValue":"JC Lattès","Label":"Manufacturer","Locale":"es_ES"}},"Title":{"DisplayValue":"Les patients du docteur Garcia (Littérature étrangère)","Label":"Title","Locale":"es_ES"}},"Offers":{"Summaries":[{"Condition":{"Value":"Used"},"LowestPrice":{"Amount":9.11,"Currency":"EUR","DisplayAmount":"9,11 €"}},{"Condition":{"Value":"New"},"LowestPrice":{"Amount":24.5,"Currency":"EUR","DisplayAmount":"24,50 €"}}]}},{"ASIN":"B09ZJ313QS","DetailPageURL":"https://www.amazon.es/dp/B09ZJ313QS?tag=topinalambricos-21&linkCode=osi&th=1&psc=1","Images":{"Primary":{"Small":{"Height":75,"URL":"https://m.media-amazon.com/images/I/51d665e+xkL._SL75_.jpg","Width":49}}},"ItemInfo":{"ByLineInfo":{"Contributors":[{"Locale":"es_ES","Name":"Grandes, Almudena","Role":"Autor","RoleType":"author"}],"Manufacturer":{"DisplayValue":"Tusquets Editores S.A.","Label":"Manufacturer","Locale":"es_ES"}},"Title":{"DisplayValue":"Pack Episodios de una guerra interminable: Inés y la alegría, El lector de Julio Verne, Las tres bodas de Manolita, Los pacientes del doctor García, La madre de Frankenstein","Label":"Title","Locale":"es_ES"}},"Offers":{"Summaries":[{"Condition":{"Value":"New"},"LowestPrice":{"Amount":33.24,"Currency":"EUR","DisplayAmount":"33,24 €"}}]}},{"ASIN":"841107109X","DetailPageURL":"https://www.amazon.es/dp/841107109X?tag=topinalambricos-21&linkCode=osi&th=1&psc=1","Images":{"Primary":{"Small":{"Height":68,"URL":"https://m.media-amazon.com/images/I/41oxGZctc0L._SL75_.jpg","Width":75}}},"ItemInfo":{"ByLineInfo":{"Brand":{"DisplayValue":"Tusquets Editores S.A.","Label":"Brand","Locale":"es_ES"},"Contributors":[{"Locale":"es_ES","Name":"Grandes, Almudena","Role":"Autor","RoleType":"author"}],"Manufacturer":{"DisplayValue":"Tusquets Editores S.A.","Label":"Manufacturer","Locale":"es_ES"}},"Title":{"DisplayValue":"Estuche Episodios de una Guerra Interminable: Inés y la alegría, El lector de Julio Verne, Las tres bodas de Manolita, Los pacientes del doctor García, La madre de Frankenstein (Andanzas)","Label":"Title","Locale":"es_ES"}},"Offers":{"Summaries":[{"Condition":{"Value":"New"},"LowestPrice":{"Amount":107.01,"Currency":"EUR","DisplayAmount":"107,01 €"}}]}},{"ASIN":"9056726099","DetailPageURL":"https://www.amazon.es/dp/9056726099?tag=topinalambricos-21&linkCode=osi&th=1&psc=1","Images":{"Primary":{"Small":{"Height":75,"URL":"https://m.media-amazon.com/images/I/51bISkcjLRL._SL75_.jpg","Width":48}}},"ItemInfo":{"ByLineInfo":{"Brand":{"DisplayValue":"Signatuur","Label":"Brand","Locale":"es_ES"},"Contributors":[{"Locale":"es_ES","Name":"Grandes, Almudena","Role":"Autor","RoleType":"author"},{"Locale":"es_ES","Name":"Buursma, Mia","Role":"Traductor","RoleType":"translator"},{"Locale":"es_ES","Name":"Degenaar, Rikkie","Role":"Traductor","RoleType":"translator"}],"Manufacturer":{"DisplayValue":"Signatuur","Label":"Manufacturer","Locale":"es_ES"}},"Title":{"DisplayValue":"De patiënten van dokter García","Label":"Title","Locale":"es_ES"}},"Offers":{"Summaries":[{"Condition":{"Value":"New"},"LowestPrice":{"Amount":29.57,"Currency":"EUR","DisplayAmount":"29,57 €"}}]}},{"ASIN":"8408258613","DetailPageURL":"https://www.amazon.es/dp/8408258613?tag=topinalambricos-21&linkCode=osi&th=1&psc=1","Images":{"Primary":{"Small":{"Height":75,"URL":"https://m.media-amazon.com/images/I/41KF-Uf51fL._SL75_.jpg","Width":48}}},"ItemInfo":{"ByLineInfo":{"Brand":{"DisplayValue":"Booket","Label":"Brand","Locale":"es_ES"},"Contributors":[{"Locale":"es_ES","Name":"García Sáenz de Urturi, Eva","Role":"Autor","RoleType":"author"}],"Manufacturer":{"DisplayValue":"Booket","Label":"Manufacturer","Locale":"es_ES"}},"Title":{"DisplayValue":"Aquitania: Premio Planeta 2020 (Novela)","Label":"Title","Locale":"es_ES"}},"Offers":{"Summaries":[{"Condition":{"Value":"Used"},"LowestPrice":{"Amount":8.96,"Currency":"EUR","DisplayAmount":"8,96 €"}},{"Condition":{"Value":"New"},"LowestPrice":{"Amount":9.3,"Currency":"EUR","DisplayAmount":"9,30 €"}}]}},{"ASIN":"8418945702","DetailPageURL":"https://www.amazon.es/dp/8418945702?tag=topinalambricos-21&linkCode=osi&th=1&psc=1","Images":{"Primary":{"Small":{"Height":75,"URL":"https://m.media-amazon.com/images/I/51SeyYCt3sL._SL75_.jpg","Width":50}}},"ItemInfo":{"ByLineInfo":{"Contributors":[{"Locale":"es_ES","Name":"Hazelwood, Ali","Role":"Autor","RoleType":"author"},{"Locale":"es_ES","Name":"Gilabert Giménez, Nerea","Role":"Traductor","RoleType":"translator"}],"Manufacturer":{"DisplayValue":"Contraluz Editorial","Label":"Manufacturer","Locale":"es_ES"}},"Title":{"DisplayValue":"La teoría del amor (Contraluz) Español","Label":"Title","Locale":"es_ES"}},"Offers":{"Summaries":[{"Condition":{"Value":"New"},"LowestPrice":{"Amount":18.0,"Currency":"EUR","DisplayAmount":"18,00 €"}}]}}],"SearchURL":"https://www.amazon.es/s?k=los+pacientes+del+doctor+garc%C3%ADa&rh=n%3A599364031%2Cp_n_availability%3A-1&tag=topinalambricos-21&linkCode=osi","TotalResultCount":41}},"82":{"SearchResult":{"Items":[{"ASIN":"8490667799","DetailPageURL":"https://www.amazon.es/dp/8490667799?tag=topinalambricos-21&linkCode=osi&th=1&psc=1","Images":{"Primary":{"Small":{"Height":75,"URL":"https://m.media-amazon.com/images/I/41f3xK0VZCL._SL75_.jpg","Width":49}}},"ItemInfo":{"ByLineInfo":{"Brand":{"DisplayValue":"Maxi-Tusquets","Label":"Brand","Locale":"es_ES"},"Contributors":[{"Locale":"es_ES","Name":"Grandes, Almudena","Role":"Autor","RoleType":"author"}],"Manufacturer":{"DisplayValue":"Planeta","Label":"Manufacturer","Locale":"es_ES"}},"Title":{"DisplayValue":"Los pacientes del doctor García (MAXI)","Label":"Title","Locale":"es_ES"}},"Offers":{"Summaries":[{"Condition":{"Value":"New"},"LowestPrice":{"Amount":12.3,"Currency":"EUR","DisplayAmount":"12,30 €"}},{"Condition":{"Value":"Used"},"LowestPrice":{"Amount":7.95,"Currency":"EUR","DisplayAmount":"7,95 €"}}]}},{"ASIN":"8411124819","DetailPageURL":"https://www.amazon.es/dp/8411124819?tag=topinalambricos-21&linkCode=osi&th=1&psc=1","Images":{"Primary":{"Small":{"Height":75,"URL":"https://m.media-amazon.com/images/I/51IMbTEgKtL._SL75_.jpg","Width":53}}},"ItemInfo":{"ByLineInfo":{"Brand":{"DisplayValue":"Planeta Cómic","Label":"Brand","Locale":"es_ES"},"Contributors":[{"Locale":"es_ES","Name":"Grandes, Almudena","Role":"Autor","RoleType":"author"},{"Locale":"es_ES","Name":"Stassi, Claudio","Role":"Autor","RoleType":"author"}],"Manufacturer":{"DisplayValue":"Planeta Cómic","Label":"Manufacturer","Locale":"es_ES"}},"Title":{"DisplayValue":"Los pacientes del doctor García (novela gráfica): Basado en la novela de Almudena Grandes","Label":"Title","Locale":"es_ES"}},"Offers":{"Summaries":[{"Condition":{"Value":"Used"},"LowestPrice":{"Amount":19.81,"Currency":"EUR","DisplayAmount":"19,81 €"}},{"Condition":{"Value":"New"},"LowestPrice":{"Amount":23.75,"Currency":"EUR","DisplayAmount":"23,75 €"}}]}},{"ASIN":"8490664498","DetailPageURL":"https://www.amazon.es/dp/8490664498?tag=topinalambricos-21&linkCode=osi&th=1&psc=1","Images":{"Primary":{"Small":{"Height":75,"URL":"https://m.media-amazon.com/images/I/514aL8HMIWL._SL75_.jpg","Width":50}}},"ItemInfo":{"ByLineInfo":{"Contributors":[{"Locale":"es_ES","Name":"Grandes, Almudena","Role":"Autor","RoleType":"author"}],"Manufacturer":{"DisplayValue":"Tusquets.","Label":"Manufacturer","Locale":"es_ES"}},"Title":{"DisplayValue":"Los pacientes del doctor García: el fin de la esperanza y la red de evasión de criminales de guerra y jerarcas nazis dirigida por Clara Stauffer, Madrid-Buenos Aires, 1945-1955","Label":"Title","Locale":"es_ES"}},"Offers":{"Summaries":[{"Condition":{"Value":"Used"},"LowestPrice":{"Amount":14.45,"Currency":"EUR","DisplayAmount":"14,45 €"}}]}},{"ASIN":"8490664463","DetailPageURL":"https://www.amazon.es/dp/8490664463?tag=topinalambricos-21&linkCode=osi&th=1&psc=1","Images":{"Primary":{"Small":{"Height":75,"URL":"https://m.media-amazon.com/images/I/51l3IX6ssyL._SL75_.jpg","Width":49}}},"ItemInfo":{"ByLineInfo":{"Brand":{"DisplayValue":"Tusquets Editores S.A.","Label":"Brand","Locale":"es_ES"},"Contributors":[{"Locale":"es_ES","Name":"Grandes, Almudena","Role":"Autor","RoleType":"author"}],"Manufacturer":{"DisplayValue":"Tusquets Editores S.A.","Label":"Manufacturer","Locale":"es_ES"}},"Title":{"DisplayValue":"Los pacientes del doctor García: Episodios de una Guerra Interminable: 4 (Andanzas)","Label":"Title","Locale":"es_ES"}},"Offers":{"Summaries":[{"Condition":{"Value":"New"},"LowestPrice":{"Amount":26.0,"Currency":"EUR","DisplayAmount":"26,00 €"}},{"Condition":{"Value":"Used"},"LowestPrice":{"Amount":21.62,"Currency":"EUR","DisplayAmount":"21,62 €"}}]}},{"ASIN":"2709662531","DetailPageURL":"https://www.amazon.es/dp/2709662531?tag=topinalambricos-21&linkCode=osi&th=1&psc=1","Images":{"Primary":{"Small":{"Height":75,"URL":"https://m.media-amazon.com/images/I/41ZVAQfPOcL._SL75_.jpg","Width":48}}},"ItemInfo":{"ByLineInfo":{"Brand":{"DisplayValue":"LATTES","Label":"Brand","Locale":"es_ES"},"Contributors":[{"Locale":"es_ES","Name":"Grandes, Almudena","Role":"Autor","RoleType":"author"}],"Manufacturer":{"DisplayValue":"JC Lattès","Label":"Manufacturer","Locale":"es_ES"}},"Title":{"DisplayValue":"Les patients du docteur Garcia (Littérature étrangère)","Label":"Title","Locale":"es_ES"}},"Offers":{"Summaries":[{"Condition":{"Value":"Used"},"LowestPrice":{"Amount":9.11,"Currency":"EUR","DisplayAmount":"9,11 €"}},{"Condition":{"Value":"New"},"LowestPrice":{"Amount":24.5,"Currency":"EUR","DisplayAmount":"24,50 €"}}]}},{"ASIN":"B09ZJ313QS","DetailPageURL":"https://www.amazon.es/dp/B09ZJ313QS?tag=topinalambricos-21&linkCode=osi&th=1&psc=1","Images":{"Primary":{"Small":{"Height":75,"URL":"https://m.media-amazon.com/images/I/51d665e+xkL._SL75_.jpg","Width":49}}},"ItemInfo":{"ByLineInfo":{"Contributors":[{"Locale":"es_ES","Name":"Grandes, Almudena","Role":"Autor","RoleType":"author"}],"Manufacturer":{"DisplayValue":"Tusquets Editores S.A.","Label":"Manufacturer","Locale":"es_ES"}},"Title":{"DisplayValue":"Pack Episodios de una guerra interminable: Inés y la alegría, El lector de Julio Verne, Las tres bodas de Manolita, Los pacientes del doctor García, La madre de Frankenstein","Label":"Title","Locale":"es_ES"}},"Offers":{"Summaries":[{"Condition":{"Value":"New"},"LowestPrice":{"Amount":33.24,"Currency":"EUR","DisplayAmount":"33,24 €"}}]}},{"ASIN":"841107109X","DetailPageURL":"https://www.amazon.es/dp/841107109X?tag=topinalambricos-21&linkCode=osi&th=1&psc=1","Images":{"Primary":{"Small":{"Height":68,"URL":"https://m.media-amazon.com/images/I/41oxGZctc0L._SL75_.jpg","Width":75}}},"ItemInfo":{"ByLineInfo":{"Brand":{"DisplayValue":"Tusquets Editores S.A.","Label":"Brand","Locale":"es_ES"},"Contributors":[{"Locale":"es_ES","Name":"Grandes, Almudena","Role":"Autor","RoleType":"author"}],"Manufacturer":{"DisplayValue":"Tusquets Editores S.A.","Label":"Manufacturer","Locale":"es_ES"}},"Title":{"DisplayValue":"Estuche Episodios de una Guerra Interminable: Inés y la alegría, El lector de Julio Verne, Las tres bodas de Manolita, Los pacientes del doctor García, La madre de Frankenstein (Andanzas)","Label":"Title","Locale":"es_ES"}},"Offers":{"Summaries":[{"Condition":{"Value":"New"},"LowestPrice":{"Amount":107.01,"Currency":"EUR","DisplayAmount":"107,01 €"}}]}},{"ASIN":"9056726099","DetailPageURL":"https://www.amazon.es/dp/9056726099?tag=topinalambricos-21&linkCode=osi&th=1&psc=1","Images":{"Primary":{"Small":{"Height":75,"URL":"https://m.media-amazon.com/images/I/51bISkcjLRL._SL75_.jpg","Width":48}}},"ItemInfo":{"ByLineInfo":{"Brand":{"DisplayValue":"Signatuur","Label":"Brand","Locale":"es_ES"},"Contributors":[{"Locale":"es_ES","Name":"Grandes, Almudena","Role":"Autor","RoleType":"author"},{"Locale":"es_ES","Name":"Buursma, Mia","Role":"Traductor","RoleType":"translator"},{"Locale":"es_ES","Name":"Degenaar, Rikkie","Role":"Traductor","RoleType":"translator"}],"Manufacturer":{"DisplayValue":"Signatuur","Label":"Manufacturer","Locale":"es_ES"}},"Title":{"DisplayValue":"De patiënten van dokter García","Label":"Title","Locale":"es_ES"}},"Offers":{"Summaries":[{"Condition":{"Value":"New"},"LowestPrice":{"Amount":29.57,"Currency":"EUR","DisplayAmount":"29,57 €"}}]}},{"ASIN":"8408258613","DetailPageURL":"https://www.amazon.es/dp/8408258613?tag=topinalambricos-21&linkCode=osi&th=1&psc=1","Images":{"Primary":{"Small":{"Height":75,"URL":"https://m.media-amazon.com/images/I/41KF-Uf51fL._SL75_.jpg","Width":48}}},"ItemInfo":{"ByLineInfo":{"Brand":{"DisplayValue":"Booket","Label":"Brand","Locale":"es_ES"},"Contributors":[{"Locale":"es_ES","Name":"García Sáenz de Urturi, Eva","Role":"Autor","RoleType":"author"}],"Manufacturer":{"DisplayValue":"Booket","Label":"Manufacturer","Locale":"es_ES"}},"Title":{"DisplayValue":"Aquitania: Premio Planeta 2020 (Novela)","Label":"Title","Locale":"es_ES"}},"Offers":{"Summaries":[{"Condition":{"Value":"Used"},"LowestPrice":{"Amount":8.96,"Currency":"EUR","DisplayAmount":"8,96 €"}},{"Condition":{"Value":"New"},"LowestPrice":{"Amount":9.3,"Currency":"EUR","DisplayAmount":"9,30 €"}}]}},{"ASIN":"8418945702","DetailPageURL":"https://www.amazon.es/dp/8418945702?tag=topinalambricos-21&linkCode=osi&th=1&psc=1","Images":{"Primary":{"Small":{"Height":75,"URL":"https://m.media-amazon.com/images/I/51SeyYCt3sL._SL75_.jpg","Width":50}}},"ItemInfo":{"ByLineInfo":{"Contributors":[{"Locale":"es_ES","Name":"Hazelwood, Ali","Role":"Autor","RoleType":"author"},{"Locale":"es_ES","Name":"Gilabert Giménez, Nerea","Role":"Traductor","RoleType":"translator"}],"Manufacturer":{"DisplayValue":"Contraluz Editorial","Label":"Manufacturer","Locale":"es_ES"}},"Title":{"DisplayValue":"La teoría del amor (Contraluz) Español","Label":"Title","Locale":"es_ES"}},"Offers":{"Summaries":[{"Condition":{"Value":"New"},"LowestPrice":{"Amount":18.0,"Currency":"EUR","DisplayAmount":"18,00 €"}}]}}],"SearchURL":"https://www.amazon.es/s?k=los+pacientes+del+doctor+garc%C3%ADa&rh=n%3A599364031%2Cp_n_availability%3A-1&tag=topinalambricos-21&linkCode=osi","TotalResultCount":41}},"83":{"SearchResult":{"Items":[{"ASIN":"8490667799","DetailPageURL":"https://www.amazon.es/dp/8490667799?tag=topinalambricos-21&linkCode=osi&th=1&psc=1","Images":{"Primary":{"Small":{"Height":75,"URL":"https://m.media-amazon.com/images/I/41f3xK0VZCL._SL75_.jpg","Width":49}}},"ItemInfo":{"ByLineInfo":{"Brand":{"DisplayValue":"Maxi-Tusquets","Label":"Brand","Locale":"es_ES"},"Contributors":[{"Locale":"es_ES","Name":"Grandes, Almudena","Role":"Autor","RoleType":"author"}],"Manufacturer":{"DisplayValue":"Planeta","Label":"Manufacturer","Locale":"es_ES"}},"Title":{"DisplayValue":"Los pacientes del doctor García (MAXI)","Label":"Title","Locale":"es_ES"}},"Offers":{"Summaries":[{"Condition":{"Value":"New"},"LowestPrice":{"Amount":12.3,"Currency":"EUR","DisplayAmount":"12,30 €"}},{"Condition":{"Value":"Used"},"LowestPrice":{"Amount":7.95,"Currency":"EUR","DisplayAmount":"7,95 €"}}]}},{"ASIN":"8411124819","DetailPageURL":"https://www.amazon.es/dp/8411124819?tag=topinalambricos-21&linkCode=osi&th=1&psc=1","Images":{"Primary":{"Small":{"Height":75,"URL":"https://m.media-amazon.com/images/I/51IMbTEgKtL._SL75_.jpg","Width":53}}},"ItemInfo":{"ByLineInfo":{"Brand":{"DisplayValue":"Planeta Cómic","Label":"Brand","Locale":"es_ES"},"Contributors":[{"Locale":"es_ES","Name":"Grandes, Almudena","Role":"Autor","RoleType":"author"},{"Locale":"es_ES","Name":"Stassi, Claudio","Role":"Autor","RoleType":"author"}],"Manufacturer":{"DisplayValue":"Planeta Cómic","Label":"Manufacturer","Locale":"es_ES"}},"Title":{"DisplayValue":"Los pacientes del doctor García (novela gráfica): Basado en la novela de Almudena Grandes","Label":"Title","Locale":"es_ES"}},"Offers":{"Summaries":[{"Condition":{"Value":"Used"},"LowestPrice":{"Amount":19.81,"Currency":"EUR","DisplayAmount":"19,81 €"}},{"Condition":{"Value":"New"},"LowestPrice":{"Amount":23.75,"Currency":"EUR","DisplayAmount":"23,75 €"}}]}},{"ASIN":"8490664498","DetailPageURL":"https://www.amazon.es/dp/8490664498?tag=topinalambricos-21&linkCode=osi&th=1&psc=1","Images":{"Primary":{"Small":{"Height":75,"URL":"https://m.media-amazon.com/images/I/514aL8HMIWL._SL75_.jpg","Width":50}}},"ItemInfo":{"ByLineInfo":{"Contributors":[{"Locale":"es_ES","Name":"Grandes, Almudena","Role":"Autor","RoleType":"author"}],"Manufacturer":{"DisplayValue":"Tusquets.","Label":"Manufacturer","Locale":"es_ES"}},"Title":{"DisplayValue":"Los pacientes del doctor García: el fin de la esperanza y la red de evasión de criminales de guerra y jerarcas nazis dirigida por Clara Stauffer, Madrid-Buenos Aires, 1945-1955","Label":"Title","Locale":"es_ES"}},"Offers":{"Summaries":[{"Condition":{"Value":"Used"},"LowestPrice":{"Amount":14.45,"Currency":"EUR","DisplayAmount":"14,45 €"}}]}},{"ASIN":"8490664463","DetailPageURL":"https://www.amazon.es/dp/8490664463?tag=topinalambricos-21&linkCode=osi&th=1&psc=1","Images":{"Primary":{"Small":{"Height":75,"URL":"https://m.media-amazon.com/images/I/51l3IX6ssyL._SL75_.jpg","Width":49}}},"ItemInfo":{"ByLineInfo":{"Brand":{"DisplayValue":"Tusquets Editores S.A.","Label":"Brand","Locale":"es_ES"},"Contributors":[{"Locale":"es_ES","Name":"Grandes, Almudena","Role":"Autor","RoleType":"author"}],"Manufacturer":{"DisplayValue":"Tusquets Editores S.A.","Label":"Manufacturer","Locale":"es_ES"}},"Title":{"DisplayValue":"Los pacientes del doctor García: Episodios de una Guerra Interminable: 4 (Andanzas)","Label":"Title","Locale":"es_ES"}},"Offers":{"Summaries":[{"Condition":{"Value":"New"},"LowestPrice":{"Amount":26.0,"Currency":"EUR","DisplayAmount":"26,00 €"}},{"Condition":{"Value":"Used"},"LowestPrice":{"Amount":21.62,"Currency":"EUR","DisplayAmount":"21,62 €"}}]}},{"ASIN":"2709662531","DetailPageURL":"https://www.amazon.es/dp/2709662531?tag=topinalambricos-21&linkCode=osi&th=1&psc=1","Images":{"Primary":{"Small":{"Height":75,"URL":"https://m.media-amazon.com/images/I/41ZVAQfPOcL._SL75_.jpg","Width":48}}},"ItemInfo":{"ByLineInfo":{"Brand":{"DisplayValue":"LATTES","Label":"Brand","Locale":"es_ES"},"Contributors":[{"Locale":"es_ES","Name":"Grandes, Almudena","Role":"Autor","RoleType":"author"}],"Manufacturer":{"DisplayValue":"JC Lattès","Label":"Manufacturer","Locale":"es_ES"}},"Title":{"DisplayValue":"Les patients du docteur Garcia (Littérature étrangère)","Label":"Title","Locale":"es_ES"}},"Offers":{"Summaries":[{"Condition":{"Value":"Used"},"LowestPrice":{"Amount":9.11,"Currency":"EUR","DisplayAmount":"9,11 €"}},{"Condition":{"Value":"New"},"LowestPrice":{"Amount":24.5,"Currency":"EUR","DisplayAmount":"24,50 €"}}]}},{"ASIN":"B09ZJ313QS","DetailPageURL":"https://www.amazon.es/dp/B09ZJ313QS?tag=topinalambricos-21&linkCode=osi&th=1&psc=1","Images":{"Primary":{"Small":{"Height":75,"URL":"https://m.media-amazon.com/images/I/51d665e+xkL._SL75_.jpg","Width":49}}},"ItemInfo":{"ByLineInfo":{"Contributors":[{"Locale":"es_ES","Name":"Grandes, Almudena","Role":"Autor","RoleType":"author"}],"Manufacturer":{"DisplayValue":"Tusquets Editores S.A.","Label":"Manufacturer","Locale":"es_ES"}},"Title":{"DisplayValue":"Pack Episodios de una guerra interminable: Inés y la alegría, El lector de Julio Verne, Las tres bodas de Manolita, Los pacientes del doctor García, La madre de Frankenstein","Label":"Title","Locale":"es_ES"}},"Offers":{"Summaries":[{"Condition":{"Value":"New"},"LowestPrice":{"Amount":33.24,"Currency":"EUR","DisplayAmount":"33,24 €"}}]}},{"ASIN":"841107109X","DetailPageURL":"https://www.amazon.es/dp/841107109X?tag=topinalambricos-21&linkCode=osi&th=1&psc=1","Images":{"Primary":{"Small":{"Height":68,"URL":"https://m.media-amazon.com/images/I/41oxGZctc0L._SL75_.jpg","Width":75}}},"ItemInfo":{"ByLineInfo":{"Brand":{"DisplayValue":"Tusquets Editores S.A.","Label":"Brand","Locale":"es_ES"},"Contributors":[{"Locale":"es_ES","Name":"Grandes, Almudena","Role":"Autor","RoleType":"author"}],"Manufacturer":{"DisplayValue":"Tusquets Editores S.A.","Label":"Manufacturer","Locale":"es_ES"}},"Title":{"DisplayValue":"Estuche Episodios de una Guerra Interminable: Inés y la alegría, El lector de Julio Verne, Las tres bodas de Manolita, Los pacientes del doctor García, La madre de Frankenstein (Andanzas)","Label":"Title","Locale":"es_ES"}},"Offers":{"Summaries":[{"Condition":{"Value":"New"},"LowestPrice":{"Amount":107.01,"Currency":"EUR","DisplayAmount":"107,01 €"}}]}},{"ASIN":"9056726099","DetailPageURL":"https://www.amazon.es/dp/9056726099?tag=topinalambricos-21&linkCode=osi&th=1&psc=1","Images":{"Primary":{"Small":{"Height":75,"URL":"https://m.media-amazon.com/images/I/51bISkcjLRL._SL75_.jpg","Width":48}}},"ItemInfo":{"ByLineInfo":{"Brand":{"DisplayValue":"Signatuur","Label":"Brand","Locale":"es_ES"},"Contributors":[{"Locale":"es_ES","Name":"Grandes, Almudena","Role":"Autor","RoleType":"author"},{"Locale":"es_ES","Name":"Buursma, Mia","Role":"Traductor","RoleType":"translator"},{"Locale":"es_ES","Name":"Degenaar, Rikkie","Role":"Traductor","RoleType":"translator"}],"Manufacturer":{"DisplayValue":"Signatuur","Label":"Manufacturer","Locale":"es_ES"}},"Title":{"DisplayValue":"De patiënten van dokter García","Label":"Title","Locale":"es_ES"}},"Offers":{"Summaries":[{"Condition":{"Value":"New"},"LowestPrice":{"Amount":29.57,"Currency":"EUR","DisplayAmount":"29,57 €"}}]}},{"ASIN":"8408258613","DetailPageURL":"https://www.amazon.es/dp/8408258613?tag=topinalambricos-21&linkCode=osi&th=1&psc=1","Images":{"Primary":{"Small":{"Height":75,"URL":"https://m.media-amazon.com/images/I/41KF-Uf51fL._SL75_.jpg","Width":48}}},"ItemInfo":{"ByLineInfo":{"Brand":{"DisplayValue":"Booket","Label":"Brand","Locale":"es_ES"},"Contributors":[{"Locale":"es_ES","Name":"García Sáenz de Urturi, Eva","Role":"Autor","RoleType":"author"}],"Manufacturer":{"DisplayValue":"Booket","Label":"Manufacturer","Locale":"es_ES"}},"Title":{"DisplayValue":"Aquitania: Premio Planeta 2020 (Novela)","Label":"Title","Locale":"es_ES"}},"Offers":{"Summaries":[{"Condition":{"Value":"Used"},"LowestPrice":{"Amount":8.96,"Currency":"EUR","DisplayAmount":"8,96 €"}},{"Condition":{"Value":"New"},"LowestPrice":{"Amount":9.3,"Currency":"EUR","DisplayAmount":"9,30 €"}}]}},{"ASIN":"8418945702","DetailPageURL":"https://www.amazon.es/dp/8418945702?tag=topinalambricos-21&linkCode=osi&th=1&psc=1","Images":{"Primary":{"Small":{"Height":75,"URL":"https://m.media-amazon.com/images/I/51SeyYCt3sL._SL75_.jpg","Width":50}}},"ItemInfo":{"ByLineInfo":{"Contributors":[{"Locale":"es_ES","Name":"Hazelwood, Ali","Role":"Autor","RoleType":"author"},{"Locale":"es_ES","Name":"Gilabert Giménez, Nerea","Role":"Traductor","RoleType":"translator"}],"Manufacturer":{"DisplayValue":"Contraluz Editorial","Label":"Manufacturer","Locale":"es_ES"}},"Title":{"DisplayValue":"La teoría del amor (Contraluz) Español","Label":"Title","Locale":"es_ES"}},"Offers":{"Summaries":[{"Condition":{"Value":"New"},"LowestPrice":{"Amount":18.0,"Currency":"EUR","DisplayAmount":"18,00 €"}}]}}],"SearchURL":"https://www.amazon.es/s?k=los+pacientes+del+doctor+garc%C3%ADa&rh=n%3A599364031%2Cp_n_availability%3A-1&tag=topinalambricos-21&linkCode=osi","TotalResultCount":41}},"84":{"SearchResult":{"Items":[{"ASIN":"8490667799","DetailPageURL":"https://www.amazon.es/dp/8490667799?tag=topinalambricos-21&linkCode=osi&th=1&psc=1","Images":{"Primary":{"Small":{"Height":75,"URL":"https://m.media-amazon.com/images/I/41f3xK0VZCL._SL75_.jpg","Width":49}}},"ItemInfo":{"ByLineInfo":{"Brand":{"DisplayValue":"Maxi-Tusquets","Label":"Brand","Locale":"es_ES"},"Contributors":[{"Locale":"es_ES","Name":"Grandes, Almudena","Role":"Autor","RoleType":"author"}],"Manufacturer":{"DisplayValue":"Planeta","Label":"Manufacturer","Locale":"es_ES"}},"Title":{"DisplayValue":"Los pacientes del doctor García (MAXI)","Label":"Title","Locale":"es_ES"}},"Offers":{"Summaries":[{"Condition":{"Value":"New"},"LowestPrice":{"Amount":12.3,"Currency":"EUR","DisplayAmount":"12,30 €"}},{"Condition":{"Value":"Used"},"LowestPrice":{"Amount":7.95,"Currency":"EUR","DisplayAmount":"7,95 €"}}]}},{"ASIN":"8411124819","DetailPageURL":"https://www.amazon.es/dp/8411124819?tag=topinalambricos-21&linkCode=osi&th=1&psc=1","Images":{"Primary":{"Small":{"Height":75,"URL":"https://m.media-amazon.com/images/I/51IMbTEgKtL._SL75_.jpg","Width":53}}},"ItemInfo":{"ByLineInfo":{"Brand":{"DisplayValue":"Planeta Cómic","Label":"Brand","Locale":"es_ES"},"Contributors":[{"Locale":"es_ES","Name":"Grandes, Almudena","Role":"Autor","RoleType":"author"},{"Locale":"es_ES","Name":"Stassi, Claudio","Role":"Autor","RoleType":"author"}],"Manufacturer":{"DisplayValue":"Planeta Cómic","Label":"Manufacturer","Locale":"es_ES"}},"Title":{"DisplayValue":"Los pacientes del doctor García (novela gráfica): Basado en la novela de Almudena Grandes","Label":"Title","Locale":"es_ES"}},"Offers":{"Summaries":[{"Condition":{"Value":"Used"},"LowestPrice":{"Amount":19.81,"Currency":"EUR","DisplayAmount":"19,81 €"}},{"Condition":{"Value":"New"},"LowestPrice":{"Amount":23.75,"Currency":"EUR","DisplayAmount":"23,75 €"}}]}},{"ASIN":"8490664498","DetailPageURL":"https://www.amazon.es/dp/8490664498?tag=topinalambricos-21&linkCode=osi&th=1&psc=1","Images":{"Primary":{"Small":{"Height":75,"URL":"https://m.media-amazon.com/images/I/514aL8HMIWL._SL75_.jpg","Width":50}}},"ItemInfo":{"ByLineInfo":{"Contributors":[{"Locale":"es_ES","Name":"Grandes, Almudena","Role":"Autor","RoleType":"author"}],"Manufacturer":{"DisplayValue":"Tusquets.","Label":"Manufacturer","Locale":"es_ES"}},"Title":{"DisplayValue":"Los pacientes del doctor García: el fin de la esperanza y la red de evasión de criminales de guerra y jerarcas nazis dirigida por Clara Stauffer, Madrid-Buenos Aires, 1945-1955","Label":"Title","Locale":"es_ES"}},"Offers":{"Summaries":[{"Condition":{"Value":"Used"},"LowestPrice":{"Amount":14.45,"Currency":"EUR","DisplayAmount":"14,45 €"}}]}},{"ASIN":"8490664463","DetailPageURL":"https://www.amazon.es/dp/8490664463?tag=topinalambricos-21&linkCode=osi&th=1&psc=1","Images":{"Primary":{"Small":{"Height":75,"URL":"https://m.media-amazon.com/images/I/51l3IX6ssyL._SL75_.jpg","Width":49}}},"ItemInfo":{"ByLineInfo":{"Brand":{"DisplayValue":"Tusquets Editores S.A.","Label":"Brand","Locale":"es_ES"},"Contributors":[{"Locale":"es_ES","Name":"Grandes, Almudena","Role":"Autor","RoleType":"author"}],"Manufacturer":{"DisplayValue":"Tusquets Editores S.A.","Label":"Manufacturer","Locale":"es_ES"}},"Title":{"DisplayValue":"Los pacientes del doctor García: Episodios de una Guerra Interminable: 4 (Andanzas)","Label":"Title","Locale":"es_ES"}},"Offers":{"Summaries":[{"Condition":{"Value":"New"},"LowestPrice":{"Amount":26.0,"Currency":"EUR","DisplayAmount":"26,00 €"}},{"Condition":{"Value":"Used"},"LowestPrice":{"Amount":21.62,"Currency":"EUR","DisplayAmount":"21,62 €"}}]}},{"ASIN":"2709662531","DetailPageURL":"https://www.amazon.es/dp/2709662531?tag=topinalambricos-21&linkCode=osi&th=1&psc=1","Images":{"Primary":{"Small":{"Height":75,"URL":"https://m.media-amazon.com/images/I/41ZVAQfPOcL._SL75_.jpg","Width":48}}},"ItemInfo":{"ByLineInfo":{"Brand":{"DisplayValue":"LATTES","Label":"Brand","Locale":"es_ES"},"Contributors":[{"Locale":"es_ES","Name":"Grandes, Almudena","Role":"Autor","RoleType":"author"}],"Manufacturer":{"DisplayValue":"JC Lattès","Label":"Manufacturer","Locale":"es_ES"}},"Title":{"DisplayValue":"Les patients du docteur Garcia (Littérature étrangère)","Label":"Title","Locale":"es_ES"}},"Offers":{"Summaries":[{"Condition":{"Value":"Used"},"LowestPrice":{"Amount":9.11,"Currency":"EUR","DisplayAmount":"9,11 €"}},{"Condition":{"Value":"New"},"LowestPrice":{"Amount":24.5,"Currency":"EUR","DisplayAmount":"24,50 €"}}]}},{"ASIN":"B09ZJ313QS","DetailPageURL":"https://www.amazon.es/dp/B09ZJ313QS?tag=topinalambricos-21&linkCode=osi&th=1&psc=1","Images":{"Primary":{"Small":{"Height":75,"URL":"https://m.media-amazon.com/images/I/51d665e+xkL._SL75_.jpg","Width":49}}},"ItemInfo":{"ByLineInfo":{"Contributors":[{"Locale":"es_ES","Name":"Grandes, Almudena","Role":"Autor","RoleType":"author"}],"Manufacturer":{"DisplayValue":"Tusquets Editores S.A.","Label":"Manufacturer","Locale":"es_ES"}},"Title":{"DisplayValue":"Pack Episodios de una guerra interminable: Inés y la alegría, El lector de Julio Verne, Las tres bodas de Manolita, Los pacientes del doctor García, La madre de Frankenstein","Label":"Title","Locale":"es_ES"}},"Offers":{"Summaries":[{"Condition":{"Value":"New"},"LowestPrice":{"Amount":33.24,"Currency":"EUR","DisplayAmount":"33,24 €"}}]}},{"ASIN":"841107109X","DetailPageURL":"https://www.amazon.es/dp/841107109X?tag=topinalambricos-21&linkCode=osi&th=1&psc=1","Images":{"Primary":{"Small":{"Height":68,"URL":"https://m.media-amazon.com/images/I/41oxGZctc0L._SL75_.jpg","Width":75}}},"ItemInfo":{"ByLineInfo":{"Brand":{"DisplayValue":"Tusquets Editores S.A.","Label":"Brand","Locale":"es_ES"},"Contributors":[{"Locale":"es_ES","Name":"Grandes, Almudena","Role":"Autor","RoleType":"author"}],"Manufacturer":{"DisplayValue":"Tusquets Editores S.A.","Label":"Manufacturer","Locale":"es_ES"}},"Title":{"DisplayValue":"Estuche Episodios de una Guerra Interminable: Inés y la alegría, El lector de Julio Verne, Las tres bodas de Manolita, Los pacientes del doctor García, La madre de Frankenstein (Andanzas)","Label":"Title","Locale":"es_ES"}},"Offers":{"Summaries":[{"Condition":{"Value":"New"},"LowestPrice":{"Amount":107.01,"Currency":"EUR","DisplayAmount":"107,01 €"}}]}},{"ASIN":"9056726099","DetailPageURL":"https://www.amazon.es/dp/9056726099?tag=topinalambricos-21&linkCode=osi&th=1&psc=1","Images":{"Primary":{"Small":{"Height":75,"URL":"https://m.media-amazon.com/images/I/51bISkcjLRL._SL75_.jpg","Width":48}}},"ItemInfo":{"ByLineInfo":{"Brand":{"DisplayValue":"Signatuur","Label":"Brand","Locale":"es_ES"},"Contributors":[{"Locale":"es_ES","Name":"Grandes, Almudena","Role":"Autor","RoleType":"author"},{"Locale":"es_ES","Name":"Buursma, Mia","Role":"Traductor","RoleType":"translator"},{"Locale":"es_ES","Name":"Degenaar, Rikkie","Role":"Traductor","RoleType":"translator"}],"Manufacturer":{"DisplayValue":"Signatuur","Label":"Manufacturer","Locale":"es_ES"}},"Title":{"DisplayValue":"De patiënten van dokter García","Label":"Title","Locale":"es_ES"}},"Offers":{"Summaries":[{"Condition":{"Value":"New"},"LowestPrice":{"Amount":29.57,"Currency":"EUR","DisplayAmount":"29,57 €"}}]}},{"ASIN":"8408258613","DetailPageURL":"https://www.amazon.es/dp/8408258613?tag=topinalambricos-21&linkCode=osi&th=1&psc=1","Images":{"Primary":{"Small":{"Height":75,"URL":"https://m.media-amazon.com/images/I/41KF-Uf51fL._SL75_.jpg","Width":48}}},"ItemInfo":{"ByLineInfo":{"Brand":{"DisplayValue":"Booket","Label":"Brand","Locale":"es_ES"},"Contributors":[{"Locale":"es_ES","Name":"García Sáenz de Urturi, Eva","Role":"Autor","RoleType":"author"}],"Manufacturer":{"DisplayValue":"Booket","Label":"Manufacturer","Locale":"es_ES"}},"Title":{"DisplayValue":"Aquitania: Premio Planeta 2020 (Novela)","Label":"Title","Locale":"es_ES"}},"Offers":{"Summaries":[{"Condition":{"Value":"Used"},"LowestPrice":{"Amount":8.96,"Currency":"EUR","DisplayAmount":"8,96 €"}},{"Condition":{"Value":"New"},"LowestPrice":{"Amount":9.3,"Currency":"EUR","DisplayAmount":"9,30 €"}}]}},{"ASIN":"8418945702","DetailPageURL":"https://www.amazon.es/dp/8418945702?tag=topinalambricos-21&linkCode=osi&th=1&psc=1","Images":{"Primary":{"Small":{"Height":75,"URL":"https://m.media-amazon.com/images/I/51SeyYCt3sL._SL75_.jpg","Width":50}}},"ItemInfo":{"ByLineInfo":{"Contributors":[{"Locale":"es_ES","Name":"Hazelwood, Ali","Role":"Autor","RoleType":"author"},{"Locale":"es_ES","Name":"Gilabert Giménez, Nerea","Role":"Traductor","RoleType":"translator"}],"Manufacturer":{"DisplayValue":"Contraluz Editorial","Label":"Manufacturer","Locale":"es_ES"}},"Title":{"DisplayValue":"La teoría del amor (Contraluz) Español","Label":"Title","Locale":"es_ES"}},"Offers":{"Summaries":[{"Condition":{"Value":"New"},"LowestPrice":{"Amount":18.0,"Currency":"EUR","DisplayAmount":"18,00 €"}}]}}],"SearchURL":"https://www.amazon.es/s?k=los+pacientes+del+doctor+garc%C3%ADa&rh=n%3A599364031%2Cp_n_availability%3A-1&tag=topinalambricos-21&linkCode=osi","TotalResultCount":41}},"85":{"SearchResult":{"Items":[{"ASIN":"8490667799","DetailPageURL":"https://www.amazon.es/dp/8490667799?tag=topinalambricos-21&linkCode=osi&th=1&psc=1","Images":{"Primary":{"Small":{"Height":75,"URL":"https://m.media-amazon.com/images/I/41f3xK0VZCL._SL75_.jpg","Width":49}}},"ItemInfo":{"ByLineInfo":{"Brand":{"DisplayValue":"Maxi-Tusquets","Label":"Brand","Locale":"es_ES"},"Contributors":[{"Locale":"es_ES","Name":"Grandes, Almudena","Role":"Autor","RoleType":"author"}],"Manufacturer":{"DisplayValue":"Planeta","Label":"Manufacturer","Locale":"es_ES"}},"Title":{"DisplayValue":"Los pacientes del doctor García (MAXI)","Label":"Title","Locale":"es_ES"}},"Offers":{"Summaries":[{"Condition":{"Value":"New"},"LowestPrice":{"Amount":12.3,"Currency":"EUR","DisplayAmount":"12,30 €"}},{"Condition":{"Value":"Used"},"LowestPrice":{"Amount":7.95,"Currency":"EUR","DisplayAmount":"7,95 €"}}]}},{"ASIN":"8411124819","DetailPageURL":"https://www.amazon.es/dp/8411124819?tag=topinalambricos-21&linkCode=osi&th=1&psc=1","Images":{"Primary":{"Small":{"Height":75,"URL":"https://m.media-amazon.com/images/I/51IMbTEgKtL._SL75_.jpg","Width":53}}},"ItemInfo":{"ByLineInfo":{"Brand":{"DisplayValue":"Planeta Cómic","Label":"Brand","Locale":"es_ES"},"Contributors":[{"Locale":"es_ES","Name":"Grandes, Almudena","Role":"Autor","RoleType":"author"},{"Locale":"es_ES","Name":"Stassi, Claudio","Role":"Autor","RoleType":"author"}],"Manufacturer":{"DisplayValue":"Planeta Cómic","Label":"Manufacturer","Locale":"es_ES"}},"Title":{"DisplayValue":"Los pacientes del doctor García (novela gráfica): Basado en la novela de Almudena Grandes","Label":"Title","Locale":"es_ES"}},"Offers":{"Summaries":[{"Condition":{"Value":"Used"},"LowestPrice":{"Amount":19.81,"Currency":"EUR","DisplayAmount":"19,81 €"}},{"Condition":{"Value":"New"},"LowestPrice":{"Amount":23.75,"Currency":"EUR","DisplayAmount":"23,75 €"}}]}},{"ASIN":"8490664498","DetailPageURL":"https://www.amazon.es/dp/8490664498?tag=topinalambricos-21&linkCode=osi&th=1&psc=1","Images":{"Primary":{"Small":{"Height":75,"URL":"https://m.media-amazon.com/images/I/514aL8HMIWL._SL75_.jpg","Width":50}}},"ItemInfo":{"ByLineInfo":{"Contributors":[{"Locale":"es_ES","Name":"Grandes, Almudena","Role":"Autor","RoleType":"author"}],"Manufacturer":{"DisplayValue":"Tusquets.","Label":"Manufacturer","Locale":"es_ES"}},"Title":{"DisplayValue":"Los pacientes del doctor García: el fin de la esperanza y la red de evasión de criminales de guerra y jerarcas nazis dirigida por Clara Stauffer, Madrid-Buenos Aires, 1945-1955","Label":"Title","Locale":"es_ES"}},"Offers":{"Summaries":[{"Condition":{"Value":"Used"},"LowestPrice":{"Amount":14.45,"Currency":"EUR","DisplayAmount":"14,45 €"}}]}},{"ASIN":"8490664463","DetailPageURL":"https://www.amazon.es/dp/8490664463?tag=topinalambricos-21&linkCode=osi&th=1&psc=1","Images":{"Primary":{"Small":{"Height":75,"URL":"https://m.media-amazon.com/images/I/51l3IX6ssyL._SL75_.jpg","Width":49}}},"ItemInfo":{"ByLineInfo":{"Brand":{"DisplayValue":"Tusquets Editores S.A.","Label":"Brand","Locale":"es_ES"},"Contributors":[{"Locale":"es_ES","Name":"Grandes, Almudena","Role":"Autor","RoleType":"author"}],"Manufacturer":{"DisplayValue":"Tusquets Editores S.A.","Label":"Manufacturer","Locale":"es_ES"}},"Title":{"DisplayValue":"Los pacientes del doctor García: Episodios de una Guerra Interminable: 4 (Andanzas)","Label":"Title","Locale":"es_ES"}},"Offers":{"Summaries":[{"Condition":{"Value":"New"},"LowestPrice":{"Amount":26.0,"Currency":"EUR","DisplayAmount":"26,00 €"}},{"Condition":{"Value":"Used"},"LowestPrice":{"Amount":21.62,"Currency":"EUR","DisplayAmount":"21,62 €"}}]}},{"ASIN":"2709662531","DetailPageURL":"https://www.amazon.es/dp/2709662531?tag=topinalambricos-21&linkCode=osi&th=1&psc=1","Images":{"Primary":{"Small":{"Height":75,"URL":"https://m.media-amazon.com/images/I/41ZVAQfPOcL._SL75_.jpg","Width":48}}},"ItemInfo":{"ByLineInfo":{"Brand":{"DisplayValue":"LATTES","Label":"Brand","Locale":"es_ES"},"Contributors":[{"Locale":"es_ES","Name":"Grandes, Almudena","Role":"Autor","RoleType":"author"}],"Manufacturer":{"DisplayValue":"JC Lattès","Label":"Manufacturer","Locale":"es_ES"}},"Title":{"DisplayValue":"Les patients du docteur Garcia (Littérature étrangère)","Label":"Title","Locale":"es_ES"}},"Offers":{"Summaries":[{"Condition":{"Value":"Used"},"LowestPrice":{"Amount":9.11,"Currency":"EUR","DisplayAmount":"9,11 €"}},{"Condition":{"Value":"New"},"LowestPrice":{"Amount":24.5,"Currency":"EUR","DisplayAmount":"24,50 €"}}]}},{"ASIN":"B09ZJ313QS","DetailPageURL":"https://www.amazon.es/dp/B09ZJ313QS?tag=topinalambricos-21&linkCode=osi&th=1&psc=1","Images":{"Primary":{"Small":{"Height":75,"URL":"https://m.media-amazon.com/images/I/51d665e+xkL._SL75_.jpg","Width":49}}},"ItemInfo":{"ByLineInfo":{"Contributors":[{"Locale":"es_ES","Name":"Grandes, Almudena","Role":"Autor","RoleType":"author"}],"Manufacturer":{"DisplayValue":"Tusquets Editores S.A.","Label":"Manufacturer","Locale":"es_ES"}},"Title":{"DisplayValue":"Pack Episodios de una guerra interminable: Inés y la alegría, El lector de Julio Verne, Las tres bodas de Manolita, Los pacientes del doctor García, La madre de Frankenstein","Label":"Title","Locale":"es_ES"}},"Offers":{"Summaries":[{"Condition":{"Value":"New"},"LowestPrice":{"Amount":33.24,"Currency":"EUR","DisplayAmount":"33,24 €"}}]}},{"ASIN":"841107109X","DetailPageURL":"https://www.amazon.es/dp/841107109X?tag=topinalambricos-21&linkCode=osi&th=1&psc=1","Images":{"Primary":{"Small":{"Height":68,"URL":"https://m.media-amazon.com/images/I/41oxGZctc0L._SL75_.jpg","Width":75}}},"ItemInfo":{"ByLineInfo":{"Brand":{"DisplayValue":"Tusquets Editores S.A.","Label":"Brand","Locale":"es_ES"},"Contributors":[{"Locale":"es_ES","Name":"Grandes, Almudena","Role":"Autor","RoleType":"author"}],"Manufacturer":{"DisplayValue":"Tusquets Editores S.A.","Label":"Manufacturer","Locale":"es_ES"}},"Title":{"DisplayValue":"Estuche Episodios de una Guerra Interminable: Inés y la alegría, El lector de Julio Verne, Las tres bodas de Manolita, Los pacientes del doctor García, La madre de Frankenstein (Andanzas)","Label":"Title","Locale":"es_ES"}},"Offers":{"Summaries":[{"Condition":{"Value":"New"},"LowestPrice":{"Amount":107.01,"Currency":"EUR","DisplayAmount":"107,01 €"}}]}},{"ASIN":"9056726099","DetailPageURL":"https://www.amazon.es/dp/9056726099?tag=topinalambricos-21&linkCode=osi&th=1&psc=1","Images":{"Primary":{"Small":{"Height":75,"URL":"https://m.media-amazon.com/images/I/51bISkcjLRL._SL75_.jpg","Width":48}}},"ItemInfo":{"ByLineInfo":{"Brand":{"DisplayValue":"Signatuur","Label":"Brand","Locale":"es_ES"},"Contributors":[{"Locale":"es_ES","Name":"Grandes, Almudena","Role":"Autor","RoleType":"author"},{"Locale":"es_ES","Name":"Buursma, Mia","Role":"Traductor","RoleType":"translator"},{"Locale":"es_ES","Name":"Degenaar, Rikkie","Role":"Traductor","RoleType":"translator"}],"Manufacturer":{"DisplayValue":"Signatuur","Label":"Manufacturer","Locale":"es_ES"}},"Title":{"DisplayValue":"De patiënten van dokter García","Label":"Title","Locale":"es_ES"}},"Offers":{"Summaries":[{"Condition":{"Value":"New"},"LowestPrice":{"Amount":29.57,"Currency":"EUR","DisplayAmount":"29,57 €"}}]}},{"ASIN":"8408258613","DetailPageURL":"https://www.amazon.es/dp/8408258613?tag=topinalambricos-21&linkCode=osi&th=1&psc=1","Images":{"Primary":{"Small":{"Height":75,"URL":"https://m.media-amazon.com/images/I/41KF-Uf51fL._SL75_.jpg","Width":48}}},"ItemInfo":{"ByLineInfo":{"Brand":{"DisplayValue":"Booket","Label":"Brand","Locale":"es_ES"},"Contributors":[{"Locale":"es_ES","Name":"García Sáenz de Urturi, Eva","Role":"Autor","RoleType":"author"}],"Manufacturer":{"DisplayValue":"Booket","Label":"Manufacturer","Locale":"es_ES"}},"Title":{"DisplayValue":"Aquitania: Premio Planeta 2020 (Novela)","Label":"Title","Locale":"es_ES"}},"Offers":{"Summaries":[{"Condition":{"Value":"Used"},"LowestPrice":{"Amount":8.96,"Currency":"EUR","DisplayAmount":"8,96 €"}},{"Condition":{"Value":"New"},"LowestPrice":{"Amount":9.3,"Currency":"EUR","DisplayAmount":"9,30 €"}}]}},{"ASIN":"8418945702","DetailPageURL":"https://www.amazon.es/dp/8418945702?tag=topinalambricos-21&linkCode=osi&th=1&psc=1","Images":{"Primary":{"Small":{"Height":75,"URL":"https://m.media-amazon.com/images/I/51SeyYCt3sL._SL75_.jpg","Width":50}}},"ItemInfo":{"ByLineInfo":{"Contributors":[{"Locale":"es_ES","Name":"Hazelwood, Ali","Role":"Autor","RoleType":"author"},{"Locale":"es_ES","Name":"Gilabert Giménez, Nerea","Role":"Traductor","RoleType":"translator"}],"Manufacturer":{"DisplayValue":"Contraluz Editorial","Label":"Manufacturer","Locale":"es_ES"}},"Title":{"DisplayValue":"La teoría del amor (Contraluz) Español","Label":"Title","Locale":"es_ES"}},"Offers":{"Summaries":[{"Condition":{"Value":"New"},"LowestPrice":{"Amount":18.0,"Currency":"EUR","DisplayAmount":"18,00 €"}}]}}],"SearchURL":"https://www.amazon.es/s?k=los+pacientes+del+doctor+garc%C3%ADa&rh=n%3A599364031%2Cp_n_availability%3A-1&tag=topinalambricos-21&linkCode=osi","TotalResultCount":41}},"86":{"SearchResult":{"Items":[{"ASIN":"8490667799","DetailPageURL":"https://www.amazon.es/dp/8490667799?tag=topinalambricos-21&linkCode=osi&th=1&psc=1","Images":{"Primary":{"Small":{"Height":75,"URL":"https://m.media-amazon.com/images/I/41f3xK0VZCL._SL75_.jpg","Width":49}}},"ItemInfo":{"ByLineInfo":{"Brand":{"DisplayValue":"Maxi-Tusquets","Label":"Brand","Locale":"es_ES"},"Contributors":[{"Locale":"es_ES","Name":"Grandes, Almudena","Role":"Autor","RoleType":"author"}],"Manufacturer":{"DisplayValue":"Planeta","Label":"Manufacturer","Locale":"es_ES"}},"Title":{"DisplayValue":"Los pacientes del doctor García (MAXI)","Label":"Title","Locale":"es_ES"}},"Offers":{"Summaries":[{"Condition":{"Value":"New"},"LowestPrice":{"Amount":12.3,"Currency":"EUR","DisplayAmount":"12,30 €"}},{"Condition":{"Value":"Used"},"LowestPrice":{"Amount":7.95,"Currency":"EUR","DisplayAmount":"7,95 €"}}]}},{"ASIN":"8411124819","DetailPageURL":"https://www.amazon.es/dp/8411124819?tag=topinalambricos-21&linkCode=osi&th=1&psc=1","Images":{"Primary":{"Small":{"Height":75,"URL":"https://m.media-amazon.com/images/I/51IMbTEgKtL._SL75_.jpg","Width":53}}},"ItemInfo":{"ByLineInfo":{"Brand":{"DisplayValue":"Planeta Cómic","Label":"Brand","Locale":"es_ES"},"Contributors":[{"Locale":"es_ES","Name":"Grandes, Almudena","Role":"Autor","RoleType":"author"},{"Locale":"es_ES","Name":"Stassi, Claudio","Role":"Autor","RoleType":"author"}],"Manufacturer":{"DisplayValue":"Planeta Cómic","Label":"Manufacturer","Locale":"es_ES"}},"Title":{"DisplayValue":"Los pacientes del doctor García (novela gráfica): Basado en la novela de Almudena Grandes","Label":"Title","Locale":"es_ES"}},"Offers":{"Summaries":[{"Condition":{"Value":"Used"},"LowestPrice":{"Amount":19.81,"Currency":"EUR","DisplayAmount":"19,81 €"}},{"Condition":{"Value":"New"},"LowestPrice":{"Amount":23.75,"Currency":"EUR","DisplayAmount":"23,75 €"}}]}},{"ASIN":"8490664498","DetailPageURL":"https://www.amazon.es/dp/8490664498?tag=topinalambricos-21&linkCode=osi&th=1&psc=1","Images":{"Primary":{"Small":{"Height":75,"URL":"https://m.media-amazon.com/images/I/514aL8HMIWL._SL75_.jpg","Width":50}}},"ItemInfo":{"ByLineInfo":{"Contributors":[{"Locale":"es_ES","Name":"Grandes, Almudena","Role":"Autor","RoleType":"author"}],"Manufacturer":{"DisplayValue":"Tusquets.","Label":"Manufacturer","Locale":"es_ES"}},"Title":{"DisplayValue":"Los pacientes del doctor García: el fin de la esperanza y la red de evasión de criminales de guerra y jerarcas nazis dirigida por Clara Stauffer, Madrid-Buenos Aires, 1945-1955","Label":"Title","Locale":"es_ES"}},"Offers":{"Summaries":[{"Condition":{"Value":"Used"},"LowestPrice":{"Amount":14.45,"Currency":"EUR","DisplayAmount":"14,45 €"}}]}},{"ASIN":"8490664463","DetailPageURL":"https://www.amazon.es/dp/8490664463?tag=topinalambricos-21&linkCode=osi&th=1&psc=1","Images":{"Primary":{"Small":{"Height":75,"URL":"https://m.media-amazon.com/images/I/51l3IX6ssyL._SL75_.jpg","Width":49}}},"ItemInfo":{"ByLineInfo":{"Brand":{"DisplayValue":"Tusquets Editores S.A.","Label":"Brand","Locale":"es_ES"},"Contributors":[{"Locale":"es_ES","Name":"Grandes, Almudena","Role":"Autor","RoleType":"author"}],"Manufacturer":{"DisplayValue":"Tusquets Editores S.A.","Label":"Manufacturer","Locale":"es_ES"}},"Title":{"DisplayValue":"Los pacientes del doctor García: Episodios de una Guerra Interminable: 4 (Andanzas)","Label":"Title","Locale":"es_ES"}},"Offers":{"Summaries":[{"Condition":{"Value":"New"},"LowestPrice":{"Amount":26.0,"Currency":"EUR","DisplayAmount":"26,00 €"}},{"Condition":{"Value":"Used"},"LowestPrice":{"Amount":21.62,"Currency":"EUR","DisplayAmount":"21,62 €"}}]}},{"ASIN":"2709662531","DetailPageURL":"https://www.amazon.es/dp/2709662531?tag=topinalambricos-21&linkCode=osi&th=1&psc=1","Images":{"Primary":{"Small":{"Height":75,"URL":"https://m.media-amazon.com/images/I/41ZVAQfPOcL._SL75_.jpg","Width":48}}},"ItemInfo":{"ByLineInfo":{"Brand":{"DisplayValue":"LATTES","Label":"Brand","Locale":"es_ES"},"Contributors":[{"Locale":"es_ES","Name":"Grandes, Almudena","Role":"Autor","RoleType":"author"}],"Manufacturer":{"DisplayValue":"JC Lattès","Label":"Manufacturer","Locale":"es_ES"}},"Title":{"DisplayValue":"Les patients du docteur Garcia (Littérature étrangère)","Label":"Title","Locale":"es_ES"}},"Offers":{"Summaries":[{"Condition":{"Value":"Used"},"LowestPrice":{"Amount":9.11,"Currency":"EUR","DisplayAmount":"9,11 €"}},{"Condition":{"Value":"New"},"LowestPrice":{"Amount":24.5,"Currency":"EUR","DisplayAmount":"24,50 €"}}]}},{"ASIN":"B09ZJ313QS","DetailPageURL":"https://www.amazon.es/dp/B09ZJ313QS?tag=topinalambricos-21&linkCode=osi&th=1&psc=1","Images":{"Primary":{"Small":{"Height":75,"URL":"https://m.media-amazon.com/images/I/51d665e+xkL._SL75_.jpg","Width":49}}},"ItemInfo":{"ByLineInfo":{"Contributors":[{"Locale":"es_ES","Name":"Grandes, Almudena","Role":"Autor","RoleType":"author"}],"Manufacturer":{"DisplayValue":"Tusquets Editores S.A.","Label":"Manufacturer","Locale":"es_ES"}},"Title":{"DisplayValue":"Pack Episodios de una guerra interminable: Inés y la alegría, El lector de Julio Verne, Las tres bodas de Manolita, Los pacientes del doctor García, La madre de Frankenstein","Label":"Title","Locale":"es_ES"}},"Offers":{"Summaries":[{"Condition":{"Value":"New"},"LowestPrice":{"Amount":33.24,"Currency":"EUR","DisplayAmount":"33,24 €"}}]}},{"ASIN":"841107109X","DetailPageURL":"https://www.amazon.es/dp/841107109X?tag=topinalambricos-21&linkCode=osi&th=1&psc=1","Images":{"Primary":{"Small":{"Height":68,"URL":"https://m.media-amazon.com/images/I/41oxGZctc0L._SL75_.jpg","Width":75}}},"ItemInfo":{"ByLineInfo":{"Brand":{"DisplayValue":"Tusquets Editores S.A.","Label":"Brand","Locale":"es_ES"},"Contributors":[{"Locale":"es_ES","Name":"Grandes, Almudena","Role":"Autor","RoleType":"author"}],"Manufacturer":{"DisplayValue":"Tusquets Editores S.A.","Label":"Manufacturer","Locale":"es_ES"}},"Title":{"DisplayValue":"Estuche Episodios de una Guerra Interminable: Inés y la alegría, El lector de Julio Verne, Las tres bodas de Manolita, Los pacientes del doctor García, La madre de Frankenstein (Andanzas)","Label":"Title","Locale":"es_ES"}},"Offers":{"Summaries":[{"Condition":{"Value":"New"},"LowestPrice":{"Amount":107.01,"Currency":"EUR","DisplayAmount":"107,01 €"}}]}},{"ASIN":"9056726099","DetailPageURL":"https://www.amazon.es/dp/9056726099?tag=topinalambricos-21&linkCode=osi&th=1&psc=1","Images":{"Primary":{"Small":{"Height":75,"URL":"https://m.media-amazon.com/images/I/51bISkcjLRL._SL75_.jpg","Width":48}}},"ItemInfo":{"ByLineInfo":{"Brand":{"DisplayValue":"Signatuur","Label":"Brand","Locale":"es_ES"},"Contributors":[{"Locale":"es_ES","Name":"Grandes, Almudena","Role":"Autor","RoleType":"author"},{"Locale":"es_ES","Name":"Buursma, Mia","Role":"Traductor","RoleType":"translator"},{"Locale":"es_ES","Name":"Degenaar, Rikkie","Role":"Traductor","RoleType":"translator"}],"Manufacturer":{"DisplayValue":"Signatuur","Label":"Manufacturer","Locale":"es_ES"}},"Title":{"DisplayValue":"De patiënten van dokter García","Label":"Title","Locale":"es_ES"}},"Offers":{"Summaries":[{"Condition":{"Value":"New"},"LowestPrice":{"Amount":29.57,"Currency":"EUR","DisplayAmount":"29,57 €"}}]}},{"ASIN":"8408258613","DetailPageURL":"https://www.amazon.es/dp/8408258613?tag=topinalambricos-21&linkCode=osi&th=1&psc=1","Images":{"Primary":{"Small":{"Height":75,"URL":"https://m.media-amazon.com/images/I/41KF-Uf51fL._SL75_.jpg","Width":48}}},"ItemInfo":{"ByLineInfo":{"Brand":{"DisplayValue":"Booket","Label":"Brand","Locale":"es_ES"},"Contributors":[{"Locale":"es_ES","Name":"García Sáenz de Urturi, Eva","Role":"Autor","RoleType":"author"}],"Manufacturer":{"DisplayValue":"Booket","Label":"Manufacturer","Locale":"es_ES"}},"Title":{"DisplayValue":"Aquitania: Premio Planeta 2020 (Novela)","Label":"Title","Locale":"es_ES"}},"Offers":{"Summaries":[{"Condition":{"Value":"Used"},"LowestPrice":{"Amount":8.96,"Currency":"EUR","DisplayAmount":"8,96 €"}},{"Condition":{"Value":"New"},"LowestPrice":{"Amount":9.3,"Currency":"EUR","DisplayAmount":"9,30 €"}}]}},{"ASIN":"8418945702","DetailPageURL":"https://www.amazon.es/dp/8418945702?tag=topinalambricos-21&linkCode=osi&th=1&psc=1","Images":{"Primary":{"Small":{"Height":75,"URL":"https://m.media-amazon.com/images/I/51SeyYCt3sL._SL75_.jpg","Width":50}}},"ItemInfo":{"ByLineInfo":{"Contributors":[{"Locale":"es_ES","Name":"Hazelwood, Ali","Role":"Autor","RoleType":"author"},{"Locale":"es_ES","Name":"Gilabert Giménez, Nerea","Role":"Traductor","RoleType":"translator"}],"Manufacturer":{"DisplayValue":"Contraluz Editorial","Label":"Manufacturer","Locale":"es_ES"}},"Title":{"DisplayValue":"La teoría del amor (Contraluz) Español","Label":"Title","Locale":"es_ES"}},"Offers":{"Summaries":[{"Condition":{"Value":"New"},"LowestPrice":{"Amount":18.0,"Currency":"EUR","DisplayAmount":"18,00 €"}}]}}],"SearchURL":"https://www.amazon.es/s?k=los+pacientes+del+doctor+garc%C3%ADa&rh=n%3A599364031%2Cp_n_availability%3A-1&tag=topinalambricos-21&linkCode=osi","TotalResultCount":41}},"87":{"SearchResult":{"Items":[{"ASIN":"8490667799","DetailPageURL":"https://www.amazon.es/dp/8490667799?tag=topinalambricos-21&linkCode=osi&th=1&psc=1","Images":{"Primary":{"Small":{"Height":75,"URL":"https://m.media-amazon.com/images/I/41f3xK0VZCL._SL75_.jpg","Width":49}}},"ItemInfo":{"ByLineInfo":{"Brand":{"DisplayValue":"Maxi-Tusquets","Label":"Brand","Locale":"es_ES"},"Contributors":[{"Locale":"es_ES","Name":"Grandes, Almudena","Role":"Autor","RoleType":"author"}],"Manufacturer":{"DisplayValue":"Planeta","Label":"Manufacturer","Locale":"es_ES"}},"Title":{"DisplayValue":"Los pacientes del doctor García (MAXI)","Label":"Title","Locale":"es_ES"}},"Offers":{"Summaries":[{"Condition":{"Value":"New"},"LowestPrice":{"Amount":12.3,"Currency":"EUR","DisplayAmount":"12,30 €"}},{"Condition":{"Value":"Used"},"LowestPrice":{"Amount":7.95,"Currency":"EUR","DisplayAmount":"7,95 €"}}]}},{"ASIN":"8411124819","DetailPageURL":"https://www.amazon.es/dp/8411124819?tag=topinalambricos-21&linkCode=osi&th=1&psc=1","Images":{"Primary":{"Small":{"Height":75,"URL":"https://m.media-amazon.com/images/I/51IMbTEgKtL._SL75_.jpg","Width":53}}},"ItemInfo":{"ByLineInfo":{"Brand":{"DisplayValue":"Planeta Cómic","Label":"Brand","Locale":"es_ES"},"Contributors":[{"Locale":"es_ES","Name":"Grandes, Almudena","Role":"Autor","RoleType":"author"},{"Locale":"es_ES","Name":"Stassi, Claudio","Role":"Autor","RoleType":"author"}],"Manufacturer":{"DisplayValue":"Planeta Cómic","Label":"Manufacturer","Locale":"es_ES"}},"Title":{"DisplayValue":"Los pacientes del doctor García (novela gráfica): Basado en la novela de Almudena Grandes","Label":"Title","Locale":"es_ES"}},"Offers":{"Summaries":[{"Condition":{"Value":"Used"},"LowestPrice":{"Amount":19.81,"Currency":"EUR","DisplayAmount":"19,81 €"}},{"Condition":{"Value":"New"},"LowestPrice":{"Amount":23.75,"Currency":"EUR","DisplayAmount":"23,75 €"}}]}},{"ASIN":"8490664498","DetailPageURL":"https://www.amazon.es/dp/8490664498?tag=topinalambricos-21&linkCode=osi&th=1&psc=1","Images":{"Primary":{"Small":{"Height":75,"URL":"https://m.media-amazon.com/images/I/514aL8HMIWL._SL75_.jpg","Width":50}}},"ItemInfo":{"ByLineInfo":{"Contributors":[{"Locale":"es_ES","Name":"Grandes, Almudena","Role":"Autor","RoleType":"author"}],"Manufacturer":{"DisplayValue":"Tusquets.","Label":"Manufacturer","Locale":"es_ES"}},"Title":{"DisplayValue":"Los pacientes del doctor García: el fin de la esperanza y la red de evasión de criminales de guerra y jerarcas nazis dirigida por Clara Stauffer, Madrid-Buenos Aires, 1945-1955","Label":"Title","Locale":"es_ES"}},"Offers":{"Summaries":[{"Condition":{"Value":"Used"},"LowestPrice":{"Amount":14.45,"Currency":"EUR","DisplayAmount":"14,45 €"}}]}},{"ASIN":"8490664463","DetailPageURL":"https://www.amazon.es/dp/8490664463?tag=topinalambricos-21&linkCode=osi&th=1&psc=1","Images":{"Primary":{"Small":{"Height":75,"URL":"https://m.media-amazon.com/images/I/51l3IX6ssyL._SL75_.jpg","Width":49}}},"ItemInfo":{"ByLineInfo":{"Brand":{"DisplayValue":"Tusquets Editores S.A.","Label":"Brand","Locale":"es_ES"},"Contributors":[{"Locale":"es_ES","Name":"Grandes, Almudena","Role":"Autor","RoleType":"author"}],"Manufacturer":{"DisplayValue":"Tusquets Editores S.A.","Label":"Manufacturer","Locale":"es_ES"}},"Title":{"DisplayValue":"Los pacientes del doctor García: Episodios de una Guerra Interminable: 4 (Andanzas)","Label":"Title","Locale":"es_ES"}},"Offers":{"Summaries":[{"Condition":{"Value":"New"},"LowestPrice":{"Amount":26.0,"Currency":"EUR","DisplayAmount":"26,00 €"}},{"Condition":{"Value":"Used"},"LowestPrice":{"Amount":21.62,"Currency":"EUR","DisplayAmount":"21,62 €"}}]}},{"ASIN":"2709662531","DetailPageURL":"https://www.amazon.es/dp/2709662531?tag=topinalambricos-21&linkCode=osi&th=1&psc=1","Images":{"Primary":{"Small":{"Height":75,"URL":"https://m.media-amazon.com/images/I/41ZVAQfPOcL._SL75_.jpg","Width":48}}},"ItemInfo":{"ByLineInfo":{"Brand":{"DisplayValue":"LATTES","Label":"Brand","Locale":"es_ES"},"Contributors":[{"Locale":"es_ES","Name":"Grandes, Almudena","Role":"Autor","RoleType":"author"}],"Manufacturer":{"DisplayValue":"JC Lattès","Label":"Manufacturer","Locale":"es_ES"}},"Title":{"DisplayValue":"Les patients du docteur Garcia (Littérature étrangère)","Label":"Title","Locale":"es_ES"}},"Offers":{"Summaries":[{"Condition":{"Value":"Used"},"LowestPrice":{"Amount":9.11,"Currency":"EUR","DisplayAmount":"9,11 €"}},{"Condition":{"Value":"New"},"LowestPrice":{"Amount":24.5,"Currency":"EUR","DisplayAmount":"24,50 €"}}]}},{"ASIN":"B09ZJ313QS","DetailPageURL":"https://www.amazon.es/dp/B09ZJ313QS?tag=topinalambricos-21&linkCode=osi&th=1&psc=1","Images":{"Primary":{"Small":{"Height":75,"URL":"https://m.media-amazon.com/images/I/51d665e+xkL._SL75_.jpg","Width":49}}},"ItemInfo":{"ByLineInfo":{"Contributors":[{"Locale":"es_ES","Name":"Grandes, Almudena","Role":"Autor","RoleType":"author"}],"Manufacturer":{"DisplayValue":"Tusquets Editores S.A.","Label":"Manufacturer","Locale":"es_ES"}},"Title":{"DisplayValue":"Pack Episodios de una guerra interminable: Inés y la alegría, El lector de Julio Verne, Las tres bodas de Manolita, Los pacientes del doctor García, La madre de Frankenstein","Label":"Title","Locale":"es_ES"}},"Offers":{"Summaries":[{"Condition":{"Value":"New"},"LowestPrice":{"Amount":33.24,"Currency":"EUR","DisplayAmount":"33,24 €"}}]}},{"ASIN":"841107109X","DetailPageURL":"https://www.amazon.es/dp/841107109X?tag=topinalambricos-21&linkCode=osi&th=1&psc=1","Images":{"Primary":{"Small":{"Height":68,"URL":"https://m.media-amazon.com/images/I/41oxGZctc0L._SL75_.jpg","Width":75}}},"ItemInfo":{"ByLineInfo":{"Brand":{"DisplayValue":"Tusquets Editores S.A.","Label":"Brand","Locale":"es_ES"},"Contributors":[{"Locale":"es_ES","Name":"Grandes, Almudena","Role":"Autor","RoleType":"author"}],"Manufacturer":{"DisplayValue":"Tusquets Editores S.A.","Label":"Manufacturer","Locale":"es_ES"}},"Title":{"DisplayValue":"Estuche Episodios de una Guerra Interminable: Inés y la alegría, El lector de Julio Verne, Las tres bodas de Manolita, Los pacientes del doctor García, La madre de Frankenstein (Andanzas)","Label":"Title","Locale":"es_ES"}},"Offers":{"Summaries":[{"Condition":{"Value":"New"},"LowestPrice":{"Amount":107.01,"Currency":"EUR","DisplayAmount":"107,01 €"}}]}},{"ASIN":"9056726099","DetailPageURL":"https://www.amazon.es/dp/9056726099?tag=topinalambricos-21&linkCode=osi&th=1&psc=1","Images":{"Primary":{"Small":{"Height":75,"URL":"https://m.media-amazon.com/images/I/51bISkcjLRL._SL75_.jpg","Width":48}}},"ItemInfo":{"ByLineInfo":{"Brand":{"DisplayValue":"Signatuur","Label":"Brand","Locale":"es_ES"},"Contributors":[{"Locale":"es_ES","Name":"Grandes, Almudena","Role":"Autor","RoleType":"author"},{"Locale":"es_ES","Name":"Buursma, Mia","Role":"Traductor","RoleType":"translator"},{"Locale":"es_ES","Name":"Degenaar, Rikkie","Role":"Traductor","RoleType":"translator"}],"Manufacturer":{"DisplayValue":"Signatuur","Label":"Manufacturer","Locale":"es_ES"}},"Title":{"DisplayValue":"De patiënten van dokter García","Label":"Title","Locale":"es_ES"}},"Offers":{"Summaries":[{"Condition":{"Value":"New"},"LowestPrice":{"Amount":29.57,"Currency":"EUR","DisplayAmount":"29,57 €"}}]}},{"ASIN":"8408258613","DetailPageURL":"https://www.amazon.es/dp/8408258613?tag=topinalambricos-21&linkCode=osi&th=1&psc=1","Images":{"Primary":{"Small":{"Height":75,"URL":"https://m.media-amazon.com/images/I/41KF-Uf51fL._SL75_.jpg","Width":48}}},"ItemInfo":{"ByLineInfo":{"Brand":{"DisplayValue":"Booket","Label":"Brand","Locale":"es_ES"},"Contributors":[{"Locale":"es_ES","Name":"García Sáenz de Urturi, Eva","Role":"Autor","RoleType":"author"}],"Manufacturer":{"DisplayValue":"Booket","Label":"Manufacturer","Locale":"es_ES"}},"Title":{"DisplayValue":"Aquitania: Premio Planeta 2020 (Novela)","Label":"Title","Locale":"es_ES"}},"Offers":{"Summaries":[{"Condition":{"Value":"Used"},"LowestPrice":{"Amount":8.96,"Currency":"EUR","DisplayAmount":"8,96 €"}},{"Condition":{"Value":"New"},"LowestPrice":{"Amount":9.3,"Currency":"EUR","DisplayAmount":"9,30 €"}}]}},{"ASIN":"8418945702","DetailPageURL":"https://www.amazon.es/dp/8418945702?tag=topinalambricos-21&linkCode=osi&th=1&psc=1","Images":{"Primary":{"Small":{"Height":75,"URL":"https://m.media-amazon.com/images/I/51SeyYCt3sL._SL75_.jpg","Width":50}}},"ItemInfo":{"ByLineInfo":{"Contributors":[{"Locale":"es_ES","Name":"Hazelwood, Ali","Role":"Autor","RoleType":"author"},{"Locale":"es_ES","Name":"Gilabert Giménez, Nerea","Role":"Traductor","RoleType":"translator"}],"Manufacturer":{"DisplayValue":"Contraluz Editorial","Label":"Manufacturer","Locale":"es_ES"}},"Title":{"DisplayValue":"La teoría del amor (Contraluz) Español","Label":"Title","Locale":"es_ES"}},"Offers":{"Summaries":[{"Condition":{"Value":"New"},"LowestPrice":{"Amount":18.0,"Currency":"EUR","DisplayAmount":"18,00 €"}}]}}],"SearchURL":"https://www.amazon.es/s?k=los+pacientes+del+doctor+garc%C3%ADa&rh=n%3A599364031%2Cp_n_availability%3A-1&tag=topinalambricos-21&linkCode=osi","TotalResultCount":41}},"88":{"SearchResult":{"Items":[{"ASIN":"8490667799","DetailPageURL":"https://www.amazon.es/dp/8490667799?tag=topinalambricos-21&linkCode=osi&th=1&psc=1","Images":{"Primary":{"Small":{"Height":75,"URL":"https://m.media-amazon.com/images/I/41f3xK0VZCL._SL75_.jpg","Width":49}}},"ItemInfo":{"ByLineInfo":{"Brand":{"DisplayValue":"Maxi-Tusquets","Label":"Brand","Locale":"es_ES"},"Contributors":[{"Locale":"es_ES","Name":"Grandes, Almudena","Role":"Autor","RoleType":"author"}],"Manufacturer":{"DisplayValue":"Planeta","Label":"Manufacturer","Locale":"es_ES"}},"Title":{"DisplayValue":"Los pacientes del doctor García (MAXI)","Label":"Title","Locale":"es_ES"}},"Offers":{"Summaries":[{"Condition":{"Value":"New"},"LowestPrice":{"Amount":12.3,"Currency":"EUR","DisplayAmount":"12,30 €"}},{"Condition":{"Value":"Used"},"LowestPrice":{"Amount":7.95,"Currency":"EUR","DisplayAmount":"7,95 €"}}]}},{"ASIN":"8411124819","DetailPageURL":"https://www.amazon.es/dp/8411124819?tag=topinalambricos-21&linkCode=osi&th=1&psc=1","Images":{"Primary":{"Small":{"Height":75,"URL":"https://m.media-amazon.com/images/I/51IMbTEgKtL._SL75_.jpg","Width":53}}},"ItemInfo":{"ByLineInfo":{"Brand":{"DisplayValue":"Planeta Cómic","Label":"Brand","Locale":"es_ES"},"Contributors":[{"Locale":"es_ES","Name":"Grandes, Almudena","Role":"Autor","RoleType":"author"},{"Locale":"es_ES","Name":"Stassi, Claudio","Role":"Autor","RoleType":"author"}],"Manufacturer":{"DisplayValue":"Planeta Cómic","Label":"Manufacturer","Locale":"es_ES"}},"Title":{"DisplayValue":"Los pacientes del doctor García (novela gráfica): Basado en la novela de Almudena Grandes","Label":"Title","Locale":"es_ES"}},"Offers":{"Summaries":[{"Condition":{"Value":"Used"},"LowestPrice":{"Amount":19.81,"Currency":"EUR","DisplayAmount":"19,81 €"}},{"Condition":{"Value":"New"},"LowestPrice":{"Amount":23.75,"Currency":"EUR","DisplayAmount":"23,75 €"}}]}},{"ASIN":"8490664498","DetailPageURL":"https://www.amazon.es/dp/8490664498?tag=topinalambricos-21&linkCode=osi&th=1&psc=1","Images":{"Primary":{"Small":{"Height":75,"URL":"https://m.media-amazon.com/images/I/514aL8HMIWL._SL75_.jpg","Width":50}}},"ItemInfo":{"ByLineInfo":{"Contributors":[{"Locale":"es_ES","Name":"Grandes, Almudena","Role":"Autor","RoleType":"author"}],"Manufacturer":{"DisplayValue":"Tusquets.","Label":"Manufacturer","Locale":"es_ES"}},"Title":{"DisplayValue":"Los pacientes del doctor García: el fin de la esperanza y la red de evasión de criminales de guerra y jerarcas nazis dirigida por Clara Stauffer, Madrid-Buenos Aires, 1945-1955","Label":"Title","Locale":"es_ES"}},"Offers":{"Summaries":[{"Condition":{"Value":"Used"},"LowestPrice":{"Amount":14.45,"Currency":"EUR","DisplayAmount":"14,45 €"}}]}},{"ASIN":"8490664463","DetailPageURL":"https://www.amazon.es/dp/8490664463?tag=topinalambricos-21&linkCode=osi&th=1&psc=1","Images":{"Primary":{"Small":{"Height":75,"URL":"https://m.media-amazon.com/images/I/51l3IX6ssyL._SL75_.jpg","Width":49}}},"ItemInfo":{"ByLineInfo":{"Brand":{"DisplayValue":"Tusquets Editores S.A.","Label":"Brand","Locale":"es_ES"},"Contributors":[{"Locale":"es_ES","Name":"Grandes, Almudena","Role":"Autor","RoleType":"author"}],"Manufacturer":{"DisplayValue":"Tusquets Editores S.A.","Label":"Manufacturer","Locale":"es_ES"}},"Title":{"DisplayValue":"Los pacientes del doctor García: Episodios de una Guerra Interminable: 4 (Andanzas)","Label":"Title","Locale":"es_ES"}},"Offers":{"Summaries":[{"Condition":{"Value":"New"},"LowestPrice":{"Amount":26.0,"Currency":"EUR","DisplayAmount":"26,00 €"}},{"Condition":{"Value":"Used"},"LowestPrice":{"Amount":21.62,"Currency":"EUR","DisplayAmount":"21,62 €"}}]}},{"ASIN":"2709662531","DetailPageURL":"https://www.amazon.es/dp/2709662531?tag=topinalambricos-21&linkCode=osi&th=1&psc=1","Images":{"Primary":{"Small":{"Height":75,"URL":"https://m.media-amazon.com/images/I/41ZVAQfPOcL._SL75_.jpg","Width":48}}},"ItemInfo":{"ByLineInfo":{"Brand":{"DisplayValue":"LATTES","Label":"Brand","Locale":"es_ES"},"Contributors":[{"Locale":"es_ES","Name":"Grandes, Almudena","Role":"Autor","RoleType":"author"}],"Manufacturer":{"DisplayValue":"JC Lattès","Label":"Manufacturer","Locale":"es_ES"}},"Title":{"DisplayValue":"Les patients du docteur Garcia (Littérature étrangère)","Label":"Title","Locale":"es_ES"}},"Offers":{"Summaries":[{"Condition":{"Value":"Used"},"LowestPrice":{"Amount":9.11,"Currency":"EUR","DisplayAmount":"9,11 €"}},{"Condition":{"Value":"New"},"LowestPrice":{"Amount":24.5,"Currency":"EUR","DisplayAmount":"24,50 €"}}]}},{"ASIN":"B09ZJ313QS","DetailPageURL":"https://www.amazon.es/dp/B09ZJ313QS?tag=topinalambricos-21&linkCode=osi&th=1&psc=1","Images":{"Primary":{"Small":{"Height":75,"URL":"https://m.media-amazon.com/images/I/51d665e+xkL._SL75_.jpg","Width":49}}},"ItemInfo":{"ByLineInfo":{"Contributors":[{"Locale":"es_ES","Name":"Grandes, Almudena","Role":"Autor","RoleType":"author"}],"Manufacturer":{"DisplayValue":"Tusquets Editores S.A.","Label":"Manufacturer","Locale":"es_ES"}},"Title":{"DisplayValue":"Pack Episodios de una guerra interminable: Inés y la alegría, El lector de Julio Verne, Las tres bodas de Manolita, Los pacientes del doctor García, La madre de Frankenstein","Label":"Title","Locale":"es_ES"}},"Offers":{"Summaries":[{"Condition":{"Value":"New"},"LowestPrice":{"Amount":33.24,"Currency":"EUR","DisplayAmount":"33,24 €"}}]}},{"ASIN":"841107109X","DetailPageURL":"https://www.amazon.es/dp/841107109X?tag=topinalambricos-21&linkCode=osi&th=1&psc=1","Images":{"Primary":{"Small":{"Height":68,"URL":"https://m.media-amazon.com/images/I/41oxGZctc0L._SL75_.jpg","Width":75}}},"ItemInfo":{"ByLineInfo":{"Brand":{"DisplayValue":"Tusquets Editores S.A.","Label":"Brand","Locale":"es_ES"},"Contributors":[{"Locale":"es_ES","Name":"Grandes, Almudena","Role":"Autor","RoleType":"author"}],"Manufacturer":{"DisplayValue":"Tusquets Editores S.A.","Label":"Manufacturer","Locale":"es_ES"}},"Title":{"DisplayValue":"Estuche Episodios de una Guerra Interminable: Inés y la alegría, El lector de Julio Verne, Las tres bodas de Manolita, Los pacientes del doctor García, La madre de Frankenstein (Andanzas)","Label":"Title","Locale":"es_ES"}},"Offers":{"Summaries":[{"Condition":{"Value":"New"},"LowestPrice":{"Amount":107.01,"Currency":"EUR","DisplayAmount":"107,01 €"}}]}},{"ASIN":"9056726099","DetailPageURL":"https://www.amazon.es/dp/9056726099?tag=topinalambricos-21&linkCode=osi&th=1&psc=1","Images":{"Primary":{"Small":{"Height":75,"URL":"https://m.media-amazon.com/images/I/51bISkcjLRL._SL75_.jpg","Width":48}}},"ItemInfo":{"ByLineInfo":{"Brand":{"DisplayValue":"Signatuur","Label":"Brand","Locale":"es_ES"},"Contributors":[{"Locale":"es_ES","Name":"Grandes, Almudena","Role":"Autor","RoleType":"author"},{"Locale":"es_ES","Name":"Buursma, Mia","Role":"Traductor","RoleType":"translator"},{"Locale":"es_ES","Name":"Degenaar, Rikkie","Role":"Traductor","RoleType":"translator"}],"Manufacturer":{"DisplayValue":"Signatuur","Label":"Manufacturer","Locale":"es_ES"}},"Title":{"DisplayValue":"De patiënten van dokter García","Label":"Title","Locale":"es_ES"}},"Offers":{"Summaries":[{"Condition":{"Value":"New"},"LowestPrice":{"Amount":29.57,"Currency":"EUR","DisplayAmount":"29,57 €"}}]}},{"ASIN":"8408258613","DetailPageURL":"https://www.amazon.es/dp/8408258613?tag=topinalambricos-21&linkCode=osi&th=1&psc=1","Images":{"Primary":{"Small":{"Height":75,"URL":"https://m.media-amazon.com/images/I/41KF-Uf51fL._SL75_.jpg","Width":48}}},"ItemInfo":{"ByLineInfo":{"Brand":{"DisplayValue":"Booket","Label":"Brand","Locale":"es_ES"},"Contributors":[{"Locale":"es_ES","Name":"García Sáenz de Urturi, Eva","Role":"Autor","RoleType":"author"}],"Manufacturer":{"DisplayValue":"Booket","Label":"Manufacturer","Locale":"es_ES"}},"Title":{"DisplayValue":"Aquitania: Premio Planeta 2020 (Novela)","Label":"Title","Locale":"es_ES"}},"Offers":{"Summaries":[{"Condition":{"Value":"Used"},"LowestPrice":{"Amount":8.96,"Currency":"EUR","DisplayAmount":"8,96 €"}},{"Condition":{"Value":"New"},"LowestPrice":{"Amount":9.3,"Currency":"EUR","DisplayAmount":"9,30 €"}}]}},{"ASIN":"8418945702","DetailPageURL":"https://www.amazon.es/dp/8418945702?tag=topinalambricos-21&linkCode=osi&th=1&psc=1","Images":{"Primary":{"Small":{"Height":75,"URL":"https://m.media-amazon.com/images/I/51SeyYCt3sL._SL75_.jpg","Width":50}}},"ItemInfo":{"ByLineInfo":{"Contributors":[{"Locale":"es_ES","Name":"Hazelwood, Ali","Role":"Autor","RoleType":"author"},{"Locale":"es_ES","Name":"Gilabert Giménez, Nerea","Role":"Traductor","RoleType":"translator"}],"Manufacturer":{"DisplayValue":"Contraluz Editorial","Label":"Manufacturer","Locale":"es_ES"}},"Title":{"DisplayValue":"La teoría del amor (Contraluz) Español","Label":"Title","Locale":"es_ES"}},"Offers":{"Summaries":[{"Condition":{"Value":"New"},"LowestPrice":{"Amount":18.0,"Currency":"EUR","DisplayAmount":"18,00 €"}}]}}],"SearchURL":"https://www.amazon.es/s?k=los+pacientes+del+doctor+garc%C3%ADa&rh=n%3A599364031%2Cp_n_availability%3A-1&tag=topinalambricos-21&linkCode=osi","TotalResultCount":41}},"89":{"SearchResult":{"Items":[{"ASIN":"8490667799","DetailPageURL":"https://www.amazon.es/dp/8490667799?tag=topinalambricos-21&linkCode=osi&th=1&psc=1","Images":{"Primary":{"Small":{"Height":75,"URL":"https://m.media-amazon.com/images/I/41f3xK0VZCL._SL75_.jpg","Width":49}}},"ItemInfo":{"ByLineInfo":{"Brand":{"DisplayValue":"Maxi-Tusquets","Label":"Brand","Locale":"es_ES"},"Contributors":[{"Locale":"es_ES","Name":"Grandes, Almudena","Role":"Autor","RoleType":"author"}],"Manufacturer":{"DisplayValue":"Planeta","Label":"Manufacturer","Locale":"es_ES"}},"Title":{"DisplayValue":"Los pacientes del doctor García (MAXI)","Label":"Title","Locale":"es_ES"}},"Offers":{"Summaries":[{"Condition":{"Value":"New"},"LowestPrice":{"Amount":12.3,"Currency":"EUR","DisplayAmount":"12,30 €"}},{"Condition":{"Value":"Used"},"LowestPrice":{"Amount":7.95,"Currency":"EUR","DisplayAmount":"7,95 €"}}]}},{"ASIN":"8411124819","DetailPageURL":"https://www.amazon.es/dp/8411124819?tag=topinalambricos-21&linkCode=osi&th=1&psc=1","Images":{"Primary":{"Small":{"Height":75,"URL":"https://m.media-amazon.com/images/I/51IMbTEgKtL._SL75_.jpg","Width":53}}},"ItemInfo":{"ByLineInfo":{"Brand":{"DisplayValue":"Planeta Cómic","Label":"Brand","Locale":"es_ES"},"Contributors":[{"Locale":"es_ES","Name":"Grandes, Almudena","Role":"Autor","RoleType":"author"},{"Locale":"es_ES","Name":"Stassi, Claudio","Role":"Autor","RoleType":"author"}],"Manufacturer":{"DisplayValue":"Planeta Cómic","Label":"Manufacturer","Locale":"es_ES"}},"Title":{"DisplayValue":"Los pacientes del doctor García (novela gráfica): Basado en la novela de Almudena Grandes","Label":"Title","Locale":"es_ES"}},"Offers":{"Summaries":[{"Condition":{"Value":"Used"},"LowestPrice":{"Amount":19.81,"Currency":"EUR","DisplayAmount":"19,81 €"}},{"Condition":{"Value":"New"},"LowestPrice":{"Amount":23.75,"Currency":"EUR","DisplayAmount":"23,75 €"}}]}},{"ASIN":"8490664498","DetailPageURL":"https://www.amazon.es/dp/8490664498?tag=topinalambricos-21&linkCode=osi&th=1&psc=1","Images":{"Primary":{"Small":{"Height":75,"URL":"https://m.media-amazon.com/images/I/514aL8HMIWL._SL75_.jpg","Width":50}}},"ItemInfo":{"ByLineInfo":{"Contributors":[{"Locale":"es_ES","Name":"Grandes, Almudena","Role":"Autor","RoleType":"author"}],"Manufacturer":{"DisplayValue":"Tusquets.","Label":"Manufacturer","Locale":"es_ES"}},"Title":{"DisplayValue":"Los pacientes del doctor García: el fin de la esperanza y la red de evasión de criminales de guerra y jerarcas nazis dirigida por Clara Stauffer, Madrid-Buenos Aires, 1945-1955","Label":"Title","Locale":"es_ES"}},"Offers":{"Summaries":[{"Condition":{"Value":"Used"},"LowestPrice":{"Amount":14.45,"Currency":"EUR","DisplayAmount":"14,45 €"}}]}},{"ASIN":"8490664463","DetailPageURL":"https://www.amazon.es/dp/8490664463?tag=topinalambricos-21&linkCode=osi&th=1&psc=1","Images":{"Primary":{"Small":{"Height":75,"URL":"https://m.media-amazon.com/images/I/51l3IX6ssyL._SL75_.jpg","Width":49}}},"ItemInfo":{"ByLineInfo":{"Brand":{"DisplayValue":"Tusquets Editores S.A.","Label":"Brand","Locale":"es_ES"},"Contributors":[{"Locale":"es_ES","Name":"Grandes, Almudena","Role":"Autor","RoleType":"author"}],"Manufacturer":{"DisplayValue":"Tusquets Editores S.A.","Label":"Manufacturer","Locale":"es_ES"}},"Title":{"DisplayValue":"Los pacientes del doctor García: Episodios de una Guerra Interminable: 4 (Andanzas)","Label":"Title","Locale":"es_ES"}},"Offers":{"Summaries":[{"Condition":{"Value":"New"},"LowestPrice":{"Amount":26.0,"Currency":"EUR","DisplayAmount":"26,00 €"}},{"Condition":{"Value":"Used"},"LowestPrice":{"Amount":21.62,"Currency":"EUR","DisplayAmount":"21,62 €"}}]}},{"ASIN":"2709662531","DetailPageURL":"https://www.amazon.es/dp/2709662531?tag=topinalambricos-21&linkCode=osi&th=1&psc=1","Images":{"Primary":{"Small":{"Height":75,"URL":"https://m.media-amazon.com/images/I/41ZVAQfPOcL._SL75_.jpg","Width":48}}},"ItemInfo":{"ByLineInfo":{"Brand":{"DisplayValue":"LATTES","Label":"Brand","Locale":"es_ES"},"Contributors":[{"Locale":"es_ES","Name":"Grandes, Almudena","Role":"Autor","RoleType":"author"}],"Manufacturer":{"DisplayValue":"JC Lattès","Label":"Manufacturer","Locale":"es_ES"}},"Title":{"DisplayValue":"Les patients du docteur Garcia (Littérature étrangère)","Label":"Title","Locale":"es_ES"}},"Offers":{"Summaries":[{"Condition":{"Value":"Used"},"LowestPrice":{"Amount":9.11,"Currency":"EUR","DisplayAmount":"9,11 €"}},{"Condition":{"Value":"New"},"LowestPrice":{"Amount":24.5,"Currency":"EUR","DisplayAmount":"24,50 €"}}]}},{"ASIN":"B09ZJ313QS","DetailPageURL":"https://www.amazon.es/dp/B09ZJ313QS?tag=topinalambricos-21&linkCode=osi&th=1&psc=1","Images":{"Primary":{"Small":{"Height":75,"URL":"https://m.media-amazon.com/images/I/51d665e+xkL._SL75_.jpg","Width":49}}},"ItemInfo":{"ByLineInfo":{"Contributors":[{"Locale":"es_ES","Name":"Grandes, Almudena","Role":"Autor","RoleType":"author"}],"Manufacturer":{"DisplayValue":"Tusquets Editores S.A.","Label":"Manufacturer","Locale":"es_ES"}},"Title":{"DisplayValue":"Pack Episodios de una guerra interminable: Inés y la alegría, El lector de Julio Verne, Las tres bodas de Manolita, Los pacientes del doctor García, La madre de Frankenstein","Label":"Title","Locale":"es_ES"}},"Offers":{"Summaries":[{"Condition":{"Value":"New"},"LowestPrice":{"Amount":33.24,"Currency":"EUR","DisplayAmount":"33,24 €"}}]}},{"ASIN":"841107109X","DetailPageURL":"https://www.amazon.es/dp/841107109X?tag=topinalambricos-21&linkCode=osi&th=1&psc=1","Images":{"Primary":{"Small":{"Height":68,"URL":"https://m.media-amazon.com/images/I/41oxGZctc0L._SL75_.jpg","Width":75}}},"ItemInfo":{"ByLineInfo":{"Brand":{"DisplayValue":"Tusquets Editores S.A.","Label":"Brand","Locale":"es_ES"},"Contributors":[{"Locale":"es_ES","Name":"Grandes, Almudena","Role":"Autor","RoleType":"author"}],"Manufacturer":{"DisplayValue":"Tusquets Editores S.A.","Label":"Manufacturer","Locale":"es_ES"}},"Title":{"DisplayValue":"Estuche Episodios de una Guerra Interminable: Inés y la alegría, El lector de Julio Verne, Las tres bodas de Manolita, Los pacientes del doctor García, La madre de Frankenstein (Andanzas)","Label":"Title","Locale":"es_ES"}},"Offers":{"Summaries":[{"Condition":{"Value":"New"},"LowestPrice":{"Amount":107.01,"Currency":"EUR","DisplayAmount":"107,01 €"}}]}},{"ASIN":"9056726099","DetailPageURL":"https://www.amazon.es/dp/9056726099?tag=topinalambricos-21&linkCode=osi&th=1&psc=1","Images":{"Primary":{"Small":{"Height":75,"URL":"https://m.media-amazon.com/images/I/51bISkcjLRL._SL75_.jpg","Width":48}}},"ItemInfo":{"ByLineInfo":{"Brand":{"DisplayValue":"Signatuur","Label":"Brand","Locale":"es_ES"},"Contributors":[{"Locale":"es_ES","Name":"Grandes, Almudena","Role":"Autor","RoleType":"author"},{"Locale":"es_ES","Name":"Buursma, Mia","Role":"Traductor","RoleType":"translator"},{"Locale":"es_ES","Name":"Degenaar, Rikkie","Role":"Traductor","RoleType":"translator"}],"Manufacturer":{"DisplayValue":"Signatuur","Label":"Manufacturer","Locale":"es_ES"}},"Title":{"DisplayValue":"De patiënten van dokter García","Label":"Title","Locale":"es_ES"}},"Offers":{"Summaries":[{"Condition":{"Value":"New"},"LowestPrice":{"Amount":29.57,"Currency":"EUR","DisplayAmount":"29,57 €"}}]}},{"ASIN":"8408258613","DetailPageURL":"https://www.amazon.es/dp/8408258613?tag=topinalambricos-21&linkCode=osi&th=1&psc=1","Images":{"Primary":{"Small":{"Height":75,"URL":"https://m.media-amazon.com/images/I/41KF-Uf51fL._SL75_.jpg","Width":48}}},"ItemInfo":{"ByLineInfo":{"Brand":{"DisplayValue":"Booket","Label":"Brand","Locale":"es_ES"},"Contributors":[{"Locale":"es_ES","Name":"García Sáenz de Urturi, Eva","Role":"Autor","RoleType":"author"}],"Manufacturer":{"DisplayValue":"Booket","Label":"Manufacturer","Locale":"es_ES"}},"Title":{"DisplayValue":"Aquitania: Premio Planeta 2020 (Novela)","Label":"Title","Locale":"es_ES"}},"Offers":{"Summaries":[{"Condition":{"Value":"Used"},"LowestPrice":{"Amount":8.96,"Currency":"EUR","DisplayAmount":"8,96 €"}},{"Condition":{"Value":"New"},"LowestPrice":{"Amount":9.3,"Currency":"EUR","DisplayAmount":"9,30 €"}}]}},{"ASIN":"8418945702","DetailPageURL":"https://www.amazon.es/dp/8418945702?tag=topinalambricos-21&linkCode=osi&th=1&psc=1","Images":{"Primary":{"Small":{"Height":75,"URL":"https://m.media-amazon.com/images/I/51SeyYCt3sL._SL75_.jpg","Width":50}}},"ItemInfo":{"ByLineInfo":{"Contributors":[{"Locale":"es_ES","Name":"Hazelwood, Ali","Role":"Autor","RoleType":"author"},{"Locale":"es_ES","Name":"Gilabert Giménez, Nerea","Role":"Traductor","RoleType":"translator"}],"Manufacturer":{"DisplayValue":"Contraluz Editorial","Label":"Manufacturer","Locale":"es_ES"}},"Title":{"DisplayValue":"La teoría del amor (Contraluz) Español","Label":"Title","Locale":"es_ES"}},"Offers":{"Summaries":[{"Condition":{"Value":"New"},"LowestPrice":{"Amount":18.0,"Currency":"EUR","DisplayAmount":"18,00 €"}}]}}],"SearchURL":"https://www.amazon.es/s?k=los+pacientes+del+doctor+garc%C3%ADa&rh=n%3A599364031%2Cp_n_availability%3A-1&tag=topinalambricos-21&linkCode=osi","TotalResultCount":41}},"90":{"SearchResult":{"Items":[{"ASIN":"8490667799","DetailPageURL":"https://www.amazon.es/dp/8490667799?tag=topinalambricos-21&linkCode=osi&th=1&psc=1","Images":{"Primary":{"Small":{"Height":75,"URL":"https://m.media-amazon.com/images/I/41f3xK0VZCL._SL75_.jpg","Width":49}}},"ItemInfo":{"ByLineInfo":{"Brand":{"DisplayValue":"Maxi-Tusquets","Label":"Brand","Locale":"es_ES"},"Contributors":[{"Locale":"es_ES","Name":"Grandes, Almudena","Role":"Autor","RoleType":"author"}],"Manufacturer":{"DisplayValue":"Planeta","Label":"Manufacturer","Locale":"es_ES"}},"Title":{"DisplayValue":"Los pacientes del doctor García (MAXI)","Label":"Title","Locale":"es_ES"}},"Offers":{"Summaries":[{"Condition":{"Value":"New"},"LowestPrice":{"Amount":12.3,"Currency":"EUR","DisplayAmount":"12,30 €"}},{"Condition":{"Value":"Used"},"LowestPrice":{"Amount":7.95,"Currency":"EUR","DisplayAmount":"7,95 €"}}]}},{"ASIN":"8411124819","DetailPageURL":"https://www.amazon.es/dp/8411124819?tag=topinalambricos-21&linkCode=osi&th=1&psc=1","Images":{"Primary":{"Small":{"Height":75,"URL":"https://m.media-amazon.com/images/I/51IMbTEgKtL._SL75_.jpg","Width":53}}},"ItemInfo":{"ByLineInfo":{"Brand":{"DisplayValue":"Planeta Cómic","Label":"Brand","Locale":"es_ES"},"Contributors":[{"Locale":"es_ES","Name":"Grandes, Almudena","Role":"Autor","RoleType":"author"},{"Locale":"es_ES","Name":"Stassi, Claudio","Role":"Autor","RoleType":"author"}],"Manufacturer":{"DisplayValue":"Planeta Cómic","Label":"Manufacturer","Locale":"es_ES"}},"Title":{"DisplayValue":"Los pacientes del doctor García (novela gráfica): Basado en la novela de Almudena Grandes","Label":"Title","Locale":"es_ES"}},"Offers":{"Summaries":[{"Condition":{"Value":"Used"},"LowestPrice":{"Amount":19.81,"Currency":"EUR","DisplayAmount":"19,81 €"}},{"Condition":{"Value":"New"},"LowestPrice":{"Amount":23.75,"Currency":"EUR","DisplayAmount":"23,75 €"}}]}},{"ASIN":"8490664498","DetailPageURL":"https://www.amazon.es/dp/8490664498?tag=topinalambricos-21&linkCode=osi&th=1&psc=1","Images":{"Primary":{"Small":{"Height":75,"URL":"https://m.media-amazon.com/images/I/514aL8HMIWL._SL75_.jpg","Width":50}}},"ItemInfo":{"ByLineInfo":{"Contributors":[{"Locale":"es_ES","Name":"Grandes, Almudena","Role":"Autor","RoleType":"author"}],"Manufacturer":{"DisplayValue":"Tusquets.","Label":"Manufacturer","Locale":"es_ES"}},"Title":{"DisplayValue":"Los pacientes del doctor García: el fin de la esperanza y la red de evasión de criminales de guerra y jerarcas nazis dirigida por Clara Stauffer, Madrid-Buenos Aires, 1945-1955","Label":"Title","Locale":"es_ES"}},"Offers":{"Summaries":[{"Condition":{"Value":"Used"},"LowestPrice":{"Amount":14.45,"Currency":"EUR","DisplayAmount":"14,45 €"}}]}},{"ASIN":"8490664463","DetailPageURL":"https://www.amazon.es/dp/8490664463?tag=topinalambricos-21&linkCode=osi&th=1&psc=1","Images":{"Primary":{"Small":{"Height":75,"URL":"https://m.media-amazon.com/images/I/51l3IX6ssyL._SL75_.jpg","Width":49}}},"ItemInfo":{"ByLineInfo":{"Brand":{"DisplayValue":"Tusquets Editores S.A.","Label":"Brand","Locale":"es_ES"},"Contributors":[{"Locale":"es_ES","Name":"Grandes, Almudena","Role":"Autor","RoleType":"author"}],"Manufacturer":{"DisplayValue":"Tusquets Editores S.A.","Label":"Manufacturer","Locale":"es_ES"}},"Title":{"DisplayValue":"Los pacientes del doctor García: Episodios de una Guerra Interminable: 4 (Andanzas)","Label":"Title","Locale":"es_ES"}},"Offers":{"Summaries":[{"Condition":{"Value":"New"},"LowestPrice":{"Amount":26.0,"Currency":"EUR","DisplayAmount":"26,00 €"}},{"Condition":{"Value":"Used"},"LowestPrice":{"Amount":21.62,"Currency":"EUR","DisplayAmount":"21,62 €"}}]}},{"ASIN":"2709662531","DetailPageURL":"https://www.amazon.es/dp/2709662531?tag=topinalambricos-21&linkCode=osi&th=1&psc=1","Images":{"Primary":{"Small":{"Height":75,"URL":"https://m.media-amazon.com/images/I/41ZVAQfPOcL._SL75_.jpg","Width":48}}},"ItemInfo":{"ByLineInfo":{"Brand":{"DisplayValue":"LATTES","Label":"Brand","Locale":"es_ES"},"Contributors":[{"Locale":"es_ES","Name":"Grandes, Almudena","Role":"Autor","RoleType":"author"}],"Manufacturer":{"DisplayValue":"JC Lattès","Label":"Manufacturer","Locale":"es_ES"}},"Title":{"DisplayValue":"Les patients du docteur Garcia (Littérature étrangère)","Label":"Title","Locale":"es_ES"}},"Offers":{"Summaries":[{"Condition":{"Value":"Used"},"LowestPrice":{"Amount":9.11,"Currency":"EUR","DisplayAmount":"9,11 €"}},{"Condition":{"Value":"New"},"LowestPrice":{"Amount":24.5,"Currency":"EUR","DisplayAmount":"24,50 €"}}]}},{"ASIN":"B09ZJ313QS","DetailPageURL":"https://www.amazon.es/dp/B09ZJ313QS?tag=topinalambricos-21&linkCode=osi&th=1&psc=1","Images":{"Primary":{"Small":{"Height":75,"URL":"https://m.media-amazon.com/images/I/51d665e+xkL._SL75_.jpg","Width":49}}},"ItemInfo":{"ByLineInfo":{"Contributors":[{"Locale":"es_ES","Name":"Grandes, Almudena","Role":"Autor","RoleType":"author"}],"Manufacturer":{"DisplayValue":"Tusquets Editores S.A.","Label":"Manufacturer","Locale":"es_ES"}},"Title":{"DisplayValue":"Pack Episodios de una guerra interminable: Inés y la alegría, El lector de Julio Verne, Las tres bodas de Manolita, Los pacientes del doctor García, La madre de Frankenstein","Label":"Title","Locale":"es_ES"}},"Offers":{"Summaries":[{"Condition":{"Value":"New"},"LowestPrice":{"Amount":33.24,"Currency":"EUR","DisplayAmount":"33,24 €"}}]}},{"ASIN":"841107109X","DetailPageURL":"https://www.amazon.es/dp/841107109X?tag=topinalambricos-21&linkCode=osi&th=1&psc=1","Images":{"Primary":{"Small":{"Height":68,"URL":"https://m.media-amazon.com/images/I/41oxGZctc0L._SL75_.jpg","Width":75}}},"ItemInfo":{"ByLineInfo":{"Brand":{"DisplayValue":"Tusquets Editores S.A.","Label":"Brand","Locale":"es_ES"},"Contributors":[{"Locale":"es_ES","Name":"Grandes, Almudena","Role":"Autor","RoleType":"author"}],"Manufacturer":{"DisplayValue":"Tusquets Editores S.A.","Label":"Manufacturer","Locale":"es_ES"}},"Title":{"DisplayValue":"Estuche Episodios de una Guerra Interminable: Inés y la alegría, El lector de Julio Verne, Las tres bodas de Manolita, Los pacientes del doctor García, La madre de Frankenstein (Andanzas)","Label":"Title","Locale":"es_ES"}},"Offers":{"Summaries":[{"Condition":{"Value":"New"},"LowestPrice":{"Amount":107.01,"Currency":"EUR","DisplayAmount":"107,01 €"}}]}},{"ASIN":"9056726099","DetailPageURL":"https://www.amazon.es/dp/9056726099?tag=topinalambricos-21&linkCode=osi&th=1&psc=1","Images":{"Primary":{"Small":{"Height":75,"URL":"https://m.media-amazon.com/images/I/51bISkcjLRL._SL75_.jpg","Width":48}}},"ItemInfo":{"ByLineInfo":{"Brand":{"DisplayValue":"Signatuur","Label":"Brand","Locale":"es_ES"},"Contributors":[{"Locale":"es_ES","Name":"Grandes, Almudena","Role":"Autor","RoleType":"author"},{"Locale":"es_ES","Name":"Buursma, Mia","Role":"Traductor","RoleType":"translator"},{"Locale":"es_ES","Name":"Degenaar, Rikkie","Role":"Traductor","RoleType":"translator"}],"Manufacturer":{"DisplayValue":"Signatuur","Label":"Manufacturer","Locale":"es_ES"}},"Title":{"DisplayValue":"De patiënten van dokter García","Label":"Title","Locale":"es_ES"}},"Offers":{"Summaries":[{"Condition":{"Value":"New"},"LowestPrice":{"Amount":29.57,"Currency":"EUR","DisplayAmount":"29,57 €"}}]}},{"ASIN":"8408258613","DetailPageURL":"https://www.amazon.es/dp/8408258613?tag=topinalambricos-21&linkCode=osi&th=1&psc=1","Images":{"Primary":{"Small":{"Height":75,"URL":"https://m.media-amazon.com/images/I/41KF-Uf51fL._SL75_.jpg","Width":48}}},"ItemInfo":{"ByLineInfo":{"Brand":{"DisplayValue":"Booket","Label":"Brand","Locale":"es_ES"},"Contributors":[{"Locale":"es_ES","Name":"García Sáenz de Urturi, Eva","Role":"Autor","RoleType":"author"}],"Manufacturer":{"DisplayValue":"Booket","Label":"Manufacturer","Locale":"es_ES"}},"Title":{"DisplayValue":"Aquitania: Premio Planeta 2020 (Novela)","Label":"Title","Locale":"es_ES"}},"Offers":{"Summaries":[{"Condition":{"Value":"Used"},"LowestPrice":{"Amount":8.96,"Currency":"EUR","DisplayAmount":"8,96 €"}},{"Condition":{"Value":"New"},"LowestPrice":{"Amount":9.3,"Currency":"EUR","DisplayAmount":"9,30 €"}}]}},{"ASIN":"8418945702","DetailPageURL":"https://www.amazon.es/dp/8418945702?tag=topinalambricos-21&linkCode=osi&th=1&psc=1","Images":{"Primary":{"Small":{"Height":75,"URL":"https://m.media-amazon.com/images/I/51SeyYCt3sL._SL75_.jpg","Width":50}}},"ItemInfo":{"ByLineInfo":{"Contributors":[{"Locale":"es_ES","Name":"Hazelwood, Ali","Role":"Autor","RoleType":"author"},{"Locale":"es_ES","Name":"Gilabert Giménez, Nerea","Role":"Traductor","RoleType":"translator"}],"Manufacturer":{"DisplayValue":"Contraluz Editorial","Label":"Manufacturer","Locale":"es_ES"}},"Title":{"DisplayValue":"La teoría del amor (Contraluz) Español","Label":"Title","Locale":"es_ES"}},"Offers":{"Summaries":[{"Condition":{"Value":"New"},"LowestPrice":{"Amount":18.0,"Currency":"EUR","DisplayAmount":"18,00 €"}}]}}],"SearchURL":"https://www.amazon.es/s?k=los+pacientes+del+doctor+garc%C3%ADa&rh=n%3A599364031%2Cp_n_availability%3A-1&tag=topinalambricos-21&linkCode=osi","TotalResultCount":41}},"91":{"SearchResult":{"Items":[{"ASIN":"8490667799","DetailPageURL":"https://www.amazon.es/dp/8490667799?tag=topinalambricos-21&linkCode=osi&th=1&psc=1","Images":{"Primary":{"Small":{"Height":75,"URL":"https://m.media-amazon.com/images/I/41f3xK0VZCL._SL75_.jpg","Width":49}}},"ItemInfo":{"ByLineInfo":{"Brand":{"DisplayValue":"Maxi-Tusquets","Label":"Brand","Locale":"es_ES"},"Contributors":[{"Locale":"es_ES","Name":"Grandes, Almudena","Role":"Autor","RoleType":"author"}],"Manufacturer":{"DisplayValue":"Planeta","Label":"Manufacturer","Locale":"es_ES"}},"Title":{"DisplayValue":"Los pacientes del doctor García (MAXI)","Label":"Title","Locale":"es_ES"}},"Offers":{"Summaries":[{"Condition":{"Value":"New"},"LowestPrice":{"Amount":12.3,"Currency":"EUR","DisplayAmount":"12,30 €"}},{"Condition":{"Value":"Used"},"LowestPrice":{"Amount":7.95,"Currency":"EUR","DisplayAmount":"7,95 €"}}]}},{"ASIN":"8411124819","DetailPageURL":"https://www.amazon.es/dp/8411124819?tag=topinalambricos-21&linkCode=osi&th=1&psc=1","Images":{"Primary":{"Small":{"Height":75,"URL":"https://m.media-amazon.com/images/I/51IMbTEgKtL._SL75_.jpg","Width":53}}},"ItemInfo":{"ByLineInfo":{"Brand":{"DisplayValue":"Planeta Cómic","Label":"Brand","Locale":"es_ES"},"Contributors":[{"Locale":"es_ES","Name":"Grandes, Almudena","Role":"Autor","RoleType":"author"},{"Locale":"es_ES","Name":"Stassi, Claudio","Role":"Autor","RoleType":"author"}],"Manufacturer":{"DisplayValue":"Planeta Cómic","Label":"Manufacturer","Locale":"es_ES"}},"Title":{"DisplayValue":"Los pacientes del doctor García (novela gráfica): Basado en la novela de Almudena Grandes","Label":"Title","Locale":"es_ES"}},"Offers":{"Summaries":[{"Condition":{"Value":"Used"},"LowestPrice":{"Amount":19.81,"Currency":"EUR","DisplayAmount":"19,81 €"}},{"Condition":{"Value":"New"},"LowestPrice":{"Amount":23.75,"Currency":"EUR","DisplayAmount":"23,75 €"}}]}},{"ASIN":"8490664498","DetailPageURL":"https://www.amazon.es/dp/8490664498?tag=topinalambricos-21&linkCode=osi&th=1&psc=1","Images":{"Primary":{"Small":{"Height":75,"URL":"https://m.media-amazon.com/images/I/514aL8HMIWL._SL75_.jpg","Width":50}}},"ItemInfo":{"ByLineInfo":{"Contributors":[{"Locale":"es_ES","Name":"Grandes, Almudena","Role":"Autor","RoleType":"author"}],"Manufacturer":{"DisplayValue":"Tusquets.","Label":"Manufacturer","Locale":"es_ES"}},"Title":{"DisplayValue":"Los pacientes del doctor García: el fin de la esperanza y la red de evasión de criminales de guerra y jerarcas nazis dirigida por Clara Stauffer, Madrid-Buenos Aires, 1945-1955","Label":"Title","Locale":"es_ES"}},"Offers":{"Summaries":[{"Condition":{"Value":"Used"},"LowestPrice":{"Amount":14.45,"Currency":"EUR","DisplayAmount":"14,45 €"}}]}},{"ASIN":"8490664463","DetailPageURL":"https://www.amazon.es/dp/8490664463?tag=topinalambricos-21&linkCode=osi&th=1&psc=1","Images":{"Primary":{"Small":{"Height":75,"URL":"https://m.media-amazon.com/images/I/51l3IX6ssyL._SL75_.jpg","Width":49}}},"ItemInfo":{"ByLineInfo":{"Brand":{"DisplayValue":"Tusquets Editores S.A.","Label":"Brand","Locale":"es_ES"},"Contributors":[{"Locale":"es_ES","Name":"Grandes, Almudena","Role":"Autor","RoleType":"author"}],"Manufacturer":{"DisplayValue":"Tusquets Editores S.A.","Label":"Manufacturer","Locale":"es_ES"}},"Title":{"DisplayValue":"Los pacientes del doctor García: Episodios de una Guerra Interminable: 4 (Andanzas)","Label":"Title","Locale":"es_ES"}},"Offers":{"Summaries":[{"Condition":{"Value":"New"},"LowestPrice":{"Amount":26.0,"Currency":"EUR","DisplayAmount":"26,00 €"}},{"Condition":{"Value":"Used"},"LowestPrice":{"Amount":21.62,"Currency":"EUR","DisplayAmount":"21,62 €"}}]}},{"ASIN":"2709662531","DetailPageURL":"https://www.amazon.es/dp/2709662531?tag=topinalambricos-21&linkCode=osi&th=1&psc=1","Images":{"Primary":{"Small":{"Height":75,"URL":"https://m.media-amazon.com/images/I/41ZVAQfPOcL._SL75_.jpg","Width":48}}},"ItemInfo":{"ByLineInfo":{"Brand":{"DisplayValue":"LATTES","Label":"Brand","Locale":"es_ES"},"Contributors":[{"Locale":"es_ES","Name":"Grandes, Almudena","Role":"Autor","RoleType":"author"}],"Manufacturer":{"DisplayValue":"JC Lattès","Label":"Manufacturer","Locale":"es_ES"}},"Title":{"DisplayValue":"Les patients du docteur Garcia (Littérature étrangère)","Label":"Title","Locale":"es_ES"}},"Offers":{"Summaries":[{"Condition":{"Value":"Used"},"LowestPrice":{"Amount":9.11,"Currency":"EUR","DisplayAmount":"9,11 €"}},{"Condition":{"Value":"New"},"LowestPrice":{"Amount":24.5,"Currency":"EUR","DisplayAmount":"24,50 €"}}]}},{"ASIN":"B09ZJ313QS","DetailPageURL":"https://www.amazon.es/dp/B09ZJ313QS?tag=topinalambricos-21&linkCode=osi&th=1&psc=1","Images":{"Primary":{"Small":{"Height":75,"URL":"https://m.media-amazon.com/images/I/51d665e+xkL._SL75_.jpg","Width":49}}},"ItemInfo":{"ByLineInfo":{"Contributors":[{"Locale":"es_ES","Name":"Grandes, Almudena","Role":"Autor","RoleType":"author"}],"Manufacturer":{"DisplayValue":"Tusquets Editores S.A.","Label":"Manufacturer","Locale":"es_ES"}},"Title":{"DisplayValue":"Pack Episodios de una guerra interminable: Inés y la alegría, El lector de Julio Verne, Las tres bodas de Manolita, Los pacientes del doctor García, La madre de Frankenstein","Label":"Title","Locale":"es_ES"}},"Offers":{"Summaries":[{"Condition":{"Value":"New"},"LowestPrice":{"Amount":33.24,"Currency":"EUR","DisplayAmount":"33,24 €"}}]}},{"ASIN":"841107109X","DetailPageURL":"https://www.amazon.es/dp/841107109X?tag=topinalambricos-21&linkCode=osi&th=1&psc=1","Images":{"Primary":{"Small":{"Height":68,"URL":"https://m.media-amazon.com/images/I/41oxGZctc0L._SL75_.jpg","Width":75}}},"ItemInfo":{"ByLineInfo":{"Brand":{"DisplayValue":"Tusquets Editores S.A.","Label":"Brand","Locale":"es_ES"},"Contributors":[{"Locale":"es_ES","Name":"Grandes, Almudena","Role":"Autor","RoleType":"author"}],"Manufacturer":{"DisplayValue":"Tusquets Editores S.A.","Label":"Manufacturer","Locale":"es_ES"}},"Title":{"DisplayValue":"Estuche Episodios de una Guerra Interminable: Inés y la alegría, El lector de Julio Verne, Las tres bodas de Manolita, Los pacientes del doctor García, La madre de Frankenstein (Andanzas)","Label":"Title","Locale":"es_ES"}},"Offers":{"Summaries":[{"Condition":{"Value":"New"},"LowestPrice":{"Amount":107.01,"Currency":"EUR","DisplayAmount":"107,01 €"}}]}},{"ASIN":"9056726099","DetailPageURL":"https://www.amazon.es/dp/9056726099?tag=topinalambricos-21&linkCode=osi&th=1&psc=1","Images":{"Primary":{"Small":{"Height":75,"URL":"https://m.media-amazon.com/images/I/51bISkcjLRL._SL75_.jpg","Width":48}}},"ItemInfo":{"ByLineInfo":{"Brand":{"DisplayValue":"Signatuur","Label":"Brand","Locale":"es_ES"},"Contributors":[{"Locale":"es_ES","Name":"Grandes, Almudena","Role":"Autor","RoleType":"author"},{"Locale":"es_ES","Name":"Buursma, Mia","Role":"Traductor","RoleType":"translator"},{"Locale":"es_ES","Name":"Degenaar, Rikkie","Role":"Traductor","RoleType":"translator"}],"Manufacturer":{"DisplayValue":"Signatuur","Label":"Manufacturer","Locale":"es_ES"}},"Title":{"DisplayValue":"De patiënten van dokter García","Label":"Title","Locale":"es_ES"}},"Offers":{"Summaries":[{"Condition":{"Value":"New"},"LowestPrice":{"Amount":29.57,"Currency":"EUR","DisplayAmount":"29,57 €"}}]}},{"ASIN":"8408258613","DetailPageURL":"https://www.amazon.es/dp/8408258613?tag=topinalambricos-21&linkCode=osi&th=1&psc=1","Images":{"Primary":{"Small":{"Height":75,"URL":"https://m.media-amazon.com/images/I/41KF-Uf51fL._SL75_.jpg","Width":48}}},"ItemInfo":{"ByLineInfo":{"Brand":{"DisplayValue":"Booket","Label":"Brand","Locale":"es_ES"},"Contributors":[{"Locale":"es_ES","Name":"García Sáenz de Urturi, Eva","Role":"Autor","RoleType":"author"}],"Manufacturer":{"DisplayValue":"Booket","Label":"Manufacturer","Locale":"es_ES"}},"Title":{"DisplayValue":"Aquitania: Premio Planeta 2020 (Novela)","Label":"Title","Locale":"es_ES"}},"Offers":{"Summaries":[{"Condition":{"Value":"Used"},"LowestPrice":{"Amount":8.96,"Currency":"EUR","DisplayAmount":"8,96 €"}},{"Condition":{"Value":"New"},"LowestPrice":{"Amount":9.3,"Currency":"EUR","DisplayAmount":"9,30 €"}}]}},{"ASIN":"8418945702","DetailPageURL":"https://www.amazon.es/dp/8418945702?tag=topinalambricos-21&linkCode=osi&th=1&psc=1","Images":{"Primary":{"Small":{"Height":75,"URL":"https://m.media-amazon.com/images/I/51SeyYCt3sL._SL75_.jpg","Width":50}}},"ItemInfo":{"ByLineInfo":{"Contributors":[{"Locale":"es_ES","Name":"Hazelwood, Ali","Role":"Autor","RoleType":"author"},{"Locale":"es_ES","Name":"Gilabert Giménez, Nerea","Role":"Traductor","RoleType":"translator"}],"Manufacturer":{"DisplayValue":"Contraluz Editorial","Label":"Manufacturer","Locale":"es_ES"}},"Title":{"DisplayValue":"La teoría del amor (Contraluz) Español","Label":"Title","Locale":"es_ES"}},"Offers":{"Summaries":[{"Condition":{"Value":"New"},"LowestPrice":{"Amount":18.0,"Currency":"EUR","DisplayAmount":"18,00 €"}}]}}],"SearchURL":"https://www.amazon.es/s?k=los+pacientes+del+doctor+garc%C3%ADa&rh=n%3A599364031%2Cp_n_availability%3A-1&tag=topinalambricos-21&linkCode=osi","TotalResultCount":41}},"92":{"SearchResult":{"Items":[{"ASIN":"8490667799","DetailPageURL":"https://www.amazon.es/dp/8490667799?tag=topinalambricos-21&linkCode=osi&th=1&psc=1","Images":{"Primary":{"Small":{"Height":75,"URL":"https://m.media-amazon.com/images/I/41f3xK0VZCL._SL75_.jpg","Width":49}}},"ItemInfo":{"ByLineInfo":{"Brand":{"DisplayValue":"Maxi-Tusquets","Label":"Brand","Locale":"es_ES"},"Contributors":[{"Locale":"es_ES","Name":"Grandes, Almudena","Role":"Autor","RoleType":"author"}],"Manufacturer":{"DisplayValue":"Planeta","Label":"Manufacturer","Locale":"es_ES"}},"Title":{"DisplayValue":"Los pacientes del doctor García (MAXI)","Label":"Title","Locale":"es_ES"}},"Offers":{"Summaries":[{"Condition":{"Value":"New"},"LowestPrice":{"Amount":12.3,"Currency":"EUR","DisplayAmount":"12,30 €"}},{"Condition":{"Value":"Used"},"LowestPrice":{"Amount":7.95,"Currency":"EUR","DisplayAmount":"7,95 €"}}]}},{"ASIN":"8411124819","DetailPageURL":"https://www.amazon.es/dp/8411124819?tag=topinalambricos-21&linkCode=osi&th=1&psc=1","Images":{"Primary":{"Small":{"Height":75,"URL":"https://m.media-amazon.com/images/I/51IMbTEgKtL._SL75_.jpg","Width":53}}},"ItemInfo":{"ByLineInfo":{"Brand":{"DisplayValue":"Planeta Cómic","Label":"Brand","Locale":"es_ES"},"Contributors":[{"Locale":"es_ES","Name":"Grandes, Almudena","Role":"Autor","RoleType":"author"},{"Locale":"es_ES","Name":"Stassi, Claudio","Role":"Autor","RoleType":"author"}],"Manufacturer":{"DisplayValue":"Planeta Cómic","Label":"Manufacturer","Locale":"es_ES"}},"Title":{"DisplayValue":"Los pacientes del doctor García (novela gráfica): Basado en la novela de Almudena Grandes","Label":"Title","Locale":"es_ES"}},"Offers":{"Summaries":[{"Condition":{"Value":"Used"},"LowestPrice":{"Amount":19.81,"Currency":"EUR","DisplayAmount":"19,81 €"}},{"Condition":{"Value":"New"},"LowestPrice":{"Amount":23.75,"Currency":"EUR","DisplayAmount":"23,75 €"}}]}},{"ASIN":"8490664498","DetailPageURL":"https://www.amazon.es/dp/8490664498?tag=topinalambricos-21&linkCode=osi&th=1&psc=1","Images":{"Primary":{"Small":{"Height":75,"URL":"https://m.media-amazon.com/images/I/514aL8HMIWL._SL75_.jpg","Width":50}}},"ItemInfo":{"ByLineInfo":{"Contributors":[{"Locale":"es_ES","Name":"Grandes, Almudena","Role":"Autor","RoleType":"author"}],"Manufacturer":{"DisplayValue":"Tusquets.","Label":"Manufacturer","Locale":"es_ES"}},"Title":{"DisplayValue":"Los pacientes del doctor García: el fin de la esperanza y la red de evasión de criminales de guerra y jerarcas nazis dirigida por Clara Stauffer, Madrid-Buenos Aires, 1945-1955","Label":"Title","Locale":"es_ES"}},"Offers":{"Summaries":[{"Condition":{"Value":"Used"},"LowestPrice":{"Amount":14.45,"Currency":"EUR","DisplayAmount":"14,45 €"}}]}},{"ASIN":"8490664463","DetailPageURL":"https://www.amazon.es/dp/8490664463?tag=topinalambricos-21&linkCode=osi&th=1&psc=1","Images":{"Primary":{"Small":{"Height":75,"URL":"https://m.media-amazon.com/images/I/51l3IX6ssyL._SL75_.jpg","Width":49}}},"ItemInfo":{"ByLineInfo":{"Brand":{"DisplayValue":"Tusquets Editores S.A.","Label":"Brand","Locale":"es_ES"},"Contributors":[{"Locale":"es_ES","Name":"Grandes, Almudena","Role":"Autor","RoleType":"author"}],"Manufacturer":{"DisplayValue":"Tusquets Editores S.A.","Label":"Manufacturer","Locale":"es_ES"}},"Title":{"DisplayValue":"Los pacientes del doctor García: Episodios de una Guerra Interminable: 4 (Andanzas)","Label":"Title","Locale":"es_ES"}},"Offers":{"Summaries":[{"Condition":{"Value":"New"},"LowestPrice":{"Amount":26.0,"Currency":"EUR","DisplayAmount":"26,00 €"}},{"Condition":{"Value":"Used"},"LowestPrice":{"Amount":21.62,"Currency":"EUR","DisplayAmount":"21,62 €"}}]}},{"ASIN":"2709662531","DetailPageURL":"https://www.amazon.es/dp/2709662531?tag=topinalambricos-21&linkCode=osi&th=1&psc=1","Images":{"Primary":{"Small":{"Height":75,"URL":"https://m.media-amazon.com/images/I/41ZVAQfPOcL._SL75_.jpg","Width":48}}},"ItemInfo":{"ByLineInfo":{"Brand":{"DisplayValue":"LATTES","Label":"Brand","Locale":"es_ES"},"Contributors":[{"Locale":"es_ES","Name":"Grandes, Almudena","Role":"Autor","RoleType":"author"}],"Manufacturer":{"DisplayValue":"JC Lattès","Label":"Manufacturer","Locale":"es_ES"}},"Title":{"DisplayValue":"Les patients du docteur Garcia (Littérature étrangère)","Label":"Title","Locale":"es_ES"}},"Offers":{"Summaries":[{"Condition":{"Value":"Used"},"LowestPrice":{"Amount":9.11,"Currency":"EUR","DisplayAmount":"9,11 €"}},{"Condition":{"Value":"New"},"LowestPrice":{"Amount":24.5,"Currency":"EUR","DisplayAmount":"24,50 €"}}]}},{"ASIN":"B09ZJ313QS","DetailPageURL":"https://www.amazon.es/dp/B09ZJ313QS?tag=topinalambricos-21&linkCode=osi&th=1&psc=1","Images":{"Primary":{"Small":{"Height":75,"URL":"https://m.media-amazon.com/images/I/51d665e+xkL._SL75_.jpg","Width":49}}},"ItemInfo":{"ByLineInfo":{"Contributors":[{"Locale":"es_ES","Name":"Grandes, Almudena","Role":"Autor","RoleType":"author"}],"Manufacturer":{"DisplayValue":"Tusquets Editores S.A.","Label":"Manufacturer","Locale":"es_ES"}},"Title":{"DisplayValue":"Pack Episodios de una guerra interminable: Inés y la alegría, El lector de Julio Verne, Las tres bodas de Manolita, Los pacientes del doctor García, La madre de Frankenstein","Label":"Title","Locale":"es_ES"}},"Offers":{"Summaries":[{"Condition":{"Value":"New"},"LowestPrice":{"Amount":33.24,"Currency":"EUR","DisplayAmount":"33,24 €"}}]}},{"ASIN":"841107109X","DetailPageURL":"https://www.amazon.es/dp/841107109X?tag=topinalambricos-21&linkCode=osi&th=1&psc=1","Images":{"Primary":{"Small":{"Height":68,"URL":"https://m.media-amazon.com/images/I/41oxGZctc0L._SL75_.jpg","Width":75}}},"ItemInfo":{"ByLineInfo":{"Brand":{"DisplayValue":"Tusquets Editores S.A.","Label":"Brand","Locale":"es_ES"},"Contributors":[{"Locale":"es_ES","Name":"Grandes, Almudena","Role":"Autor","RoleType":"author"}],"Manufacturer":{"DisplayValue":"Tusquets Editores S.A.","Label":"Manufacturer","Locale":"es_ES"}},"Title":{"DisplayValue":"Estuche Episodios de una Guerra Interminable: Inés y la alegría, El lector de Julio Verne, Las tres bodas de Manolita, Los pacientes del doctor García, La madre de Frankenstein (Andanzas)","Label":"Title","Locale":"es_ES"}},"Offers":{"Summaries":[{"Condition":{"Value":"New"},"LowestPrice":{"Amount":107.01,"Currency":"EUR","DisplayAmount":"107,01 €"}}]}},{"ASIN":"9056726099","DetailPageURL":"https://www.amazon.es/dp/9056726099?tag=topinalambricos-21&linkCode=osi&th=1&psc=1","Images":{"Primary":{"Small":{"Height":75,"URL":"https://m.media-amazon.com/images/I/51bISkcjLRL._SL75_.jpg","Width":48}}},"ItemInfo":{"ByLineInfo":{"Brand":{"DisplayValue":"Signatuur","Label":"Brand","Locale":"es_ES"},"Contributors":[{"Locale":"es_ES","Name":"Grandes, Almudena","Role":"Autor","RoleType":"author"},{"Locale":"es_ES","Name":"Buursma, Mia","Role":"Traductor","RoleType":"translator"},{"Locale":"es_ES","Name":"Degenaar, Rikkie","Role":"Traductor","RoleType":"translator"}],"Manufacturer":{"DisplayValue":"Signatuur","Label":"Manufacturer","Locale":"es_ES"}},"Title":{"DisplayValue":"De patiënten van dokter García","Label":"Title","Locale":"es_ES"}},"Offers":{"Summaries":[{"Condition":{"Value":"New"},"LowestPrice":{"Amount":29.57,"Currency":"EUR","DisplayAmount":"29,57 €"}}]}},{"ASIN":"8408258613","DetailPageURL":"https://www.amazon.es/dp/8408258613?tag=topinalambricos-21&linkCode=osi&th=1&psc=1","Images":{"Primary":{"Small":{"Height":75,"URL":"https://m.media-amazon.com/images/I/41KF-Uf51fL._SL75_.jpg","Width":48}}},"ItemInfo":{"ByLineInfo":{"Brand":{"DisplayValue":"Booket","Label":"Brand","Locale":"es_ES"},"Contributors":[{"Locale":"es_ES","Name":"García Sáenz de Urturi, Eva","Role":"Autor","RoleType":"author"}],"Manufacturer":{"DisplayValue":"Booket","Label":"Manufacturer","Locale":"es_ES"}},"Title":{"DisplayValue":"Aquitania: Premio Planeta 2020 (Novela)","Label":"Title","Locale":"es_ES"}},"Offers":{"Summaries":[{"Condition":{"Value":"Used"},"LowestPrice":{"Amount":8.96,"Currency":"EUR","DisplayAmount":"8,96 €"}},{"Condition":{"Value":"New"},"LowestPrice":{"Amount":9.3,"Currency":"EUR","DisplayAmount":"9,30 €"}}]}},{"ASIN":"8418945702","DetailPageURL":"https://www.amazon.es/dp/8418945702?tag=topinalambricos-21&linkCode=osi&th=1&psc=1","Images":{"Primary":{"Small":{"Height":75,"URL":"https://m.media-amazon.com/images/I/51SeyYCt3sL._SL75_.jpg","Width":50}}},"ItemInfo":{"ByLineInfo":{"Contributors":[{"Locale":"es_ES","Name":"Hazelwood, Ali","Role":"Autor","RoleType":"author"},{"Locale":"es_ES","Name":"Gilabert Giménez, Nerea","Role":"Traductor","RoleType":"translator"}],"Manufacturer":{"DisplayValue":"Contraluz Editorial","Label":"Manufacturer","Locale":"es_ES"}},"Title":{"DisplayValue":"La teoría del amor (Contraluz) Español","Label":"Title","Locale":"es_ES"}},"Offers":{"Summaries":[{"Condition":{"Value":"New"},"LowestPrice":{"Amount":18.0,"Currency":"EUR","DisplayAmount":"18,00 €"}}]}}],"SearchURL":"https://www.amazon.es/s?k=los+pacientes+del+doctor+garc%C3%ADa&rh=n%3A599364031%2Cp_n_availability%3A-1&tag=topinalambricos-21&linkCode=osi","TotalResultCount":41}},"93":{"SearchResult":{"Items":[{"ASIN":"8490667799","DetailPageURL":"https://www.amazon.es/dp/8490667799?tag=topinalambricos-21&linkCode=osi&th=1&psc=1","Images":{"Primary":{"Small":{"Height":75,"URL":"https://m.media-amazon.com/images/I/41f3xK0VZCL._SL75_.jpg","Width":49}}},"ItemInfo":{"ByLineInfo":{"Brand":{"DisplayValue":"Maxi-Tusquets","Label":"Brand","Locale":"es_ES"},"Contributors":[{"Locale":"es_ES","Name":"Grandes, Almudena","Role":"Autor","RoleType":"author"}],"Manufacturer":{"DisplayValue":"Planeta","Label":"Manufacturer","Locale":"es_ES"}},"Title":{"DisplayValue":"Los pacientes del doctor García (MAXI)","Label":"Title","Locale":"es_ES"}},"Offers":{"Summaries":[{"Condition":{"Value":"New"},"LowestPrice":{"Amount":12.3,"Currency":"EUR","DisplayAmount":"12,30 €"}},{"Condition":{"Value":"Used"},"LowestPrice":{"Amount":7.95,"Currency":"EUR","DisplayAmount":"7,95 €"}}]}},{"ASIN":"8411124819","DetailPageURL":"https://www.amazon.es/dp/8411124819?tag=topinalambricos-21&linkCode=osi&th=1&psc=1","Images":{"Primary":{"Small":{"Height":75,"URL":"https://m.media-amazon.com/images/I/51IMbTEgKtL._SL75_.jpg","Width":53}}},"ItemInfo":{"ByLineInfo":{"Brand":{"DisplayValue":"Planeta Cómic","Label":"Brand","Locale":"es_ES"},"Contributors":[{"Locale":"es_ES","Name":"Grandes, Almudena","Role":"Autor","RoleType":"author"},{"Locale":"es_ES","Name":"Stassi, Claudio","Role":"Autor","RoleType":"author"}],"Manufacturer":{"DisplayValue":"Planeta Cómic","Label":"Manufacturer","Locale":"es_ES"}},"Title":{"DisplayValue":"Los pacientes del doctor García (novela gráfica): Basado en la novela de Almudena Grandes","Label":"Title","Locale":"es_ES"}},"Offers":{"Summaries":[{"Condition":{"Value":"Used"},"LowestPrice":{"Amount":19.81,"Currency":"EUR","DisplayAmount":"19,81 €"}},{"Condition":{"Value":"New"},"LowestPrice":{"Amount":23.75,"Currency":"EUR","DisplayAmount":"23,75 €"}}]}},{"ASIN":"8490664498","DetailPageURL":"https://www.amazon.es/dp/8490664498?tag=topinalambricos-21&linkCode=osi&th=1&psc=1","Images":{"Primary":{"Small":{"Height":75,"URL":"https://m.media-amazon.com/images/I/514aL8HMIWL._SL75_.jpg","Width":50}}},"ItemInfo":{"ByLineInfo":{"Contributors":[{"Locale":"es_ES","Name":"Grandes, Almudena","Role":"Autor","RoleType":"author"}],"Manufacturer":{"DisplayValue":"Tusquets.","Label":"Manufacturer","Locale":"es_ES"}},"Title":{"DisplayValue":"Los pacientes del doctor García: el fin de la esperanza y la red de evasión de criminales de guerra y jerarcas nazis dirigida por Clara Stauffer, Madrid-Buenos Aires, 1945-1955","Label":"Title","Locale":"es_ES"}},"Offers":{"Summaries":[{"Condition":{"Value":"Used"},"LowestPrice":{"Amount":14.45,"Currency":"EUR","DisplayAmount":"14,45 €"}}]}},{"ASIN":"8490664463","DetailPageURL":"https://www.amazon.es/dp/8490664463?tag=topinalambricos-21&linkCode=osi&th=1&psc=1","Images":{"Primary":{"Small":{"Height":75,"URL":"https://m.media-amazon.com/images/I/51l3IX6ssyL._SL75_.jpg","Width":49}}},"ItemInfo":{"ByLineInfo":{"Brand":{"DisplayValue":"Tusquets Editores S.A.","Label":"Brand","Locale":"es_ES"},"Contributors":[{"Locale":"es_ES","Name":"Grandes, Almudena","Role":"Autor","RoleType":"author"}],"Manufacturer":{"DisplayValue":"Tusquets Editores S.A.","Label":"Manufacturer","Locale":"es_ES"}},"Title":{"DisplayValue":"Los pacientes del doctor García: Episodios de una Guerra Interminable: 4 (Andanzas)","Label":"Title","Locale":"es_ES"}},"Offers":{"Summaries":[{"Condition":{"Value":"New"},"LowestPrice":{"Amount":26.0,"Currency":"EUR","DisplayAmount":"26,00 €"}},{"Condition":{"Value":"Used"},"LowestPrice":{"Amount":21.62,"Currency":"EUR","DisplayAmount":"21,62 €"}}]}},{"ASIN":"2709662531","DetailPageURL":"https://www.amazon.es/dp/2709662531?tag=topinalambricos-21&linkCode=osi&th=1&psc=1","Images":{"Primary":{"Small":{"Height":75,"URL":"https://m.media-amazon.com/images/I/41ZVAQfPOcL._SL75_.jpg","Width":48}}},"ItemInfo":{"ByLineInfo":{"Brand":{"DisplayValue":"LATTES","Label":"Brand","Locale":"es_ES"},"Contributors":[{"Locale":"es_ES","Name":"Grandes, Almudena","Role":"Autor","RoleType":"author"}],"Manufacturer":{"DisplayValue":"JC Lattès","Label":"Manufacturer","Locale":"es_ES"}},"Title":{"DisplayValue":"Les patients du docteur Garcia (Littérature étrangère)","Label":"Title","Locale":"es_ES"}},"Offers":{"Summaries":[{"Condition":{"Value":"Used"},"LowestPrice":{"Amount":9.11,"Currency":"EUR","DisplayAmount":"9,11 €"}},{"Condition":{"Value":"New"},"LowestPrice":{"Amount":24.5,"Currency":"EUR","DisplayAmount":"24,50 €"}}]}},{"ASIN":"B09ZJ313QS","DetailPageURL":"https://www.amazon.es/dp/B09ZJ313QS?tag=topinalambricos-21&linkCode=osi&th=1&psc=1","Images":{"Primary":{"Small":{"Height":75,"URL":"https://m.media-amazon.com/images/I/51d665e+xkL._SL75_.jpg","Width":49}}},"ItemInfo":{"ByLineInfo":{"Contributors":[{"Locale":"es_ES","Name":"Grandes, Almudena","Role":"Autor","RoleType":"author"}],"Manufacturer":{"DisplayValue":"Tusquets Editores S.A.","Label":"Manufacturer","Locale":"es_ES"}},"Title":{"DisplayValue":"Pack Episodios de una guerra interminable: Inés y la alegría, El lector de Julio Verne, Las tres bodas de Manolita, Los pacientes del doctor García, La madre de Frankenstein","Label":"Title","Locale":"es_ES"}},"Offers":{"Summaries":[{"Condition":{"Value":"New"},"LowestPrice":{"Amount":33.24,"Currency":"EUR","DisplayAmount":"33,24 €"}}]}},{"ASIN":"841107109X","DetailPageURL":"https://www.amazon.es/dp/841107109X?tag=topinalambricos-21&linkCode=osi&th=1&psc=1","Images":{"Primary":{"Small":{"Height":68,"URL":"https://m.media-amazon.com/images/I/41oxGZctc0L._SL75_.jpg","Width":75}}},"ItemInfo":{"ByLineInfo":{"Brand":{"DisplayValue":"Tusquets Editores S.A.","Label":"Brand","Locale":"es_ES"},"Contributors":[{"Locale":"es_ES","Name":"Grandes, Almudena","Role":"Autor","RoleType":"author"}],"Manufacturer":{"DisplayValue":"Tusquets Editores S.A.","Label":"Manufacturer","Locale":"es_ES"}},"Title":{"DisplayValue":"Estuche Episodios de una Guerra Interminable: Inés y la alegría, El lector de Julio Verne, Las tres bodas de Manolita, Los pacientes del doctor García, La madre de Frankenstein (Andanzas)","Label":"Title","Locale":"es_ES"}},"Offers":{"Summaries":[{"Condition":{"Value":"New"},"LowestPrice":{"Amount":107.01,"Currency":"EUR","DisplayAmount":"107,01 €"}}]}},{"ASIN":"9056726099","DetailPageURL":"https://www.amazon.es/dp/9056726099?tag=topinalambricos-21&linkCode=osi&th=1&psc=1","Images":{"Primary":{"Small":{"Height":75,"URL":"https://m.media-amazon.com/images/I/51bISkcjLRL._SL75_.jpg","Width":48}}},"ItemInfo":{"ByLineInfo":{"Brand":{"DisplayValue":"Signatuur","Label":"Brand","Locale":"es_ES"},"Contributors":[{"Locale":"es_ES","Name":"Grandes, Almudena","Role":"Autor","RoleType":"author"},{"Locale":"es_ES","Name":"Buursma, Mia","Role":"Traductor","RoleType":"translator"},{"Locale":"es_ES","Name":"Degenaar, Rikkie","Role":"Traductor","RoleType":"translator"}],"Manufacturer":{"DisplayValue":"Signatuur","Label":"Manufacturer","Locale":"es_ES"}},"Title":{"DisplayValue":"De patiënten van dokter García","Label":"Title","Locale":"es_ES"}},"Offers":{"Summaries":[{"Condition":{"Value":"New"},"LowestPrice":{"Amount":29.57,"Currency":"EUR","DisplayAmount":"29,57 €"}}]}},{"ASIN":"8408258613","DetailPageURL":"https://www.amazon.es/dp/8408258613?tag=topinalambricos-21&linkCode=osi&th=1&psc=1","Images":{"Primary":{"Small":{"Height":75,"URL":"https://m.media-amazon.com/images/I/41KF-Uf51fL._SL75_.jpg","Width":48}}},"ItemInfo":{"ByLineInfo":{"Brand":{"DisplayValue":"Booket","Label":"Brand","Locale":"es_ES"},"Contributors":[{"Locale":"es_ES","Name":"García Sáenz de Urturi, Eva","Role":"Autor","RoleType":"author"}],"Manufacturer":{"DisplayValue":"Booket","Label":"Manufacturer","Locale":"es_ES"}},"Title":{"DisplayValue":"Aquitania: Premio Planeta 2020 (Novela)","Label":"Title","Locale":"es_ES"}},"Offers":{"Summaries":[{"Condition":{"Value":"Used"},"LowestPrice":{"Amount":8.96,"Currency":"EUR","DisplayAmount":"8,96 €"}},{"Condition":{"Value":"New"},"LowestPrice":{"Amount":9.3,"Currency":"EUR","DisplayAmount":"9,30 €"}}]}},{"ASIN":"8418945702","DetailPageURL":"https://www.amazon.es/dp/8418945702?tag=topinalambricos-21&linkCode=osi&th=1&psc=1","Images":{"Primary":{"Small":{"Height":75,"URL":"https://m.media-amazon.com/images/I/51SeyYCt3sL._SL75_.jpg","Width":50}}},"ItemInfo":{"ByLineInfo":{"Contributors":[{"Locale":"es_ES","Name":"Hazelwood, Ali","Role":"Autor","RoleType":"author"},{"Locale":"es_ES","Name":"Gilabert Giménez, Nerea","Role":"Traductor","RoleType":"translator"}],"Manufacturer":{"DisplayValue":"Contraluz Editorial","Label":"Manufacturer","Locale":"es_ES"}},"Title":{"DisplayValue":"La teoría del amor (Contraluz) Español","Label":"Title","Locale":"es_ES"}},"Offers":{"Summaries":[{"Condition":{"Value":"New"},"LowestPrice":{"Amount":18.0,"Currency":"EUR","DisplayAmount":"18,00 €"}}]}}],"SearchURL":"https://www.amazon.es/s?k=los+pacientes+del+doctor+garc%C3%ADa&rh=n%3A599364031%2Cp_n_availability%3A-1&tag=topinalambricos-21&linkCode=osi","TotalResultCount":41}},"94":{"SearchResult":{"Items":[{"ASIN":"8490667799","DetailPageURL":"https://www.amazon.es/dp/8490667799?tag=topinalambricos-21&linkCode=osi&th=1&psc=1","Images":{"Primary":{"Small":{"Height":75,"URL":"https://m.media-amazon.com/images/I/41f3xK0VZCL._SL75_.jpg","Width":49}}},"ItemInfo":{"ByLineInfo":{"Brand":{"DisplayValue":"Maxi-Tusquets","Label":"Brand","Locale":"es_ES"},"Contributors":[{"Locale":"es_ES","Name":"Grandes, Almudena","Role":"Autor","RoleType":"author"}],"Manufacturer":{"DisplayValue":"Planeta","Label":"Manufacturer","Locale":"es_ES"}},"Title":{"DisplayValue":"Los pacientes del doctor García (MAXI)","Label":"Title","Locale":"es_ES"}},"Offers":{"Summaries":[{"Condition":{"Value":"New"},"LowestPrice":{"Amount":12.3,"Currency":"EUR","DisplayAmount":"12,30 €"}},{"Condition":{"Value":"Used"},"LowestPrice":{"Amount":7.95,"Currency":"EUR","DisplayAmount":"7,95 €"}}]}},{"ASIN":"8411124819","DetailPageURL":"https://www.amazon.es/dp/8411124819?tag=topinalambricos-21&linkCode=osi&th=1&psc=1","Images":{"Primary":{"Small":{"Height":75,"URL":"https://m.media-amazon.com/images/I/51IMbTEgKtL._SL75_.jpg","Width":53}}},"ItemInfo":{"ByLineInfo":{"Brand":{"DisplayValue":"Planeta Cómic","Label":"Brand","Locale":"es_ES"},"Contributors":[{"Locale":"es_ES","Name":"Grandes, Almudena","Role":"Autor","RoleType":"author"},{"Locale":"es_ES","Name":"Stassi, Claudio","Role":"Autor","RoleType":"author"}],"Manufacturer":{"DisplayValue":"Planeta Cómic","Label":"Manufacturer","Locale":"es_ES"}},"Title":{"DisplayValue":"Los pacientes del doctor García (novela gráfica): Basado en la novela de Almudena Grandes","Label":"Title","Locale":"es_ES"}},"Offers":{"Summaries":[{"Condition":{"Value":"Used"},"LowestPrice":{"Amount":19.81,"Currency":"EUR","DisplayAmount":"19,81 €"}},{"Condition":{"Value":"New"},"LowestPrice":{"Amount":23.75,"Currency":"EUR","DisplayAmount":"23,75 €"}}]}},{"ASIN":"8490664498","DetailPageURL":"https://www.amazon.es/dp/8490664498?tag=topinalambricos-21&linkCode=osi&th=1&psc=1","Images":{"Primary":{"Small":{"Height":75,"URL":"https://m.media-amazon.com/images/I/514aL8HMIWL._SL75_.jpg","Width":50}}},"ItemInfo":{"ByLineInfo":{"Contributors":[{"Locale":"es_ES","Name":"Grandes, Almudena","Role":"Autor","RoleType":"author"}],"Manufacturer":{"DisplayValue":"Tusquets.","Label":"Manufacturer","Locale":"es_ES"}},"Title":{"DisplayValue":"Los pacientes del doctor García: el fin de la esperanza y la red de evasión de criminales de guerra y jerarcas nazis dirigida por Clara Stauffer, Madrid-Buenos Aires, 1945-1955","Label":"Title","Locale":"es_ES"}},"Offers":{"Summaries":[{"Condition":{"Value":"Used"},"LowestPrice":{"Amount":14.45,"Currency":"EUR","DisplayAmount":"14,45 €"}}]}},{"ASIN":"8490664463","DetailPageURL":"https://www.amazon.es/dp/8490664463?tag=topinalambricos-21&linkCode=osi&th=1&psc=1","Images":{"Primary":{"Small":{"Height":75,"URL":"https://m.media-amazon.com/images/I/51l3IX6ssyL._SL75_.jpg","Width":49}}},"ItemInfo":{"ByLineInfo":{"Brand":{"DisplayValue":"Tusquets Editores S.A.","Label":"Brand","Locale":"es_ES"},"Contributors":[{"Locale":"es_ES","Name":"Grandes, Almudena","Role":"Autor","RoleType":"author"}],"Manufacturer":{"DisplayValue":"Tusquets Editores S.A.","Label":"Manufacturer","Locale":"es_ES"}},"Title":{"DisplayValue":"Los pacientes del doctor García: Episodios de una Guerra Interminable: 4 (Andanzas)","Label":"Title","Locale":"es_ES"}},"Offers":{"Summaries":[{"Condition":{"Value":"New"},"LowestPrice":{"Amount":26.0,"Currency":"EUR","DisplayAmount":"26,00 €"}},{"Condition":{"Value":"Used"},"LowestPrice":{"Amount":21.62,"Currency":"EUR","DisplayAmount":"21,62 €"}}]}},{"ASIN":"2709662531","DetailPageURL":"https://www.amazon.es/dp/2709662531?tag=topinalambricos-21&linkCode=osi&th=1&psc=1","Images":{"Primary":{"Small":{"Height":75,"URL":"https://m.media-amazon.com/images/I/41ZVAQfPOcL._SL75_.jpg","Width":48}}},"ItemInfo":{"ByLineInfo":{"Brand":{"DisplayValue":"LATTES","Label":"Brand","Locale":"es_ES"},"Contributors":[{"Locale":"es_ES","Name":"Grandes, Almudena","Role":"Autor","RoleType":"author"}],"Manufacturer":{"DisplayValue":"JC Lattès","Label":"Manufacturer","Locale":"es_ES"}},"Title":{"DisplayValue":"Les patients du docteur Garcia (Littérature étrangère)","Label":"Title","Locale":"es_ES"}},"Offers":{"Summaries":[{"Condition":{"Value":"Used"},"LowestPrice":{"Amount":9.11,"Currency":"EUR","DisplayAmount":"9,11 €"}},{"Condition":{"Value":"New"},"LowestPrice":{"Amount":24.5,"Currency":"EUR","DisplayAmount":"24,50 €"}}]}},{"ASIN":"B09ZJ313QS","DetailPageURL":"https://www.amazon.es/dp/B09ZJ313QS?tag=topinalambricos-21&linkCode=osi&th=1&psc=1","Images":{"Primary":{"Small":{"Height":75,"URL":"https://m.media-amazon.com/images/I/51d665e+xkL._SL75_.jpg","Width":49}}},"ItemInfo":{"ByLineInfo":{"Contributors":[{"Locale":"es_ES","Name":"Grandes, Almudena","Role":"Autor","RoleType":"author"}],"Manufacturer":{"DisplayValue":"Tusquets Editores S.A.","Label":"Manufacturer","Locale":"es_ES"}},"Title":{"DisplayValue":"Pack Episodios de una guerra interminable: Inés y la alegría, El lector de Julio Verne, Las tres bodas de Manolita, Los pacientes del doctor García, La madre de Frankenstein","Label":"Title","Locale":"es_ES"}},"Offers":{"Summaries":[{"Condition":{"Value":"New"},"LowestPrice":{"Amount":33.24,"Currency":"EUR","DisplayAmount":"33,24 €"}}]}},{"ASIN":"841107109X","DetailPageURL":"https://www.amazon.es/dp/841107109X?tag=topinalambricos-21&linkCode=osi&th=1&psc=1","Images":{"Primary":{"Small":{"Height":68,"URL":"https://m.media-amazon.com/images/I/41oxGZctc0L._SL75_.jpg","Width":75}}},"ItemInfo":{"ByLineInfo":{"Brand":{"DisplayValue":"Tusquets Editores S.A.","Label":"Brand","Locale":"es_ES"},"Contributors":[{"Locale":"es_ES","Name":"Grandes, Almudena","Role":"Autor","RoleType":"author"}],"Manufacturer":{"DisplayValue":"Tusquets Editores S.A.","Label":"Manufacturer","Locale":"es_ES"}},"Title":{"DisplayValue":"Estuche Episodios de una Guerra Interminable: Inés y la alegría, El lector de Julio Verne, Las tres bodas de Manolita, Los pacientes del doctor García, La madre de Frankenstein (Andanzas)","Label":"Title","Locale":"es_ES"}},"Offers":{"Summaries":[{"Condition":{"Value":"New"},"LowestPrice":{"Amount":107.01,"Currency":"EUR","DisplayAmount":"107,01 €"}}]}},{"ASIN":"9056726099","DetailPageURL":"https://www.amazon.es/dp/9056726099?tag=topinalambricos-21&linkCode=osi&th=1&psc=1","Images":{"Primary":{"Small":{"Height":75,"URL":"https://m.media-amazon.com/images/I/51bISkcjLRL._SL75_.jpg","Width":48}}},"ItemInfo":{"ByLineInfo":{"Brand":{"DisplayValue":"Signatuur","Label":"Brand","Locale":"es_ES"},"Contributors":[{"Locale":"es_ES","Name":"Grandes, Almudena","Role":"Autor","RoleType":"author"},{"Locale":"es_ES","Name":"Buursma, Mia","Role":"Traductor","RoleType":"translator"},{"Locale":"es_ES","Name":"Degenaar, Rikkie","Role":"Traductor","RoleType":"translator"}],"Manufacturer":{"DisplayValue":"Signatuur","Label":"Manufacturer","Locale":"es_ES"}},"Title":{"DisplayValue":"De patiënten van dokter García","Label":"Title","Locale":"es_ES"}},"Offers":{"Summaries":[{"Condition":{"Value":"New"},"LowestPrice":{"Amount":29.57,"Currency":"EUR","DisplayAmount":"29,57 €"}}]}},{"ASIN":"8408258613","DetailPageURL":"https://www.amazon.es/dp/8408258613?tag=topinalambricos-21&linkCode=osi&th=1&psc=1","Images":{"Primary":{"Small":{"Height":75,"URL":"https://m.media-amazon.com/images/I/41KF-Uf51fL._SL75_.jpg","Width":48}}},"ItemInfo":{"ByLineInfo":{"Brand":{"DisplayValue":"Booket","Label":"Brand","Locale":"es_ES"},"Contributors":[{"Locale":"es_ES","Name":"García Sáenz de Urturi, Eva","Role":"Autor","RoleType":"author"}],"Manufacturer":{"DisplayValue":"Booket","Label":"Manufacturer","Locale":"es_ES"}},"Title":{"DisplayValue":"Aquitania: Premio Planeta 2020 (Novela)","Label":"Title","Locale":"es_ES"}},"Offers":{"Summaries":[{"Condition":{"Value":"Used"},"LowestPrice":{"Amount":8.96,"Currency":"EUR","DisplayAmount":"8,96 €"}},{"Condition":{"Value":"New"},"LowestPrice":{"Amount":9.3,"Currency":"EUR","DisplayAmount":"9,30 €"}}]}},{"ASIN":"8418945702","DetailPageURL":"https://www.amazon.es/dp/8418945702?tag=topinalambricos-21&linkCode=osi&th=1&psc=1","Images":{"Primary":{"Small":{"Height":75,"URL":"https://m.media-amazon.com/images/I/51SeyYCt3sL._SL75_.jpg","Width":50}}},"ItemInfo":{"ByLineInfo":{"Contributors":[{"Locale":"es_ES","Name":"Hazelwood, Ali","Role":"Autor","RoleType":"author"},{"Locale":"es_ES","Name":"Gilabert Giménez, Nerea","Role":"Traductor","RoleType":"translator"}],"Manufacturer":{"DisplayValue":"Contraluz Editorial","Label":"Manufacturer","Locale":"es_ES"}},"Title":{"DisplayValue":"La teoría del amor (Contraluz) Español","Label":"Title","Locale":"es_ES"}},"Offers":{"Summaries":[{"Condition":{"Value":"New"},"LowestPrice":{"Amount":18.0,"Currency":"EUR","DisplayAmount":"18,00 €"}}]}}],"SearchURL":"https://www.amazon.es/s?k=los+pacientes+del+doctor+garc%C3%ADa&rh=n%3A599364031%2Cp_n_availability%3A-1&tag=topinalambricos-21&linkCode=osi","TotalResultCount":41}},"95":{"SearchResult":{"Items":[{"ASIN":"8490667799","DetailPageURL":"https://www.amazon.es/dp/8490667799?tag=topinalambricos-21&linkCode=osi&th=1&psc=1","Images":{"Primary":{"Small":{"Height":75,"URL":"https://m.media-amazon.com/images/I/41f3xK0VZCL._SL75_.jpg","Width":49}}},"ItemInfo":{"ByLineInfo":{"Brand":{"DisplayValue":"Maxi-Tusquets","Label":"Brand","Locale":"es_ES"},"Contributors":[{"Locale":"es_ES","Name":"Grandes, Almudena","Role":"Autor","RoleType":"author"}],"Manufacturer":{"DisplayValue":"Planeta","Label":"Manufacturer","Locale":"es_ES"}},"Title":{"DisplayValue":"Los pacientes del doctor García (MAXI)","Label":"Title","Locale":"es_ES"}},"Offers":{"Summaries":[{"Condition":{"Value":"New"},"LowestPrice":{"Amount":12.3,"Currency":"EUR","DisplayAmount":"12,30 €"}},{"Condition":{"Value":"Used"},"LowestPrice":{"Amount":7.95,"Currency":"EUR","DisplayAmount":"7,95 €"}}]}},{"ASIN":"8411124819","DetailPageURL":"https://www.amazon.es/dp/8411124819?tag=topinalambricos-21&linkCode=osi&th=1&psc=1","Images":{"Primary":{"Small":{"Height":75,"URL":"https://m.media-amazon.com/images/I/51IMbTEgKtL._SL75_.jpg","Width":53}}},"ItemInfo":{"ByLineInfo":{"Brand":{"DisplayValue":"Planeta Cómic","Label":"Brand","Locale":"es_ES"},"Contributors":[{"Locale":"es_ES","Name":"Grandes, Almudena","Role":"Autor","RoleType":"author"},{"Locale":"es_ES","Name":"Stassi, Claudio","Role":"Autor","RoleType":"author"}],"Manufacturer":{"DisplayValue":"Planeta Cómic","Label":"Manufacturer","Locale":"es_ES"}},"Title":{"DisplayValue":"Los pacientes del doctor García (novela gráfica): Basado en la novela de Almudena Grandes","Label":"Title","Locale":"es_ES"}},"Offers":{"Summaries":[{"Condition":{"Value":"Used"},"LowestPrice":{"Amount":19.81,"Currency":"EUR","DisplayAmount":"19,81 €"}},{"Condition":{"Value":"New"},"LowestPrice":{"Amount":23.75,"Currency":"EUR","DisplayAmount":"23,75 €"}}]}},{"ASIN":"8490664498","DetailPageURL":"https://www.amazon.es/dp/8490664498?tag=topinalambricos-21&linkCode=osi&th=1&psc=1","Images":{"Primary":{"Small":{"Height":75,"URL":"https://m.media-amazon.com/images/I/514aL8HMIWL._SL75_.jpg","Width":50}}},"ItemInfo":{"ByLineInfo":{"Contributors":[{"Locale":"es_ES","Name":"Grandes, Almudena","Role":"Autor","RoleType":"author"}],"Manufacturer":{"DisplayValue":"Tusquets.","Label":"Manufacturer","Locale":"es_ES"}},"Title":{"DisplayValue":"Los pacientes del doctor García: el fin de la esperanza y la red de evasión de criminales de guerra y jerarcas nazis dirigida por Clara Stauffer, Madrid-Buenos Aires, 1945-1955","Label":"Title","Locale":"es_ES"}},"Offers":{"Summaries":[{"Condition":{"Value":"Used"},"LowestPrice":{"Amount":14.45,"Currency":"EUR","DisplayAmount":"14,45 €"}}]}},{"ASIN":"8490664463","DetailPageURL":"https://www.amazon.es/dp/8490664463?tag=topinalambricos-21&linkCode=osi&th=1&psc=1","Images":{"Primary":{"Small":{"Height":75,"URL":"https://m.media-amazon.com/images/I/51l3IX6ssyL._SL75_.jpg","Width":49}}},"ItemInfo":{"ByLineInfo":{"Brand":{"DisplayValue":"Tusquets Editores S.A.","Label":"Brand","Locale":"es_ES"},"Contributors":[{"Locale":"es_ES","Name":"Grandes, Almudena","Role":"Autor","RoleType":"author"}],"Manufacturer":{"DisplayValue":"Tusquets Editores S.A.","Label":"Manufacturer","Locale":"es_ES"}},"Title":{"DisplayValue":"Los pacientes del doctor García: Episodios de una Guerra Interminable: 4 (Andanzas)","Label":"Title","Locale":"es_ES"}},"Offers":{"Summaries":[{"Condition":{"Value":"New"},"LowestPrice":{"Amount":26.0,"Currency":"EUR","DisplayAmount":"26,00 €"}},{"Condition":{"Value":"Used"},"LowestPrice":{"Amount":21.62,"Currency":"EUR","DisplayAmount":"21,62 €"}}]}},{"ASIN":"2709662531","DetailPageURL":"https://www.amazon.es/dp/2709662531?tag=topinalambricos-21&linkCode=osi&th=1&psc=1","Images":{"Primary":{"Small":{"Height":75,"URL":"https://m.media-amazon.com/images/I/41ZVAQfPOcL._SL75_.jpg","Width":48}}},"ItemInfo":{"ByLineInfo":{"Brand":{"DisplayValue":"LATTES","Label":"Brand","Locale":"es_ES"},"Contributors":[{"Locale":"es_ES","Name":"Grandes, Almudena","Role":"Autor","RoleType":"author"}],"Manufacturer":{"DisplayValue":"JC Lattès","Label":"Manufacturer","Locale":"es_ES"}},"Title":{"DisplayValue":"Les patients du docteur Garcia (Littérature étrangère)","Label":"Title","Locale":"es_ES"}},"Offers":{"Summaries":[{"Condition":{"Value":"Used"},"LowestPrice":{"Amount":9.11,"Currency":"EUR","DisplayAmount":"9,11 €"}},{"Condition":{"Value":"New"},"LowestPrice":{"Amount":24.5,"Currency":"EUR","DisplayAmount":"24,50 €"}}]}},{"ASIN":"B09ZJ313QS","DetailPageURL":"https://www.amazon.es/dp/B09ZJ313QS?tag=topinalambricos-21&linkCode=osi&th=1&psc=1","Images":{"Primary":{"Small":{"Height":75,"URL":"https://m.media-amazon.com/images/I/51d665e+xkL._SL75_.jpg","Width":49}}},"ItemInfo":{"ByLineInfo":{"Contributors":[{"Locale":"es_ES","Name":"Grandes, Almudena","Role":"Autor","RoleType":"author"}],"Manufacturer":{"DisplayValue":"Tusquets Editores S.A.","Label":"Manufacturer","Locale":"es_ES"}},"Title":{"DisplayValue":"Pack Episodios de una guerra interminable: Inés y la alegría, El lector de Julio Verne, Las tres bodas de Manolita, Los pacientes del doctor García, La madre de Frankenstein","Label":"Title","Locale":"es_ES"}},"Offers":{"Summaries":[{"Condition":{"Value":"New"},"LowestPrice":{"Amount":33.24,"Currency":"EUR","DisplayAmount":"33,24 €"}}]}},{"ASIN":"841107109X","DetailPageURL":"https://www.amazon.es/dp/841107109X?tag=topinalambricos-21&linkCode=osi&th=1&psc=1","Images":{"Primary":{"Small":{"Height":68,"URL":"https://m.media-amazon.com/images/I/41oxGZctc0L._SL75_.jpg","Width":75}}},"ItemInfo":{"ByLineInfo":{"Brand":{"DisplayValue":"Tusquets Editores S.A.","Label":"Brand","Locale":"es_ES"},"Contributors":[{"Locale":"es_ES","Name":"Grandes, Almudena","Role":"Autor","RoleType":"author"}],"Manufacturer":{"DisplayValue":"Tusquets Editores S.A.","Label":"Manufacturer","Locale":"es_ES"}},"Title":{"DisplayValue":"Estuche Episodios de una Guerra Interminable: Inés y la alegría, El lector de Julio Verne, Las tres bodas de Manolita, Los pacientes del doctor García, La madre de Frankenstein (Andanzas)","Label":"Title","Locale":"es_ES"}},"Offers":{"Summaries":[{"Condition":{"Value":"New"},"LowestPrice":{"Amount":107.01,"Currency":"EUR","DisplayAmount":"107,01 €"}}]}},{"ASIN":"9056726099","DetailPageURL":"https://www.amazon.es/dp/9056726099?tag=topinalambricos-21&linkCode=osi&th=1&psc=1","Images":{"Primary":{"Small":{"Height":75,"URL":"https://m.media-amazon.com/images/I/51bISkcjLRL._SL75_.jpg","Width":48}}},"ItemInfo":{"ByLineInfo":{"Brand":{"DisplayValue":"Signatuur","Label":"Brand","Locale":"es_ES"},"Contributors":[{"Locale":"es_ES","Name":"Grandes, Almudena","Role":"Autor","RoleType":"author"},{"Locale":"es_ES","Name":"Buursma, Mia","Role":"Traductor","RoleType":"translator"},{"Locale":"es_ES","Name":"Degenaar, Rikkie","Role":"Traductor","RoleType":"translator"}],"Manufacturer":{"DisplayValue":"Signatuur","Label":"Manufacturer","Locale":"es_ES"}},"Title":{"DisplayValue":"De patiënten van dokter García","Label":"Title","Locale":"es_ES"}},"Offers":{"Summaries":[{"Condition":{"Value":"New"},"LowestPrice":{"Amount":29.57,"Currency":"EUR","DisplayAmount":"29,57 €"}}]}},{"ASIN":"8408258613","DetailPageURL":"https://www.amazon.es/dp/8408258613?tag=topinalambricos-21&linkCode=osi&th=1&psc=1","Images":{"Primary":{"Small":{"Height":75,"URL":"https://m.media-amazon.com/images/I/41KF-Uf51fL._SL75_.jpg","Width":48}}},"ItemInfo":{"ByLineInfo":{"Brand":{"DisplayValue":"Booket","Label":"Brand","Locale":"es_ES"},"Contributors":[{"Locale":"es_ES","Name":"García Sáenz de Urturi, Eva","Role":"Autor","RoleType":"author"}],"Manufacturer":{"DisplayValue":"Booket","Label":"Manufacturer","Locale":"es_ES"}},"Title":{"DisplayValue":"Aquitania: Premio Planeta 2020 (Novela)","Label":"Title","Locale":"es_ES"}},"Offers":{"Summaries":[{"Condition":{"Value":"Used"},"LowestPrice":{"Amount":8.96,"Currency":"EUR","DisplayAmount":"8,96 €"}},{"Condition":{"Value":"New"},"LowestPrice":{"Amount":9.3,"Currency":"EUR","DisplayAmount":"9,30 €"}}]}},{"ASIN":"8418945702","DetailPageURL":"https://www.amazon.es/dp/8418945702?tag=topinalambricos-21&linkCode=osi&th=1&psc=1","Images":{"Primary":{"Small":{"Height":75,"URL":"https://m.media-amazon.com/images/I/51SeyYCt3sL._SL75_.jpg","Width":50}}},"ItemInfo":{"ByLineInfo":{"Contributors":[{"Locale":"es_ES","Name":"Hazelwood, Ali","Role":"Autor","RoleType":"author"},{"Locale":"es_ES","Name":"Gilabert Giménez, Nerea","Role":"Traductor","RoleType":"translator"}],"Manufacturer":{"DisplayValue":"Contraluz Editorial","Label":"Manufacturer","Locale":"es_ES"}},"Title":{"DisplayValue":"La teoría del amor (Contraluz) Español","Label":"Title","Locale":"es_ES"}},"Offers":{"Summaries":[{"Condition":{"Value":"New"},"LowestPrice":{"Amount":18.0,"Currency":"EUR","DisplayAmount":"18,00 €"}}]}}],"SearchURL":"https://www.amazon.es/s?k=los+pacientes+del+doctor+garc%C3%ADa&rh=n%3A599364031%2Cp_n_availability%3A-1&tag=topinalambricos-21&linkCode=osi","TotalResultCount":41}},"96":{"SearchResult":{"Items":[{"ASIN":"8490667799","DetailPageURL":"https://www.amazon.es/dp/8490667799?tag=topinalambricos-21&linkCode=osi&th=1&psc=1","Images":{"Primary":{"Small":{"Height":75,"URL":"https://m.media-amazon.com/images/I/41f3xK0VZCL._SL75_.jpg","Width":49}}},"ItemInfo":{"ByLineInfo":{"Brand":{"DisplayValue":"Maxi-Tusquets","Label":"Brand","Locale":"es_ES"},"Contributors":[{"Locale":"es_ES","Name":"Grandes, Almudena","Role":"Autor","RoleType":"author"}],"Manufacturer":{"DisplayValue":"Planeta","Label":"Manufacturer","Locale":"es_ES"}},"Title":{"DisplayValue":"Los pacientes del doctor García (MAXI)","Label":"Title","Locale":"es_ES"}},"Offers":{"Summaries":[{"Condition":{"Value":"New"},"LowestPrice":{"Amount":12.3,"Currency":"EUR","DisplayAmount":"12,30 €"}},{"Condition":{"Value":"Used"},"LowestPrice":{"Amount":7.95,"Currency":"EUR","DisplayAmount":"7,95 €"}}]}},{"ASIN":"8411124819","DetailPageURL":"https://www.amazon.es/dp/8411124819?tag=topinalambricos-21&linkCode=osi&th=1&psc=1","Images":{"Primary":{"Small":{"Height":75,"URL":"https://m.media-amazon.com/images/I/51IMbTEgKtL._SL75_.jpg","Width":53}}},"ItemInfo":{"ByLineInfo":{"Brand":{"DisplayValue":"Planeta Cómic","Label":"Brand","Locale":"es_ES"},"Contributors":[{"Locale":"es_ES","Name":"Grandes, Almudena","Role":"Autor","RoleType":"author"},{"Locale":"es_ES","Name":"Stassi, Claudio","Role":"Autor","RoleType":"author"}],"Manufacturer":{"DisplayValue":"Planeta Cómic","Label":"Manufacturer","Locale":"es_ES"}},"Title":{"DisplayValue":"Los pacientes del doctor García (novela gráfica): Basado en la novela de Almudena Grandes","Label":"Title","Locale":"es_ES"}},"Offers":{"Summaries":[{"Condition":{"Value":"Used"},"LowestPrice":{"Amount":19.81,"Currency":"EUR","DisplayAmount":"19,81 €"}},{"Condition":{"Value":"New"},"LowestPrice":{"Amount":23.75,"Currency":"EUR","DisplayAmount":"23,75 €"}}]}},{"ASIN":"8490664498","DetailPageURL":"https://www.amazon.es/dp/8490664498?tag=topinalambricos-21&linkCode=osi&th=1&psc=1","Images":{"Primary":{"Small":{"Height":75,"URL":"https://m.media-amazon.com/images/I/514aL8HMIWL._SL75_.jpg","Width":50}}},"ItemInfo":{"ByLineInfo":{"Contributors":[{"Locale":"es_ES","Name":"Grandes, Almudena","Role":"Autor","RoleType":"author"}],"Manufacturer":{"DisplayValue":"Tusquets.","Label":"Manufacturer","Locale":"es_ES"}},"Title":{"DisplayValue":"Los pacientes del doctor García: el fin de la esperanza y la red de evasión de criminales de guerra y jerarcas nazis dirigida por Clara Stauffer, Madrid-Buenos Aires, 1945-1955","Label":"Title","Locale":"es_ES"}},"Offers":{"Summaries":[{"Condition":{"Value":"Used"},"LowestPrice":{"Amount":14.45,"Currency":"EUR","DisplayAmount":"14,45 €"}}]}},{"ASIN":"8490664463","DetailPageURL":"https://www.amazon.es/dp/8490664463?tag=topinalambricos-21&linkCode=osi&th=1&psc=1","Images":{"Primary":{"Small":{"Height":75,"URL":"https://m.media-amazon.com/images/I/51l3IX6ssyL._SL75_.jpg","Width":49}}},"ItemInfo":{"ByLineInfo":{"Brand":{"DisplayValue":"Tusquets Editores S.A.","Label":"Brand","Locale":"es_ES"},"Contributors":[{"Locale":"es_ES","Name":"Grandes, Almudena","Role":"Autor","RoleType":"author"}],"Manufacturer":{"DisplayValue":"Tusquets Editores S.A.","Label":"Manufacturer","Locale":"es_ES"}},"Title":{"DisplayValue":"Los pacientes del doctor García: Episodios de una Guerra Interminable: 4 (Andanzas)","Label":"Title","Locale":"es_ES"}},"Offers":{"Summaries":[{"Condition":{"Value":"New"},"LowestPrice":{"Amount":26.0,"Currency":"EUR","DisplayAmount":"26,00 €"}},{"Condition":{"Value":"Used"},"LowestPrice":{"Amount":21.62,"Currency":"EUR","DisplayAmount":"21,62 €"}}]}},{"ASIN":"2709662531","DetailPageURL":"https://www.amazon.es/dp/2709662531?tag=topinalambricos-21&linkCode=osi&th=1&psc=1","Images":{"Primary":{"Small":{"Height":75,"URL":"https://m.media-amazon.com/images/I/41ZVAQfPOcL._SL75_.jpg","Width":48}}},"ItemInfo":{"ByLineInfo":{"Brand":{"DisplayValue":"LATTES","Label":"Brand","Locale":"es_ES"},"Contributors":[{"Locale":"es_ES","Name":"Grandes, Almudena","Role":"Autor","RoleType":"author"}],"Manufacturer":{"DisplayValue":"JC Lattès","Label":"Manufacturer","Locale":"es_ES"}},"Title":{"DisplayValue":"Les patients du docteur Garcia (Littérature étrangère)","Label":"Title","Locale":"es_ES"}},"Offers":{"Summaries":[{"Condition":{"Value":"Used"},"LowestPrice":{"Amount":9.11,"Currency":"EUR","DisplayAmount":"9,11 €"}},{"Condition":{"Value":"New"},"LowestPrice":{"Amount":24.5,"Currency":"EUR","DisplayAmount":"24,50 €"}}]}},{"ASIN":"B09ZJ313QS","DetailPageURL":"https://www.amazon.es/dp/B09ZJ313QS?tag=topinalambricos-21&linkCode=osi&th=1&psc=1","Images":{"Primary":{"Small":{"Height":75,"URL":"https://m.media-amazon.com/images/I/51d665e+xkL._SL75_.jpg","Width":49}}},"ItemInfo":{"ByLineInfo":{"Contributors":[{"Locale":"es_ES","Name":"Grandes, Almudena","Role":"Autor","RoleType":"author"}],"Manufacturer":{"DisplayValue":"Tusquets Editores S.A.","Label":"Manufacturer","Locale":"es_ES"}},"Title":{"DisplayValue":"Pack Episodios de una guerra interminable: Inés y la alegría, El lector de Julio Verne, Las tres bodas de Manolita, Los pacientes del doctor García, La madre de Frankenstein","Label":"Title","Locale":"es_ES"}},"Offers":{"Summaries":[{"Condition":{"Value":"New"},"LowestPrice":{"Amount":33.24,"Currency":"EUR","DisplayAmount":"33,24 €"}}]}},{"ASIN":"841107109X","DetailPageURL":"https://www.amazon.es/dp/841107109X?tag=topinalambricos-21&linkCode=osi&th=1&psc=1","Images":{"Primary":{"Small":{"Height":68,"URL":"https://m.media-amazon.com/images/I/41oxGZctc0L._SL75_.jpg","Width":75}}},"ItemInfo":{"ByLineInfo":{"Brand":{"DisplayValue":"Tusquets Editores S.A.","Label":"Brand","Locale":"es_ES"},"Contributors":[{"Locale":"es_ES","Name":"Grandes, Almudena","Role":"Autor","RoleType":"author"}],"Manufacturer":{"DisplayValue":"Tusquets Editores S.A.","Label":"Manufacturer","Locale":"es_ES"}},"Title":{"DisplayValue":"Estuche Episodios de una Guerra Interminable: Inés y la alegría, El lector de Julio Verne, Las tres bodas de Manolita, Los pacientes del doctor García, La madre de Frankenstein (Andanzas)","Label":"Title","Locale":"es_ES"}},"Offers":{"Summaries":[{"Condition":{"Value":"New"},"LowestPrice":{"Amount":107.01,"Currency":"EUR","DisplayAmount":"107,01 €"}}]}},{"ASIN":"9056726099","DetailPageURL":"https://www.amazon.es/dp/9056726099?tag=topinalambricos-21&linkCode=osi&th=1&psc=1","Images":{"Primary":{"Small":{"Height":75,"URL":"https://m.media-amazon.com/images/I/51bISkcjLRL._SL75_.jpg","Width":48}}},"ItemInfo":{"ByLineInfo":{"Brand":{"DisplayValue":"Signatuur","Label":"Brand","Locale":"es_ES"},"Contributors":[{"Locale":"es_ES","Name":"Grandes, Almudena","Role":"Autor","RoleType":"author"},{"Locale":"es_ES","Name":"Buursma, Mia","Role":"Traductor","RoleType":"translator"},{"Locale":"es_ES","Name":"Degenaar, Rikkie","Role":"Traductor","RoleType":"translator"}],"Manufacturer":{"DisplayValue":"Signatuur","Label":"Manufacturer","Locale":"es_ES"}},"Title":{"DisplayValue":"De patiënten van dokter García","Label":"Title","Locale":"es_ES"}},"Offers":{"Summaries":[{"Condition":{"Value":"New"},"LowestPrice":{"Amount":29.57,"Currency":"EUR","DisplayAmount":"29,57 €"}}]}},{"ASIN":"8408258613","DetailPageURL":"https://www.amazon.es/dp/8408258613?tag=topinalambricos-21&linkCode=osi&th=1&psc=1","Images":{"Primary":{"Small":{"Height":75,"URL":"https://m.media-amazon.com/images/I/41KF-Uf51fL._SL75_.jpg","Width":48}}},"ItemInfo":{"ByLineInfo":{"Brand":{"DisplayValue":"Booket","Label":"Brand","Locale":"es_ES"},"Contributors":[{"Locale":"es_ES","Name":"García Sáenz de Urturi, Eva","Role":"Autor","RoleType":"author"}],"Manufacturer":{"DisplayValue":"Booket","Label":"Manufacturer","Locale":"es_ES"}},"Title":{"DisplayValue":"Aquitania: Premio Planeta 2020 (Novela)","Label":"Title","Locale":"es_ES"}},"Offers":{"Summaries":[{"Condition":{"Value":"Used"},"LowestPrice":{"Amount":8.96,"Currency":"EUR","DisplayAmount":"8,96 €"}},{"Condition":{"Value":"New"},"LowestPrice":{"Amount":9.3,"Currency":"EUR","DisplayAmount":"9,30 €"}}]}},{"ASIN":"8418945702","DetailPageURL":"https://www.amazon.es/dp/8418945702?tag=topinalambricos-21&linkCode=osi&th=1&psc=1","Images":{"Primary":{"Small":{"Height":75,"URL":"https://m.media-amazon.com/images/I/51SeyYCt3sL._SL75_.jpg","Width":50}}},"ItemInfo":{"ByLineInfo":{"Contributors":[{"Locale":"es_ES","Name":"Hazelwood, Ali","Role":"Autor","RoleType":"author"},{"Locale":"es_ES","Name":"Gilabert Giménez, Nerea","Role":"Traductor","RoleType":"translator"}],"Manufacturer":{"DisplayValue":"Contraluz Editorial","Label":"Manufacturer","Locale":"es_ES"}},"Title":{"DisplayValue":"La teoría del amor (Contraluz) Español","Label":"Title","Locale":"es_ES"}},"Offers":{"Summaries":[{"Condition":{"Value":"New"},"LowestPrice":{"Amount":18.0,"Currency":"EUR","DisplayAmount":"18,00 €"}}]}}],"SearchURL":"https://www.amazon.es/s?k=los+pacientes+del+doctor+garc%C3%ADa&rh=n%3A599364031%2Cp_n_availability%3A-1&tag=topinalambricos-21&linkCode=osi","TotalResultCount":41}},"97":{"SearchResult":{"Items":[{"ASIN":"8490667799","DetailPageURL":"https://www.amazon.es/dp/8490667799?tag=topinalambricos-21&linkCode=osi&th=1&psc=1","Images":{"Primary":{"Small":{"Height":75,"URL":"https://m.media-amazon.com/images/I/41f3xK0VZCL._SL75_.jpg","Width":49}}},"ItemInfo":{"ByLineInfo":{"Brand":{"DisplayValue":"Maxi-Tusquets","Label":"Brand","Locale":"es_ES"},"Contributors":[{"Locale":"es_ES","Name":"Grandes, Almudena","Role":"Autor","RoleType":"author"}],"Manufacturer":{"DisplayValue":"Planeta","Label":"Manufacturer","Locale":"es_ES"}},"Title":{"DisplayValue":"Los pacientes del doctor García (MAXI)","Label":"Title","Locale":"es_ES"}},"Offers":{"Summaries":[{"Condition":{"Value":"New"},"LowestPrice":{"Amount":12.3,"Currency":"EUR","DisplayAmount":"12,30 €"}},{"Condition":{"Value":"Used"},"LowestPrice":{"Amount":7.95,"Currency":"EUR","DisplayAmount":"7,95 €"}}]}},{"ASIN":"8411124819","DetailPageURL":"https://www.amazon.es/dp/8411124819?tag=topinalambricos-21&linkCode=osi&th=1&psc=1","Images":{"Primary":{"Small":{"Height":75,"URL":"https://m.media-amazon.com/images/I/51IMbTEgKtL._SL75_.jpg","Width":53}}},"ItemInfo":{"ByLineInfo":{"Brand":{"DisplayValue":"Planeta Cómic","Label":"Brand","Locale":"es_ES"},"Contributors":[{"Locale":"es_ES","Name":"Grandes, Almudena","Role":"Autor","RoleType":"author"},{"Locale":"es_ES","Name":"Stassi, Claudio","Role":"Autor","RoleType":"author"}],"Manufacturer":{"DisplayValue":"Planeta Cómic","Label":"Manufacturer","Locale":"es_ES"}},"Title":{"DisplayValue":"Los pacientes del doctor García (novela gráfica): Basado en la novela de Almudena Grandes","Label":"Title","Locale":"es_ES"}},"Offers":{"Summaries":[{"Condition":{"Value":"Used"},"LowestPrice":{"Amount":19.81,"Currency":"EUR","DisplayAmount":"19,81 €"}},{"Condition":{"Value":"New"},"LowestPrice":{"Amount":23.75,"Currency":"EUR","DisplayAmount":"23,75 €"}}]}},{"ASIN":"8490664498","DetailPageURL":"https://www.amazon.es/dp/8490664498?tag=topinalambricos-21&linkCode=osi&th=1&psc=1","Images":{"Primary":{"Small":{"Height":75,"URL":"https://m.media-amazon.com/images/I/514aL8HMIWL._SL75_.jpg","Width":50}}},"ItemInfo":{"ByLineInfo":{"Contributors":[{"Locale":"es_ES","Name":"Grandes, Almudena","Role":"Autor","RoleType":"author"}],"Manufacturer":{"DisplayValue":"Tusquets.","Label":"Manufacturer","Locale":"es_ES"}},"Title":{"DisplayValue":"Los pacientes del doctor García: el fin de la esperanza y la red de evasión de criminales de guerra y jerarcas nazis dirigida por Clara Stauffer, Madrid-Buenos Aires, 1945-1955","Label":"Title","Locale":"es_ES"}},"Offers":{"Summaries":[{"Condition":{"Value":"Used"},"LowestPrice":{"Amount":14.45,"Currency":"EUR","DisplayAmount":"14,45 €"}}]}},{"ASIN":"8490664463","DetailPageURL":"https://www.amazon.es/dp/8490664463?tag=topinalambricos-21&linkCode=osi&th=1&psc=1","Images":{"Primary":{"Small":{"Height":75,"URL":"https://m.media-amazon.com/images/I/51l3IX6ssyL._SL75_.jpg","Width":49}}},"ItemInfo":{"ByLineInfo":{"Brand":{"DisplayValue":"Tusquets Editores S.A.","Label":"Brand","Locale":"es_ES"},"Contributors":[{"Locale":"es_ES","Name":"Grandes, Almudena","Role":"Autor","RoleType":"author"}],"Manufacturer":{"DisplayValue":"Tusquets Editores S.A.","Label":"Manufacturer","Locale":"es_ES"}},"Title":{"DisplayValue":"Los pacientes del doctor García: Episodios de una Guerra Interminable: 4 (Andanzas)","Label":"Title","Locale":"es_ES"}},"Offers":{"Summaries":[{"Condition":{"Value":"New"},"LowestPrice":{"Amount":26.0,"Currency":"EUR","DisplayAmount":"26,00 €"}},{"Condition":{"Value":"Used"},"LowestPrice":{"Amount":21.62,"Currency":"EUR","DisplayAmount":"21,62 €"}}]}},{"ASIN":"2709662531","DetailPageURL":"https://www.amazon.es/dp/2709662531?tag=topinalambricos-21&linkCode=osi&th=1&psc=1","Images":{"Primary":{"Small":{"Height":75,"URL":"https://m.media-amazon.com/images/I/41ZVAQfPOcL._SL75_.jpg","Width":48}}},"ItemInfo":{"ByLineInfo":{"Brand":{"DisplayValue":"LATTES","Label":"Brand","Locale":"es_ES"},"Contributors":[{"Locale":"es_ES","Name":"Grandes, Almudena","Role":"Autor","RoleType":"author"}],"Manufacturer":{"DisplayValue":"JC Lattès","Label":"Manufacturer","Locale":"es_ES"}},"Title":{"DisplayValue":"Les patients du docteur Garcia (Littérature étrangère)","Label":"Title","Locale":"es_ES"}},"Offers":{"Summaries":[{"Condition":{"Value":"Used"},"LowestPrice":{"Amount":9.11,"Currency":"EUR","DisplayAmount":"9,11 €"}},{"Condition":{"Value":"New"},"LowestPrice":{"Amount":24.5,"Currency":"EUR","DisplayAmount":"24,50 €"}}]}},{"ASIN":"B09ZJ313QS","DetailPageURL":"https://www.amazon.es/dp/B09ZJ313QS?tag=topinalambricos-21&linkCode=osi&th=1&psc=1","Images":{"Primary":{"Small":{"Height":75,"URL":"https://m.media-amazon.com/images/I/51d665e+xkL._SL75_.jpg","Width":49}}},"ItemInfo":{"ByLineInfo":{"Contributors":[{"Locale":"es_ES","Name":"Grandes, Almudena","Role":"Autor","RoleType":"author"}],"Manufacturer":{"DisplayValue":"Tusquets Editores S.A.","Label":"Manufacturer","Locale":"es_ES"}},"Title":{"DisplayValue":"Pack Episodios de una guerra interminable: Inés y la alegría, El lector de Julio Verne, Las tres bodas de Manolita, Los pacientes del doctor García, La madre de Frankenstein","Label":"Title","Locale":"es_ES"}},"Offers":{"Summaries":[{"Condition":{"Value":"New"},"LowestPrice":{"Amount":33.24,"Currency":"EUR","DisplayAmount":"33,24 €"}}]}},{"ASIN":"841107109X","DetailPageURL":"https://www.amazon.es/dp/841107109X?tag=topinalambricos-21&linkCode=osi&th=1&psc=1","Images":{"Primary":{"Small":{"Height":68,"URL":"https://m.media-amazon.com/images/I/41oxGZctc0L._SL75_.jpg","Width":75}}},"ItemInfo":{"ByLineInfo":{"Brand":{"DisplayValue":"Tusquets Editores S.A.","Label":"Brand","Locale":"es_ES"},"Contributors":[{"Locale":"es_ES","Name":"Grandes, Almudena","Role":"Autor","RoleType":"author"}],"Manufacturer":{"DisplayValue":"Tusquets Editores S.A.","Label":"Manufacturer","Locale":"es_ES"}},"Title":{"DisplayValue":"Estuche Episodios de una Guerra Interminable: Inés y la alegría, El lector de Julio Verne, Las tres bodas de Manolita, Los pacientes del doctor García, La madre de Frankenstein (Andanzas)","Label":"Title","Locale":"es_ES"}},"Offers":{"Summaries":[{"Condition":{"Value":"New"},"LowestPrice":{"Amount":107.01,"Currency":"EUR","DisplayAmount":"107,01 €"}}]}},{"ASIN":"9056726099","DetailPageURL":"https://www.amazon.es/dp/9056726099?tag=topinalambricos-21&linkCode=osi&th=1&psc=1","Images":{"Primary":{"Small":{"Height":75,"URL":"https://m.media-amazon.com/images/I/51bISkcjLRL._SL75_.jpg","Width":48}}},"ItemInfo":{"ByLineInfo":{"Brand":{"DisplayValue":"Signatuur","Label":"Brand","Locale":"es_ES"},"Contributors":[{"Locale":"es_ES","Name":"Grandes, Almudena","Role":"Autor","RoleType":"author"},{"Locale":"es_ES","Name":"Buursma, Mia","Role":"Traductor","RoleType":"translator"},{"Locale":"es_ES","Name":"Degenaar, Rikkie","Role":"Traductor","RoleType":"translator"}],"Manufacturer":{"DisplayValue":"Signatuur","Label":"Manufacturer","Locale":"es_ES"}},"Title":{"DisplayValue":"De patiënten van dokter García","Label":"Title","Locale":"es_ES"}},"Offers":{"Summaries":[{"Condition":{"Value":"New"},"LowestPrice":{"Amount":29.57,"Currency":"EUR","DisplayAmount":"29,57 €"}}]}},{"ASIN":"8408258613","DetailPageURL":"https://www.amazon.es/dp/8408258613?tag=topinalambricos-21&linkCode=osi&th=1&psc=1","Images":{"Primary":{"Small":{"Height":75,"URL":"https://m.media-amazon.com/images/I/41KF-Uf51fL._SL75_.jpg","Width":48}}},"ItemInfo":{"ByLineInfo":{"Brand":{"DisplayValue":"Booket","Label":"Brand","Locale":"es_ES"},"Contributors":[{"Locale":"es_ES","Name":"García Sáenz de Urturi, Eva","Role":"Autor","RoleType":"author"}],"Manufacturer":{"DisplayValue":"Booket","Label":"Manufacturer","Locale":"es_ES"}},"Title":{"DisplayValue":"Aquitania: Premio Planeta 2020 (Novela)","Label":"Title","Locale":"es_ES"}},"Offers":{"Summaries":[{"Condition":{"Value":"Used"},"LowestPrice":{"Amount":8.96,"Currency":"EUR","DisplayAmount":"8,96 €"}},{"Condition":{"Value":"New"},"LowestPrice":{"Amount":9.3,"Currency":"EUR","DisplayAmount":"9,30 €"}}]}},{"ASIN":"8418945702","DetailPageURL":"https://www.amazon.es/dp/8418945702?tag=topinalambricos-21&linkCode=osi&th=1&psc=1","Images":{"Primary":{"Small":{"Height":75,"URL":"https://m.media-amazon.com/images/I/51SeyYCt3sL._SL75_.jpg","Width":50}}},"ItemInfo":{"ByLineInfo":{"Contributors":[{"Locale":"es_ES","Name":"Hazelwood, Ali","Role":"Autor","RoleType":"author"},{"Locale":"es_ES","Name":"Gilabert Giménez, Nerea","Role":"Traductor","RoleType":"translator"}],"Manufacturer":{"DisplayValue":"Contraluz Editorial","Label":"Manufacturer","Locale":"es_ES"}},"Title":{"DisplayValue":"La teoría del amor (Contraluz) Español","Label":"Title","Locale":"es_ES"}},"Offers":{"Summaries":[{"Condition":{"Value":"New"},"LowestPrice":{"Amount":18.0,"Currency":"EUR","DisplayAmount":"18,00 €"}}]}}],"SearchURL":"https://www.amazon.es/s?k=los+pacientes+del+doctor+garc%C3%ADa&rh=n%3A599364031%2Cp_n_availability%3A-1&tag=topinalambricos-21&linkCode=osi","TotalResultCount":41}},"98":{"SearchResult":{"Items":[{"ASIN":"8490667799","DetailPageURL":"https://www.amazon.es/dp/8490667799?tag=topinalambricos-21&linkCode=osi&th=1&psc=1","Images":{"Primary":{"Small":{"Height":75,"URL":"https://m.media-amazon.com/images/I/41f3xK0VZCL._SL75_.jpg","Width":49}}},"ItemInfo":{"ByLineInfo":{"Brand":{"DisplayValue":"Maxi-Tusquets","Label":"Brand","Locale":"es_ES"},"Contributors":[{"Locale":"es_ES","Name":"Grandes, Almudena","Role":"Autor","RoleType":"author"}],"Manufacturer":{"DisplayValue":"Planeta","Label":"Manufacturer","Locale":"es_ES"}},"Title":{"DisplayValue":"Los pacientes del doctor García (MAXI)","Label":"Title","Locale":"es_ES"}},"Offers":{"Summaries":[{"Condition":{"Value":"New"},"LowestPrice":{"Amount":12.3,"Currency":"EUR","DisplayAmount":"12,30 €"}},{"Condition":{"Value":"Used"},"LowestPrice":{"Amount":7.95,"Currency":"EUR","DisplayAmount":"7,95 €"}}]}},{"ASIN":"8411124819","DetailPageURL":"https://www.amazon.es/dp/8411124819?tag=topinalambricos-21&linkCode=osi&th=1&psc=1","Images":{"Primary":{"Small":{"Height":75,"URL":"https://m.media-amazon.com/images/I/51IMbTEgKtL._SL75_.jpg","Width":53}}},"ItemInfo":{"ByLineInfo":{"Brand":{"DisplayValue":"Planeta Cómic","Label":"Brand","Locale":"es_ES"},"Contributors":[{"Locale":"es_ES","Name":"Grandes, Almudena","Role":"Autor","RoleType":"author"},{"Locale":"es_ES","Name":"Stassi, Claudio","Role":"Autor","RoleType":"author"}],"Manufacturer":{"DisplayValue":"Planeta Cómic","Label":"Manufacturer","Locale":"es_ES"}},"Title":{"DisplayValue":"Los pacientes del doctor García (novela gráfica): Basado en la novela de Almudena Grandes","Label":"Title","Locale":"es_ES"}},"Offers":{"Summaries":[{"Condition":{"Value":"Used"},"LowestPrice":{"Amount":19.81,"Currency":"EUR","DisplayAmount":"19,81 €"}},{"Condition":{"Value":"New"},"LowestPrice":{"Amount":23.75,"Currency":"EUR","DisplayAmount":"23,75 €"}}]}},{"ASIN":"8490664498","DetailPageURL":"https://www.amazon.es/dp/8490664498?tag=topinalambricos-21&linkCode=osi&th=1&psc=1","Images":{"Primary":{"Small":{"Height":75,"URL":"https://m.media-amazon.com/images/I/514aL8HMIWL._SL75_.jpg","Width":50}}},"ItemInfo":{"ByLineInfo":{"Contributors":[{"Locale":"es_ES","Name":"Grandes, Almudena","Role":"Autor","RoleType":"author"}],"Manufacturer":{"DisplayValue":"Tusquets.","Label":"Manufacturer","Locale":"es_ES"}},"Title":{"DisplayValue":"Los pacientes del doctor García: el fin de la esperanza y la red de evasión de criminales de guerra y jerarcas nazis dirigida por Clara Stauffer, Madrid-Buenos Aires, 1945-1955","Label":"Title","Locale":"es_ES"}},"Offers":{"Summaries":[{"Condition":{"Value":"Used"},"LowestPrice":{"Amount":14.45,"Currency":"EUR","DisplayAmount":"14,45 €"}}]}},{"ASIN":"8490664463","DetailPageURL":"https://www.amazon.es/dp/8490664463?tag=topinalambricos-21&linkCode=osi&th=1&psc=1","Images":{"Primary":{"Small":{"Height":75,"URL":"https://m.media-amazon.com/images/I/51l3IX6ssyL._SL75_.jpg","Width":49}}},"ItemInfo":{"ByLineInfo":{"Brand":{"DisplayValue":"Tusquets Editores S.A.","Label":"Brand","Locale":"es_ES"},"Contributors":[{"Locale":"es_ES","Name":"Grandes, Almudena","Role":"Autor","RoleType":"author"}],"Manufacturer":{"DisplayValue":"Tusquets Editores S.A.","Label":"Manufacturer","Locale":"es_ES"}},"Title":{"DisplayValue":"Los pacientes del doctor García: Episodios de una Guerra Interminable: 4 (Andanzas)","Label":"Title","Locale":"es_ES"}},"Offers":{"Summaries":[{"Condition":{"Value":"New"},"LowestPrice":{"Amount":26.0,"Currency":"EUR","DisplayAmount":"26,00 €"}},{"Condition":{"Value":"Used"},"LowestPrice":{"Amount":21.62,"Currency":"EUR","DisplayAmount":"21,62 €"}}]}},{"ASIN":"2709662531","DetailPageURL":"https://www.amazon.es/dp/2709662531?tag=topinalambricos-21&linkCode=osi&th=1&psc=1","Images":{"Primary":{"Small":{"Height":75,"URL":"https://m.media-amazon.com/images/I/41ZVAQfPOcL._SL75_.jpg","Width":48}}},"ItemInfo":{"ByLineInfo":{"Brand":{"DisplayValue":"LATTES","Label":"Brand","Locale":"es_ES"},"Contributors":[{"Locale":"es_ES","Name":"Grandes, Almudena","Role":"Autor","RoleType":"author"}],"Manufacturer":{"DisplayValue":"JC Lattès","Label":"Manufacturer","Locale":"es_ES"}},"Title":{"DisplayValue":"Les patients du docteur Garcia (Littérature étrangère)","Label":"Title","Locale":"es_ES"}},"Offers":{"Summaries":[{"Condition":{"Value":"Used"},"LowestPrice":{"Amount":9.11,"Currency":"EUR","DisplayAmount":"9,11 €"}},{"Condition":{"Value":"New"},"LowestPrice":{"Amount":24.5,"Currency":"EUR","DisplayAmount":"24,50 €"}}]}},{"ASIN":"B09ZJ313QS","DetailPageURL":"https://www.amazon.es/dp/B09ZJ313QS?tag=topinalambricos-21&linkCode=osi&th=1&psc=1","Images":{"Primary":{"Small":{"Height":75,"URL":"https://m.media-amazon.com/images/I/51d665e+xkL._SL75_.jpg","Width":49}}},"ItemInfo":{"ByLineInfo":{"Contributors":[{"Locale":"es_ES","Name":"Grandes, Almudena","Role":"Autor","RoleType":"author"}],"Manufacturer":{"DisplayValue":"Tusquets Editores S.A.","Label":"Manufacturer","Locale":"es_ES"}},"Title":{"DisplayValue":"Pack Episodios de una guerra interminable: Inés y la alegría, El lector de Julio Verne, Las tres bodas de Manolita, Los pacientes del doctor García, La madre de Frankenstein","Label":"Title","Locale":"es_ES"}},"Offers":{"Summaries":[{"Condition":{"Value":"New"},"LowestPrice":{"Amount":33.24,"Currency":"EUR","DisplayAmount":"33,24 €"}}]}},{"ASIN":"841107109X","DetailPageURL":"https://www.amazon.es/dp/841107109X?tag=topinalambricos-21&linkCode=osi&th=1&psc=1","Images":{"Primary":{"Small":{"Height":68,"URL":"https://m.media-amazon.com/images/I/41oxGZctc0L._SL75_.jpg","Width":75}}},"ItemInfo":{"ByLineInfo":{"Brand":{"DisplayValue":"Tusquets Editores S.A.","Label":"Brand","Locale":"es_ES"},"Contributors":[{"Locale":"es_ES","Name":"Grandes, Almudena","Role":"Autor","RoleType":"author"}],"Manufacturer":{"DisplayValue":"Tusquets Editores S.A.","Label":"Manufacturer","Locale":"es_ES"}},"Title":{"DisplayValue":"Estuche Episodios de una Guerra Interminable: Inés y la alegría, El lector de Julio Verne, Las tres bodas de Manolita, Los pacientes del doctor García, La madre de Frankenstein (Andanzas)","Label":"Title","Locale":"es_ES"}},"Offers":{"Summaries":[{"Condition":{"Value":"New"},"LowestPrice":{"Amount":107.01,"Currency":"EUR","DisplayAmount":"107,01 €"}}]}},{"ASIN":"9056726099","DetailPageURL":"https://www.amazon.es/dp/9056726099?tag=topinalambricos-21&linkCode=osi&th=1&psc=1","Images":{"Primary":{"Small":{"Height":75,"URL":"https://m.media-amazon.com/images/I/51bISkcjLRL._SL75_.jpg","Width":48}}},"ItemInfo":{"ByLineInfo":{"Brand":{"DisplayValue":"Signatuur","Label":"Brand","Locale":"es_ES"},"Contributors":[{"Locale":"es_ES","Name":"Grandes, Almudena","Role":"Autor","RoleType":"author"},{"Locale":"es_ES","Name":"Buursma, Mia","Role":"Traductor","RoleType":"translator"},{"Locale":"es_ES","Name":"Degenaar, Rikkie","Role":"Traductor","RoleType":"translator"}],"Manufacturer":{"DisplayValue":"Signatuur","Label":"Manufacturer","Locale":"es_ES"}},"Title":{"DisplayValue":"De patiënten van dokter García","Label":"Title","Locale":"es_ES"}},"Offers":{"Summaries":[{"Condition":{"Value":"New"},"LowestPrice":{"Amount":29.57,"Currency":"EUR","DisplayAmount":"29,57 €"}}]}},{"ASIN":"8408258613","DetailPageURL":"https://www.amazon.es/dp/8408258613?tag=topinalambricos-21&linkCode=osi&th=1&psc=1","Images":{"Primary":{"Small":{"Height":75,"URL":"https://m.media-amazon.com/images/I/41KF-Uf51fL._SL75_.jpg","Width":48}}},"ItemInfo":{"ByLineInfo":{"Brand":{"DisplayValue":"Booket","Label":"Brand","Locale":"es_ES"},"Contributors":[{"Locale":"es_ES","Name":"García Sáenz de Urturi, Eva","Role":"Autor","RoleType":"author"}],"Manufacturer":{"DisplayValue":"Booket","Label":"Manufacturer","Locale":"es_ES"}},"Title":{"DisplayValue":"Aquitania: Premio Planeta 2020 (Novela)","Label":"Title","Locale":"es_ES"}},"Offers":{"Summaries":[{"Condition":{"Value":"Used"},"LowestPrice":{"Amount":8.96,"Currency":"EUR","DisplayAmount":"8,96 €"}},{"Condition":{"Value":"New"},"LowestPrice":{"Amount":9.3,"Currency":"EUR","DisplayAmount":"9,30 €"}}]}},{"ASIN":"8418945702","DetailPageURL":"https://www.amazon.es/dp/8418945702?tag=topinalambricos-21&linkCode=osi&th=1&psc=1","Images":{"Primary":{"Small":{"Height":75,"URL":"https://m.media-amazon.com/images/I/51SeyYCt3sL._SL75_.jpg","Width":50}}},"ItemInfo":{"ByLineInfo":{"Contributors":[{"Locale":"es_ES","Name":"Hazelwood, Ali","Role":"Autor","RoleType":"author"},{"Locale":"es_ES","Name":"Gilabert Giménez, Nerea","Role":"Traductor","RoleType":"translator"}],"Manufacturer":{"DisplayValue":"Contraluz Editorial","Label":"Manufacturer","Locale":"es_ES"}},"Title":{"DisplayValue":"La teoría del amor (Contraluz) Español","Label":"Title","Locale":"es_ES"}},"Offers":{"Summaries":[{"Condition":{"Value":"New"},"LowestPrice":{"Amount":18.0,"Currency":"EUR","DisplayAmount":"18,00 €"}}]}}],"SearchURL":"https://www.amazon.es/s?k=los+pacientes+del+doctor+garc%C3%ADa&rh=n%3A599364031%2Cp_n_availability%3A-1&tag=topinalambricos-21&linkCode=osi","TotalResultCount":41}},"99":{"SearchResult":{"Items":[{"ASIN":"8490667799","DetailPageURL":"https://www.amazon.es/dp/8490667799?tag=topinalambricos-21&linkCode=osi&th=1&psc=1","Images":{"Primary":{"Small":{"Height":75,"URL":"https://m.media-amazon.com/images/I/41f3xK0VZCL._SL75_.jpg","Width":49}}},"ItemInfo":{"ByLineInfo":{"Brand":{"DisplayValue":"Maxi-Tusquets","Label":"Brand","Locale":"es_ES"},"Contributors":[{"Locale":"es_ES","Name":"Grandes, Almudena","Role":"Autor","RoleType":"author"}],"Manufacturer":{"DisplayValue":"Planeta","Label":"Manufacturer","Locale":"es_ES"}},"Title":{"DisplayValue":"Los pacientes del doctor García (MAXI)","Label":"Title","Locale":"es_ES"}},"Offers":{"Summaries":[{"Condition":{"Value":"New"},"LowestPrice":{"Amount":12.3,"Currency":"EUR","DisplayAmount":"12,30 €"}},{"Condition":{"Value":"Used"},"LowestPrice":{"Amount":7.95,"Currency":"EUR","DisplayAmount":"7,95 €"}}]}},{"ASIN":"8411124819","DetailPageURL":"https://www.amazon.es/dp/8411124819?tag=topinalambricos-21&linkCode=osi&th=1&psc=1","Images":{"Primary":{"Small":{"Height":75,"URL":"https://m.media-amazon.com/images/I/51IMbTEgKtL._SL75_.jpg","Width":53}}},"ItemInfo":{"ByLineInfo":{"Brand":{"DisplayValue":"Planeta Cómic","Label":"Brand","Locale":"es_ES"},"Contributors":[{"Locale":"es_ES","Name":"Grandes, Almudena","Role":"Autor","RoleType":"author"},{"Locale":"es_ES","Name":"Stassi, Claudio","Role":"Autor","RoleType":"author"}],"Manufacturer":{"DisplayValue":"Planeta Cómic","Label":"Manufacturer","Locale":"es_ES"}},"Title":{"DisplayValue":"Los pacientes del doctor García (novela gráfica): Basado en la novela de Almudena Grandes","Label":"Title","Locale":"es_ES"}},"Offers":{"Summaries":[{"Condition":{"Value":"Used"},"LowestPrice":{"Amount":19.81,"Currency":"EUR","DisplayAmount":"19,81 €"}},{"Condition":{"Value":"New"},"LowestPrice":{"Amount":23.75,"Currency":"EUR","DisplayAmount":"23,75 €"}}]}},{"ASIN":"8490664498","DetailPageURL":"https://www.amazon.es/dp/8490664498?tag=topinalambricos-21&linkCode=osi&th=1&psc=1","Images":{"Primary":{"Small":{"Height":75,"URL":"https://m.media-amazon.com/images/I/514aL8HMIWL._SL75_.jpg","Width":50}}},"ItemInfo":{"ByLineInfo":{"Contributors":[{"Locale":"es_ES","Name":"Grandes, Almudena","Role":"Autor","RoleType":"author"}],"Manufacturer":{"DisplayValue":"Tusquets.","Label":"Manufacturer","Locale":"es_ES"}},"Title":{"DisplayValue":"Los pacientes del doctor García: el fin de la esperanza y la red de evasión de criminales de guerra y jerarcas nazis dirigida por Clara Stauffer, Madrid-Buenos Aires, 1945-1955","Label":"Title","Locale":"es_ES"}},"Offers":{"Summaries":[{"Condition":{"Value":"Used"},"LowestPrice":{"Amount":14.45,"Currency":"EUR","DisplayAmount":"14,45 €"}}]}},{"ASIN":"8490664463","DetailPageURL":"https://www.amazon.es/dp/8490664463?tag=topinalambricos-21&linkCode=osi&th=1&psc=1","Images":{"Primary":{"Small":{"Height":75,"URL":"https://m.media-amazon.com/images/I/51l3IX6ssyL._SL75_.jpg","Width":49}}},"ItemInfo":{"ByLineInfo":{"Brand":{"DisplayValue":"Tusquets Editores S.A.","Label":"Brand","Locale":"es_ES"},"Contributors":[{"Locale":"es_ES","Name":"Grandes, Almudena","Role":"Autor","RoleType":"author"}],"Manufacturer":{"DisplayValue":"Tusquets Editores S.A.","Label":"Manufacturer","Locale":"es_ES"}},"Title":{"DisplayValue":"Los pacientes del doctor García: Episodios de una Guerra Interminable: 4 (Andanzas)","Label":"Title","Locale":"es_ES"}},"Offers":{"Summaries":[{"Condition":{"Value":"New"},"LowestPrice":{"Amount":26.0,"Currency":"EUR","DisplayAmount":"26,00 €"}},{"Condition":{"Value":"Used"},"LowestPrice":{"Amount":21.62,"Currency":"EUR","DisplayAmount":"21,62 €"}}]}},{"ASIN":"2709662531","DetailPageURL":"https://www.amazon.es/dp/2709662531?tag=topinalambricos-21&linkCode=osi&th=1&psc=1","Images":{"Primary":{"Small":{"Height":75,"URL":"https://m.media-amazon.com/images/I/41ZVAQfPOcL._SL75_.jpg","Width":48}}},"ItemInfo":{"ByLineInfo":{"Brand":{"DisplayValue":"LATTES","Label":"Brand","Locale":"es_ES"},"Contributors":[{"Locale":"es_ES","Name":"Grandes, Almudena","Role":"Autor","RoleType":"author"}],"Manufacturer":{"DisplayValue":"JC Lattès","Label":"Manufacturer","Locale":"es_ES"}},"Title":{"DisplayValue":"Les patients du docteur Garcia (Littérature étrangère)","Label":"Title","Locale":"es_ES"}},"Offers":{"Summaries":[{"Condition":{"Value":"Used"},"LowestPrice":{"Amount":9.11,"Currency":"EUR","DisplayAmount":"9,11 €"}},{"Condition":{"Value":"New"},"LowestPrice":{"Amount":24.5,"Currency":"EUR","DisplayAmount":"24,50 €"}}]}},{"ASIN":"B09ZJ313QS","DetailPageURL":"https://www.amazon.es/dp/B09ZJ313QS?tag=topinalambricos-21&linkCode=osi&th=1&psc=1","Images":{"Primary":{"Small":{"Height":75,"URL":"https://m.media-amazon.com/images/I/51d665e+xkL._SL75_.jpg","Width":49}}},"ItemInfo":{"ByLineInfo":{"Contributors":[{"Locale":"es_ES","Name":"Grandes, Almudena","Role":"Autor","RoleType":"author"}],"Manufacturer":{"DisplayValue":"Tusquets Editores S.A.","Label":"Manufacturer","Locale":"es_ES"}},"Title":{"DisplayValue":"Pack Episodios de una guerra interminable: Inés y la alegría, El lector de Julio Verne, Las tres bodas de Manolita, Los pacientes del doctor García, La madre de Frankenstein","Label":"Title","Locale":"es_ES"}},"Offers":{"Summaries":[{"Condition":{"Value":"New"},"LowestPrice":{"Amount":33.24,"Currency":"EUR","DisplayAmount":"33,24 €"}}]}},{"ASIN":"841107109X","DetailPageURL":"https://www.amazon.es/dp/841107109X?tag=topinalambricos-21&linkCode=osi&th=1&psc=1","Images":{"Primary":{"Small":{"Height":68,"URL":"https://m.media-amazon.com/images/I/41oxGZctc0L._SL75_.jpg","Width":75}}},"ItemInfo":{"ByLineInfo":{"Brand":{"DisplayValue":"Tusquets Editores S.A.","Label":"Brand","Locale":"es_ES"},"Contributors":[{"Locale":"es_ES","Name":"Grandes, Almudena","Role":"Autor","RoleType":"author"}],"Manufacturer":{"DisplayValue":"Tusquets Editores S.A.","Label":"Manufacturer","Locale":"es_ES"}},"Title":{"DisplayValue":"Estuche Episodios de una Guerra Interminable: Inés y la alegría, El lector de Julio Verne, Las tres bodas de Manolita, Los pacientes del doctor García, La madre de Frankenstein (Andanzas)","Label":"Title","Locale":"es_ES"}},"Offers":{"Summaries":[{"Condition":{"Value":"New"},"LowestPrice":{"Amount":107.01,"Currency":"EUR","DisplayAmount":"107,01 €"}}]}},{"ASIN":"9056726099","DetailPageURL":"https://www.amazon.es/dp/9056726099?tag=topinalambricos-21&linkCode=osi&th=1&psc=1","Images":{"Primary":{"Small":{"Height":75,"URL":"https://m.media-amazon.com/images/I/51bISkcjLRL._SL75_.jpg","Width":48}}},"ItemInfo":{"ByLineInfo":{"Brand":{"DisplayValue":"Signatuur","Label":"Brand","Locale":"es_ES"},"Contributors":[{"Locale":"es_ES","Name":"Grandes, Almudena","Role":"Autor","RoleType":"author"},{"Locale":"es_ES","Name":"Buursma, Mia","Role":"Traductor","RoleType":"translator"},{"Locale":"es_ES","Name":"Degenaar, Rikkie","Role":"Traductor","RoleType":"translator"}],"Manufacturer":{"DisplayValue":"Signatuur","Label":"Manufacturer","Locale":"es_ES"}},"Title":{"DisplayValue":"De patiënten van dokter García","Label":"Title","Locale":"es_ES"}},"Offers":{"Summaries":[{"Condition":{"Value":"New"},"LowestPrice":{"Amount":29.57,"Currency":"EUR","DisplayAmount":"29,57 €"}}]}},{"ASIN":"8408258613","DetailPageURL":"https://www.amazon.es/dp/8408258613?tag=topinalambricos-21&linkCode=osi&th=1&psc=1","Images":{"Primary":{"Small":{"Height":75,"URL":"https://m.media-amazon.com/images/I/41KF-Uf51fL._SL75_.jpg","Width":48}}},"ItemInfo":{"ByLineInfo":{"Brand":{"DisplayValue":"Booket","Label":"Brand","Locale":"es_ES"},"Contributors":[{"Locale":"es_ES","Name":"García Sáenz de Urturi, Eva","Role":"Autor","RoleType":"author"}],"Manufacturer":{"DisplayValue":"Booket","Label":"Manufacturer","Locale":"es_ES"}},"Title":{"DisplayValue":"Aquitania: Premio Planeta 2020 (Novela)","Label":"Title","Locale":"es_ES"}},"Offers":{"Summaries":[{"Condition":{"Value":"Used"},"LowestPrice":{"Amount":8.96,"Currency":"EUR","DisplayAmount":"8,96 €"}},{"Condition":{"Value":"New"},"LowestPrice":{"Amount":9.3,"Currency":"EUR","DisplayAmount":"9,30 €"}}]}},{"ASIN":"8418945702","DetailPageURL":"https://www.amazon.es/dp/8418945702?tag=topinalambricos-21&linkCode=osi&th=1&psc=1","Images":{"Primary":{"Small":{"Height":75,"URL":"https://m.media-amazon.com/images/I/51SeyYCt3sL._SL75_.jpg","Width":50}}},"ItemInfo":{"ByLineInfo":{"Contributors":[{"Locale":"es_ES","Name":"Hazelwood, Ali","Role":"Autor","RoleType":"author"},{"Locale":"es_ES","Name":"Gilabert Giménez, Nerea","Role":"Traductor","RoleType":"translator"}],"Manufacturer":{"DisplayValue":"Contraluz Editorial","Label":"Manufacturer","Locale":"es_ES"}},"Title":{"DisplayValue":"La teoría del amor (Contraluz) Español","Label":"Title","Locale":"es_ES"}},"Offers":{"Summaries":[{"Condition":{"Value":"New"},"LowestPrice":{"Amount":18.0,"Currency":"EUR","DisplayAmount":"18,00 €"}}]}}],"SearchURL":"https://www.amazon.es/s?k=los+pacientes+del+doctor+garc%C3%ADa&rh=n%3A599364031%2Cp_n_availability%3A-1&tag=topinalambricos-21&linkCode=osi","TotalResultCount":41}},"100":{"SearchResult":{"Items":[{"ASIN":"8490667799","DetailPageURL":"https://www.amazon.es/dp/8490667799?tag=topinalambricos-21&linkCode=osi&th=1&psc=1","Images":{"Primary":{"Small":{"Height":75,"URL":"https://m.media-amazon.com/images/I/41f3xK0VZCL._SL75_.jpg","Width":49}}},"ItemInfo":{"ByLineInfo":{"Brand":{"DisplayValue":"Maxi-Tusquets","Label":"Brand","Locale":"es_ES"},"Contributors":[{"Locale":"es_ES","Name":"Grandes, Almudena","Role":"Autor","RoleType":"author"}],"Manufacturer":{"DisplayValue":"Planeta","Label":"Manufacturer","Locale":"es_ES"}},"Title":{"DisplayValue":"Los pacientes del doctor García (MAXI)","Label":"Title","Locale":"es_ES"}},"Offers":{"Summaries":[{"Condition":{"Value":"New"},"LowestPrice":{"Amount":12.3,"Currency":"EUR","DisplayAmount":"12,30 €"}},{"Condition":{"Value":"Used"},"LowestPrice":{"Amount":7.95,"Currency":"EUR","DisplayAmount":"7,95 €"}}]}},{"ASIN":"8411124819","DetailPageURL":"https://www.amazon.es/dp/8411124819?tag=topinalambricos-21&linkCode=osi&th=1&psc=1","Images":{"Primary":{"Small":{"Height":75,"URL":"https://m.media-amazon.com/images/I/51IMbTEgKtL._SL75_.jpg","Width":53}}},"ItemInfo":{"ByLineInfo":{"Brand":{"DisplayValue":"Planeta Cómic","Label":"Brand","Locale":"es_ES"},"Contributors":[{"Locale":"es_ES","Name":"Grandes, Almudena","Role":"Autor","RoleType":"author"},{"Locale":"es_ES","Name":"Stassi, Claudio","Role":"Autor","RoleType":"author"}],"Manufacturer":{"DisplayValue":"Planeta Cómic","Label":"Manufacturer","Locale":"es_ES"}},"Title":{"DisplayValue":"Los pacientes del doctor García (novela gráfica): Basado en la novela de Almudena Grandes","Label":"Title","Locale":"es_ES"}},"Offers":{"Summaries":[{"Condition":{"Value":"Used"},"LowestPrice":{"Amount":19.81,"Currency":"EUR","DisplayAmount":"19,81 €"}},{"Condition":{"Value":"New"},"LowestPrice":{"Amount":23.75,"Currency":"EUR","DisplayAmount":"23,75 €"}}]}},{"ASIN":"8490664498","DetailPageURL":"https://www.amazon.es/dp/8490664498?tag=topinalambricos-21&linkCode=osi&th=1&psc=1","Images":{"Primary":{"Small":{"Height":75,"URL":"https://m.media-amazon.com/images/I/514aL8HMIWL._SL75_.jpg","Width":50}}},"ItemInfo":{"ByLineInfo":{"Contributors":[{"Locale":"es_ES","Name":"Grandes, Almudena","Role":"Autor","RoleType":"author"}],"Manufacturer":{"DisplayValue":"Tusquets.","Label":"Manufacturer","Locale":"es_ES"}},"Title":{"DisplayValue":"Los pacientes del doctor García: el fin de la esperanza y la red de evasión de criminales de guerra y jerarcas nazis dirigida por Clara Stauffer, Madrid-Buenos Aires, 1945-1955","Label":"Title","Locale":"es_ES"}},"Offers":{"Summaries":[{"Condition":{"Value":"Used"},"LowestPrice":{"Amount":14.45,"Currency":"EUR","DisplayAmount":"14,45 €"}}]}},{"ASIN":"8490664463","DetailPageURL":"https://www.amazon.es/dp/8490664463?tag=topinalambricos-21&linkCode=osi&th=1&psc=1","Images":{"Primary":{"Small":{"Height":75,"URL":"https://m.media-amazon.com/images/I/51l3IX6ssyL._SL75_.jpg","Width":49}}},"ItemInfo":{"ByLineInfo":{"Brand":{"DisplayValue":"Tusquets Editores S.A.","Label":"Brand","Locale":"es_ES"},"Contributors":[{"Locale":"es_ES","Name":"Grandes, Almudena","Role":"Autor","RoleType":"author"}],"Manufacturer":{"DisplayValue":"Tusquets Editores S.A.","Label":"Manufacturer","Locale":"es_ES"}},"Title":{"DisplayValue":"Los pacientes del doctor García: Episodios de una Guerra Interminable: 4 (Andanzas)","Label":"Title","Locale":"es_ES"}},"Offers":{"Summaries":[{"Condition":{"Value":"New"},"LowestPrice":{"Amount":26.0,"Currency":"EUR","DisplayAmount":"26,00 €"}},{"Condition":{"Value":"Used"},"LowestPrice":{"Amount":21.62,"Currency":"EUR","DisplayAmount":"21,62 €"}}]}},{"ASIN":"2709662531","DetailPageURL":"https://www.amazon.es/dp/2709662531?tag=topinalambricos-21&linkCode=osi&th=1&psc=1","Images":{"Primary":{"Small":{"Height":75,"URL":"https://m.media-amazon.com/images/I/41ZVAQfPOcL._SL75_.jpg","Width":48}}},"ItemInfo":{"ByLineInfo":{"Brand":{"DisplayValue":"LATTES","Label":"Brand","Locale":"es_ES"},"Contributors":[{"Locale":"es_ES","Name":"Grandes, Almudena","Role":"Autor","RoleType":"author"}],"Manufacturer":{"DisplayValue":"JC Lattès","Label":"Manufacturer","Locale":"es_ES"}},"Title":{"DisplayValue":"Les patients du docteur Garcia (Littérature étrangère)","Label":"Title","Locale":"es_ES"}},"Offers":{"Summaries":[{"Condition":{"Value":"Used"},"LowestPrice":{"Amount":9.11,"Currency":"EUR","DisplayAmount":"9,11 €"}},{"Condition":{"Value":"New"},"LowestPrice":{"Amount":24.5,"Currency":"EUR","DisplayAmount":"24,50 €"}}]}},{"ASIN":"B09ZJ313QS","DetailPageURL":"https://www.amazon.es/dp/B09ZJ313QS?tag=topinalambricos-21&linkCode=osi&th=1&psc=1","Images":{"Primary":{"Small":{"Height":75,"URL":"https://m.media-amazon.com/images/I/51d665e+xkL._SL75_.jpg","Width":49}}},"ItemInfo":{"ByLineInfo":{"Contributors":[{"Locale":"es_ES","Name":"Grandes, Almudena","Role":"Autor","RoleType":"author"}],"Manufacturer":{"DisplayValue":"Tusquets Editores S.A.","Label":"Manufacturer","Locale":"es_ES"}},"Title":{"DisplayValue":"Pack Episodios de una guerra interminable: Inés y la alegría, El lector de Julio Verne, Las tres bodas de Manolita, Los pacientes del doctor García, La madre de Frankenstein","Label":"Title","Locale":"es_ES"}},"Offers":{"Summaries":[{"Condition":{"Value":"New"},"LowestPrice":{"Amount":33.24,"Currency":"EUR","DisplayAmount":"33,24 €"}}]}},{"ASIN":"841107109X","DetailPageURL":"https://www.amazon.es/dp/841107109X?tag=topinalambricos-21&linkCode=osi&th=1&psc=1","Images":{"Primary":{"Small":{"Height":68,"URL":"https://m.media-amazon.com/images/I/41oxGZctc0L._SL75_.jpg","Width":75}}},"ItemInfo":{"ByLineInfo":{"Brand":{"DisplayValue":"Tusquets Editores S.A.","Label":"Brand","Locale":"es_ES"},"Contributors":[{"Locale":"es_ES","Name":"Grandes, Almudena","Role":"Autor","RoleType":"author"}],"Manufacturer":{"DisplayValue":"Tusquets Editores S.A.","Label":"Manufacturer","Locale":"es_ES"}},"Title":{"DisplayValue":"Estuche Episodios de una Guerra Interminable: Inés y la alegría, El lector de Julio Verne, Las tres bodas de Manolita, Los pacientes del doctor García, La madre de Frankenstein (Andanzas)","Label":"Title","Locale":"es_ES"}},"Offers":{"Summaries":[{"Condition":{"Value":"New"},"LowestPrice":{"Amount":107.01,"Currency":"EUR","DisplayAmount":"107,01 €"}}]}},{"ASIN":"9056726099","DetailPageURL":"https://www.amazon.es/dp/9056726099?tag=topinalambricos-21&linkCode=osi&th=1&psc=1","Images":{"Primary":{"Small":{"Height":75,"URL":"https://m.media-amazon.com/images/I/51bISkcjLRL._SL75_.jpg","Width":48}}},"ItemInfo":{"ByLineInfo":{"Brand":{"DisplayValue":"Signatuur","Label":"Brand","Locale":"es_ES"},"Contributors":[{"Locale":"es_ES","Name":"Grandes, Almudena","Role":"Autor","RoleType":"author"},{"Locale":"es_ES","Name":"Buursma, Mia","Role":"Traductor","RoleType":"translator"},{"Locale":"es_ES","Name":"Degenaar, Rikkie","Role":"Traductor","RoleType":"translator"}],"Manufacturer":{"DisplayValue":"Signatuur","Label":"Manufacturer","Locale":"es_ES"}},"Title":{"DisplayValue":"De patiënten van dokter García","Label":"Title","Locale":"es_ES"}},"Offers":{"Summaries":[{"Condition":{"Value":"New"},"LowestPrice":{"Amount":29.57,"Currency":"EUR","DisplayAmount":"29,57 €"}}]}},{"ASIN":"8408258613","DetailPageURL":"https://www.amazon.es/dp/8408258613?tag=topinalambricos-21&linkCode=osi&th=1&psc=1","Images":{"Primary":{"Small":{"Height":75,"URL":"https://m.media-amazon.com/images/I/41KF-Uf51fL._SL75_.jpg","Width":48}}},"ItemInfo":{"ByLineInfo":{"Brand":{"DisplayValue":"Booket","Label":"Brand","Locale":"es_ES"},"Contributors":[{"Locale":"es_ES","Name":"García Sáenz de Urturi, Eva","Role":"Autor","RoleType":"author"}],"Manufacturer":{"DisplayValue":"Booket","Label":"Manufacturer","Locale":"es_ES"}},"Title":{"DisplayValue":"Aquitania: Premio Planeta 2020 (Novela)","Label":"Title","Locale":"es_ES"}},"Offers":{"Summaries":[{"Condition":{"Value":"Used"},"LowestPrice":{"Amount":8.96,"Currency":"EUR","DisplayAmount":"8,96 €"}},{"Condition":{"Value":"New"},"LowestPrice":{"Amount":9.3,"Currency":"EUR","DisplayAmount":"9,30 €"}}]}},{"ASIN":"8418945702","DetailPageURL":"https://www.amazon.es/dp/8418945702?tag=topinalambricos-21&linkCode=osi&th=1&psc=1","Images":{"Primary":{"Small":{"Height":75,"URL":"https://m.media-amazon.com/images/I/51SeyYCt3sL._SL75_.jpg","Width":50}}},"ItemInfo":{"ByLineInfo":{"Contributors":[{"Locale":"es_ES","Name":"Hazelwood, Ali","Role":"Autor","RoleType":"author"},{"Locale":"es_ES","Name":"Gilabert Giménez, Nerea","Role":"Traductor","RoleType":"translator"}],"Manufacturer":{"DisplayValue":"Contraluz Editorial","Label":"Manufacturer","Locale":"es_ES"}},"Title":{"DisplayValue":"La teoría del amor (Contraluz) Español","Label":"Title","Locale":"es_ES"}},"Offers":{"Summaries":[{"Condition":{"Value":"New"},"LowestPrice":{"Amount":18.0,"Currency":"EUR","DisplayAmount":"18,00 €"}}]}}],"SearchURL":"https://www.amazon.es/s?k=los+pacientes+del+doctor+garc%C3%ADa&rh=n%3A599364031%2Cp_n_availability%3A-1&tag=topinalambricos-21&linkCode=osi","TotalResultCount":41}},"101":{"SearchResult":{"Items":[{"ASIN":"8490667799","DetailPageURL":"https://www.amazon.es/dp/8490667799?tag=topinalambricos-21&linkCode=osi&th=1&psc=1","Images":{"Primary":{"Small":{"Height":75,"URL":"https://m.media-amazon.com/images/I/41f3xK0VZCL._SL75_.jpg","Width":49}}},"ItemInfo":{"ByLineInfo":{"Brand":{"DisplayValue":"Maxi-Tusquets","Label":"Brand","Locale":"es_ES"},"Contributors":[{"Locale":"es_ES","Name":"Grandes, Almudena","Role":"Autor","RoleType":"author"}],"Manufacturer":{"DisplayValue":"Planeta","Label":"Manufacturer","Locale":"es_ES"}},"Title":{"DisplayValue":"Los pacientes del doctor García (MAXI)","Label":"Title","Locale":"es_ES"}},"Offers":{"Summaries":[{"Condition":{"Value":"New"},"LowestPrice":{"Amount":12.3,"Currency":"EUR","DisplayAmount":"12,30 €"}},{"Condition":{"Value":"Used"},"LowestPrice":{"Amount":7.95,"Currency":"EUR","DisplayAmount":"7,95 €"}}]}},{"ASIN":"8411124819","DetailPageURL":"https://www.amazon.es/dp/8411124819?tag=topinalambricos-21&linkCode=osi&th=1&psc=1","Images":{"Primary":{"Small":{"Height":75,"URL":"https://m.media-amazon.com/images/I/51IMbTEgKtL._SL75_.jpg","Width":53}}},"ItemInfo":{"ByLineInfo":{"Brand":{"DisplayValue":"Planeta Cómic","Label":"Brand","Locale":"es_ES"},"Contributors":[{"Locale":"es_ES","Name":"Grandes, Almudena","Role":"Autor","RoleType":"author"},{"Locale":"es_ES","Name":"Stassi, Claudio","Role":"Autor","RoleType":"author"}],"Manufacturer":{"DisplayValue":"Planeta Cómic","Label":"Manufacturer","Locale":"es_ES"}},"Title":{"DisplayValue":"Los pacientes del doctor García (novela gráfica): Basado en la novela de Almudena Grandes","Label":"Title","Locale":"es_ES"}},"Offers":{"Summaries":[{"Condition":{"Value":"Used"},"LowestPrice":{"Amount":19.81,"Currency":"EUR","DisplayAmount":"19,81 €"}},{"Condition":{"Value":"New"},"LowestPrice":{"Amount":23.75,"Currency":"EUR","DisplayAmount":"23,75 €"}}]}},{"ASIN":"8490664498","DetailPageURL":"https://www.amazon.es/dp/8490664498?tag=topinalambricos-21&linkCode=osi&th=1&psc=1","Images":{"Primary":{"Small":{"Height":75,"URL":"https://m.media-amazon.com/images/I/514aL8HMIWL._SL75_.jpg","Width":50}}},"ItemInfo":{"ByLineInfo":{"Contributors":[{"Locale":"es_ES","Name":"Grandes, Almudena","Role":"Autor","RoleType":"author"}],"Manufacturer":{"DisplayValue":"Tusquets.","Label":"Manufacturer","Locale":"es_ES"}},"Title":{"DisplayValue":"Los pacientes del doctor García: el fin de la esperanza y la red de evasión de criminales de guerra y jerarcas nazis dirigida por Clara Stauffer, Madrid-Buenos Aires, 1945-1955","Label":"Title","Locale":"es_ES"}},"Offers":{"Summaries":[{"Condition":{"Value":"Used"},"LowestPrice":{"Amount":14.45,"Currency":"EUR","DisplayAmount":"14,45 €"}}]}},{"ASIN":"8490664463","DetailPageURL":"https://www.amazon.es/dp/8490664463?tag=topinalambricos-21&linkCode=osi&th=1&psc=1","Images":{"Primary":{"Small":{"Height":75,"URL":"https://m.media-amazon.com/images/I/51l3IX6ssyL._SL75_.jpg","Width":49}}},"ItemInfo":{"ByLineInfo":{"Brand":{"DisplayValue":"Tusquets Editores S.A.","Label":"Brand","Locale":"es_ES"},"Contributors":[{"Locale":"es_ES","Name":"Grandes, Almudena","Role":"Autor","RoleType":"author"}],"Manufacturer":{"DisplayValue":"Tusquets Editores S.A.","Label":"Manufacturer","Locale":"es_ES"}},"Title":{"DisplayValue":"Los pacientes del doctor García: Episodios de una Guerra Interminable: 4 (Andanzas)","Label":"Title","Locale":"es_ES"}},"Offers":{"Summaries":[{"Condition":{"Value":"New"},"LowestPrice":{"Amount":26.0,"Currency":"EUR","DisplayAmount":"26,00 €"}},{"Condition":{"Value":"Used"},"LowestPrice":{"Amount":21.62,"Currency":"EUR","DisplayAmount":"21,62 €"}}]}},{"ASIN":"2709662531","DetailPageURL":"https://www.amazon.es/dp/2709662531?tag=topinalambricos-21&linkCode=osi&th=1&psc=1","Images":{"Primary":{"Small":{"Height":75,"URL":"https://m.media-amazon.com/images/I/41ZVAQfPOcL._SL75_.jpg","Width":48}}},"ItemInfo":{"ByLineInfo":{"Brand":{"DisplayValue":"LATTES","Label":"Brand","Locale":"es_ES"},"Contributors":[{"Locale":"es_ES","Name":"Grandes, Almudena","Role":"Autor","RoleType":"author"}],"Manufacturer":{"DisplayValue":"JC Lattès","Label":"Manufacturer","Locale":"es_ES"}},"Title":{"DisplayValue":"Les patients du docteur Garcia (Littérature étrangère)","Label":"Title","Locale":"es_ES"}},"Offers":{"Summaries":[{"Condition":{"Value":"Used"},"LowestPrice":{"Amount":9.11,"Currency":"EUR","DisplayAmount":"9,11 €"}},{"Condition":{"Value":"New"},"LowestPrice":{"Amount":24.5,"Currency":"EUR","DisplayAmount":"24,50 €"}}]}},{"ASIN":"B09ZJ313QS","DetailPageURL":"https://www.amazon.es/dp/B09ZJ313QS?tag=topinalambricos-21&linkCode=osi&th=1&psc=1","Images":{"Primary":{"Small":{"Height":75,"URL":"https://m.media-amazon.com/images/I/51d665e+xkL._SL75_.jpg","Width":49}}},"ItemInfo":{"ByLineInfo":{"Contributors":[{"Locale":"es_ES","Name":"Grandes, Almudena","Role":"Autor","RoleType":"author"}],"Manufacturer":{"DisplayValue":"Tusquets Editores S.A.","Label":"Manufacturer","Locale":"es_ES"}},"Title":{"DisplayValue":"Pack Episodios de una guerra interminable: Inés y la alegría, El lector de Julio Verne, Las tres bodas de Manolita, Los pacientes del doctor García, La madre de Frankenstein","Label":"Title","Locale":"es_ES"}},"Offers":{"Summaries":[{"Condition":{"Value":"New"},"LowestPrice":{"Amount":33.24,"Currency":"EUR","DisplayAmount":"33,24 €"}}]}},{"ASIN":"841107109X","DetailPageURL":"https://www.amazon.es/dp/841107109X?tag=topinalambricos-21&linkCode=osi&th=1&psc=1","Images":{"Primary":{"Small":{"Height":68,"URL":"https://m.media-amazon.com/images/I/41oxGZctc0L._SL75_.jpg","Width":75}}},"ItemInfo":{"ByLineInfo":{"Brand":{"DisplayValue":"Tusquets Editores S.A.","Label":"Brand","Locale":"es_ES"},"Contributors":[{"Locale":"es_ES","Name":"Grandes, Almudena","Role":"Autor","RoleType":"author"}],"Manufacturer":{"DisplayValue":"Tusquets Editores S.A.","Label":"Manufacturer","Locale":"es_ES"}},"Title":{"DisplayValue":"Estuche Episodios de una Guerra Interminable: Inés y la alegría, El lector de Julio Verne, Las tres bodas de Manolita, Los pacientes del doctor García, La madre de Frankenstein (Andanzas)","Label":"Title","Locale":"es_ES"}},"Offers":{"Summaries":[{"Condition":{"Value":"New"},"LowestPrice":{"Amount":107.01,"Currency":"EUR","DisplayAmount":"107,01 €"}}]}},{"ASIN":"9056726099","DetailPageURL":"https://www.amazon.es/dp/9056726099?tag=topinalambricos-21&linkCode=osi&th=1&psc=1","Images":{"Primary":{"Small":{"Height":75,"URL":"https://m.media-amazon.com/images/I/51bISkcjLRL._SL75_.jpg","Width":48}}},"ItemInfo":{"ByLineInfo":{"Brand":{"DisplayValue":"Signatuur","Label":"Brand","Locale":"es_ES"},"Contributors":[{"Locale":"es_ES","Name":"Grandes, Almudena","Role":"Autor","RoleType":"author"},{"Locale":"es_ES","Name":"Buursma, Mia","Role":"Traductor","RoleType":"translator"},{"Locale":"es_ES","Name":"Degenaar, Rikkie","Role":"Traductor","RoleType":"translator"}],"Manufacturer":{"DisplayValue":"Signatuur","Label":"Manufacturer","Locale":"es_ES"}},"Title":{"DisplayValue":"De patiënten van dokter García","Label":"Title","Locale":"es_ES"}},"Offers":{"Summaries":[{"Condition":{"Value":"New"},"LowestPrice":{"Amount":29.57,"Currency":"EUR","DisplayAmount":"29,57 €"}}]}},{"ASIN":"8408258613","DetailPageURL":"https://www.amazon.es/dp/8408258613?tag=topinalambricos-21&linkCode=osi&th=1&psc=1","Images":{"Primary":{"Small":{"Height":75,"URL":"https://m.media-amazon.com/images/I/41KF-Uf51fL._SL75_.jpg","Width":48}}},"ItemInfo":{"ByLineInfo":{"Brand":{"DisplayValue":"Booket","Label":"Brand","Locale":"es_ES"},"Contributors":[{"Locale":"es_ES","Name":"García Sáenz de Urturi, Eva","Role":"Autor","RoleType":"author"}],"Manufacturer":{"DisplayValue":"Booket","Label":"Manufacturer","Locale":"es_ES"}},"Title":{"DisplayValue":"Aquitania: Premio Planeta 2020 (Novela)","Label":"Title","Locale":"es_ES"}},"Offers":{"Summaries":[{"Condition":{"Value":"Used"},"LowestPrice":{"Amount":8.96,"Currency":"EUR","DisplayAmount":"8,96 €"}},{"Condition":{"Value":"New"},"LowestPrice":{"Amount":9.3,"Currency":"EUR","DisplayAmount":"9,30 €"}}]}},{"ASIN":"8418945702","DetailPageURL":"https://www.amazon.es/dp/8418945702?tag=topinalambricos-21&linkCode=osi&th=1&psc=1","Images":{"Primary":{"Small":{"Height":75,"URL":"https://m.media-amazon.com/images/I/51SeyYCt3sL._SL75_.jpg","Width":50}}},"ItemInfo":{"ByLineInfo":{"Contributors":[{"Locale":"es_ES","Name":"Hazelwood, Ali","Role":"Autor","RoleType":"author"},{"Locale":"es_ES","Name":"Gilabert Giménez, Nerea","Role":"Traductor","RoleType":"translator"}],"Manufacturer":{"DisplayValue":"Contraluz Editorial","Label":"Manufacturer","Locale":"es_ES"}},"Title":{"DisplayValue":"La teoría del amor (Contraluz) Español","Label":"Title","Locale":"es_ES"}},"Offers":{"Summaries":[{"Condition":{"Value":"New"},"LowestPrice":{"Amount":18.0,"Currency":"EUR","DisplayAmount":"18,00 €"}}]}}],"SearchURL":"https://www.amazon.es/s?k=los+pacientes+del+doctor+garc%C3%ADa&rh=n%3A599364031%2Cp_n_availability%3A-1&tag=topinalambricos-21&linkCode=osi","TotalResultCount":41}}}