{"4":{"SearchResult":{"Items":[{"ASIN":"B0C6LPS2FS","DetailPageURL":"https://www.amazon.es/dp/B0C6LPS2FS?tag=topinalambricos-21&linkCode=osi&th=1&psc=1","Images":{"Primary":{"Small":{"Height":75,"URL":"https://m.media-amazon.com/images/I/61saj5jsPiL._SL75_.jpg","Width":75}}},"ItemInfo":{"ByLineInfo":{"Brand":{"DisplayValue":"NEULEBEN","Label":"Brand","Locale":"es_ES"}},"Title":{"DisplayValue":"Pegatinas divertidas de hierba, 150 pegatinas de dibujos animados de hojas de marihuana para adolescentes y adultos, pegatinas impermeables de vinilo de hojas mixtas, álbum de recortes y guitarra","Label":"Title","Locale":"es_ES"}},"Offers":{"Summaries":[{"Condition":{"Value":"New"},"LowestPrice":{"Amount":10.99,"Currency":"EUR","DisplayAmount":"10,99 €"}}]}},{"ASIN":"B0BMVH4J88","DetailPageURL":"https://www.amazon.es/dp/B0BMVH4J88?tag=topinalambricos-21&linkCode=osi&th=1&psc=1","Images":{"Primary":{"Small":{"Height":75,"URL":"https://m.media-amazon.com/images/I/61tGBZudfIL._SL75_.jpg","Width":75}}},"ItemInfo":{"ByLineInfo":{"Brand":{"DisplayValue":"AYODPE","Label":"Brand","Locale":"es_ES"},"Manufacturer":{"DisplayValue":"AYODPE","Label":"Manufacturer","Locale":"es_ES"}},"Title":{"DisplayValue":"AYODPE 100 pegatinas de malas hierbas, vinilo resistente al agua para bricolaje, portátil, equipaje, frigorífico, monopatín, coche, moto, bicicleta, pegatinas de marihuana, juego de pegatinas","Label":"Title","Locale":"es_ES"}},"Offers":{"Summaries":[{"Condition":{"Value":"New"},"LowestPrice":{"Amount":11.97,"Currency":"EUR","DisplayAmount":"11,97 € (0,12 € / unidad)","PricePerUnit":0.12}},{"Condition":{"Value":"Used"},"LowestPrice":{"Amount":8.52,"Currency":"EUR","DisplayAmount":"8,52 € (0,09 € / unidad)","PricePerUnit":0.09}}]}},{"ASIN":"B0C8ZF6PDL","DetailPageURL":"https://www.amazon.es/dp/B0C8ZF6PDL?tag=topinalambricos-21&linkCode=osi&th=1&psc=1","Images":{"Primary":{"Small":{"Height":75,"URL":"https://m.media-amazon.com/images/I/51nhVepA96L._SL75_.jpg","Width":75}}},"ItemInfo":{"ByLineInfo":{"Brand":{"DisplayValue":"AK Giftshop","Label":"Brand","Locale":"es_ES"},"Manufacturer":{"DisplayValue":"AK Giftshop","Label":"Manufacturer","Locale":"es_ES"}},"Title":{"DisplayValue":"Pegatinas personalizables con temática de hojas de marihuana de cannabis, etiquetas personalizadas, decoraciones para fiestas, cumpleaños, celebraciones (48 pegatinas)","Label":"Title","Locale":"es_ES"}},"Offers":{"Summaries":[{"Condition":{"Value":"New"},"LowestPrice":{"Amount":5.82,"Currency":"EUR","DisplayAmount":"5,82 €"}}]}},{"ASIN":"B09T8PK6GY","DetailPageURL":"https://www.amazon.es/dp/B09T8PK6GY?tag=topinalambricos-21&linkCode=osi&th=1&psc=1","Images":{"Primary":{"Small":{"Height":75,"URL":"https://m.media-amazon.com/images/I/51tneD1zs9L._SL75_.jpg","Width":75}}},"ItemInfo":{"ByLineInfo":{"Brand":{"DisplayValue":"HNTR","Label":"Brand","Locale":"es_ES"},"Manufacturer":{"DisplayValue":"HNTR","Label":"Manufacturer","Locale":"es_ES"}},"Title":{"DisplayValue":"HNTR Pegatinas de cannabis Weed Get High – Paquete de pegatinas de vinilo Mega Diversión y creatividad para álbumes de recortes","Label":"Title","Locale":"es_ES"}},"Offers":{"Summaries":[{"Condition":{"Value":"New"},"LowestPrice":{"Amount":17.17,"Currency":"EUR","DisplayAmount":"17,17 € (0,34 € / unidad)","PricePerUnit":0.34}}]}},{"ASIN":"B08297GX94","DetailPageURL":"https://www.amazon.es/dp/B08297GX94?tag=topinalambricos-21&linkCode=osi&th=1&psc=1","Images":{"Primary":{"Small":{"Height":75,"URL":"https://m.media-amazon.com/images/I/51qX3QTO0iL._SL75_.jpg","Width":75}}},"ItemInfo":{"ByLineInfo":{"Brand":{"DisplayValue":"Destination Vinyl Ltd","Label":"Brand","Locale":"es_ES"},"Manufacturer":{"DisplayValue":"Destination Vinyl ltd","Label":"Manufacturer","Locale":"es_ES"}},"Title":{"DisplayValue":"Impresionantes pegatinas de vinilo (juego de 2) 7.5 cm – Calcomanías de marihuana con marihuana y marihuana para laptops, tabletas, equipaje, libros de recortes, regalo genial #1403114473, 23x17x1 cm","Label":"Title","Locale":"es_ES"}},"Offers":{"Summaries":[{"Condition":{"Value":"New"},"LowestPrice":{"Amount":13.75,"Currency":"EUR","DisplayAmount":"13,75 €"}}]}},{"ASIN":"B01AHJC9ZM","DetailPageURL":"https://www.amazon.es/dp/B01AHJC9ZM?tag=topinalambricos-21&linkCode=osi&th=1&psc=1","Images":{"Primary":{"Small":{"Height":75,"URL":"https://m.media-amazon.com/images/I/51W08-mMEfL._SL75_.jpg","Width":56}}},"ItemInfo":{"ByLineInfo":{"Brand":{"DisplayValue":"Charo","Label":"Brand","Locale":"es_ES"},"Manufacturer":{"DisplayValue":"Charo","Label":"Manufacturer","Locale":"es_ES"}},"Title":{"DisplayValue":"Pegatinas para plantas de cannabis, 20 unidades, 1 hoja, 135 mm x 100 mm, para manualidades, fiesta infantil, aspecto metálico","Label":"Title","Locale":"es_ES"}},"Offers":{"Summaries":[{"Condition":{"Value":"New"},"LowestPrice":{"Amount":2.99,"Currency":"EUR","DisplayAmount":"2,99 €"}}]}},{"ASIN":"B08K86S5L7","DetailPageURL":"https://www.amazon.es/dp/B08K86S5L7?tag=topinalambricos-21&linkCode=osi&th=1&psc=1","Images":{"Primary":{"Small":{"Height":52,"URL":"https://m.media-amazon.com/images/I/51aHVyxgnoL._SL75_.jpg","Width":75}}},"ItemInfo":{"ByLineInfo":{"Brand":{"DisplayValue":"Generisch","Label":"Brand","Locale":"es_ES"},"Manufacturer":{"DisplayValue":"Stickerfreaks","Label":"Manufacturer","Locale":"es_ES"}},"Title":{"DisplayValue":"Marihuana - Pegatinas para plantas (14 x 12 cm), diseño de flores","Label":"Title","Locale":"es_ES"}},"Offers":{"Summaries":[{"Condition":{"Value":"New"},"LowestPrice":{"Amount":4.75,"Currency":"EUR","DisplayAmount":"4,75 €"}}]}},{"ASIN":"B0BGC46S4R","DetailPageURL":"https://www.amazon.es/dp/B0BGC46S4R?tag=topinalambricos-21&linkCode=osi&th=1&psc=1","Images":{"Primary":{"Small":{"Height":75,"URL":"https://m.media-amazon.com/images/I/61gdoEUtbYL._SL75_.jpg","Width":75}}},"ItemInfo":{"ByLineInfo":{"Brand":{"DisplayValue":"QJFHURB","Label":"Brand","Locale":"es_ES"},"Manufacturer":{"DisplayValue":"QJFHURB","Label":"Manufacturer","Locale":"es_ES"}},"Title":{"DisplayValue":"Pegatinas De Marcas 251 piezas Pack Pegatinas Skate Pegatina Vinilo Chulas Famosas Stickers Decorativas Stikers Portatil Pegatina Vinilo para Ordenador Maletas Coche Moto Casco Bicicletas","Label":"Title","Locale":"es_ES"}},"Offers":{"Summaries":[{"Condition":{"Value":"New"},"LowestPrice":{"Amount":11.99,"Currency":"EUR","DisplayAmount":"11,99 € (6,00 € / unidad)","PricePerUnit":6.0}}]}},{"ASIN":"B09PBK5X2D","DetailPageURL":"https://www.amazon.es/dp/B09PBK5X2D?tag=topinalambricos-21&linkCode=osi&th=1&psc=1","Images":{"Primary":{"Small":{"Height":75,"URL":"https://m.media-amazon.com/images/I/61BcnLW1KXL._SL75_.jpg","Width":75}}},"ItemInfo":{"ByLineInfo":{"Brand":{"DisplayValue":"ACTTGGJ","Label":"Brand","Locale":"es_ES"},"Manufacturer":{"DisplayValue":"ACTTGGJ","Label":"Manufacturer","Locale":"es_ES"}},"Title":{"DisplayValue":"Pegatinas 100 Piezas Paquete de Pegatinas para Computadora Portátil Pegatinas de Vinilo Graffiti Sticker de Moda Pegatinas Geniales para Snowboard, Motocicleta,Guitarra Botella de Agua, Cuaderno","Label":"Title","Locale":"es_ES"}},"Offers":{"Summaries":[{"Condition":{"Value":"New"},"LowestPrice":{"Amount":9.99,"Currency":"EUR","DisplayAmount":"9,99 € (0,10 € / unidad)","PricePerUnit":0.1}}]}},{"ASIN":"B086J5TC35","DetailPageURL":"https://www.amazon.es/dp/B086J5TC35?tag=topinalambricos-21&linkCode=osi&th=1&psc=1","Images":{"Primary":{"Small":{"Height":75,"URL":"https://m.media-amazon.com/images/I/51M4O8NICOL._SL75_.jpg","Width":75}}},"ItemInfo":{"ByLineInfo":{"Brand":{"DisplayValue":"Destination Vinyl Ltd","Label":"Brand","Locale":"es_ES"},"Manufacturer":{"DisplayValue":"Destination Vinyl Ltd","Label":"Manufacturer","Locale":"es_ES"}},"Title":{"DisplayValue":"2 pegatinas de vinilo divertidas de 10 cm, diseño de marihuana de broma, cannabis y marihuana 10cm Wide","Label":"Title","Locale":"es_ES"}},"Offers":{"Summaries":[{"Condition":{"Value":"New"},"LowestPrice":{"Amount":13.02,"Currency":"EUR","DisplayAmount":"13,02 €"}}]}}],"SearchURL":"https://www.amazon.es/s?k=pegatinas+marihuana&rh=n%3A4358418031%2Cp_n_availability%3A-1&tag=topinalambricos-21&linkCode=osi","TotalResultCount":53}},"6":{"SearchResult":{"Items":[{"ASIN":"B0C6LPS2FS","DetailPageURL":"https://www.amazon.es/dp/B0C6LPS2FS?tag=topinalambricos-21&linkCode=osi&th=1&psc=1","Images":{"Primary":{"Small":{"Height":75,"URL":"https://m.media-amazon.com/images/I/61saj5jsPiL._SL75_.jpg","Width":75}}},"ItemInfo":{"ByLineInfo":{"Brand":{"DisplayValue":"NEULEBEN","Label":"Brand","Locale":"es_ES"}},"Title":{"DisplayValue":"Pegatinas divertidas de hierba, 150 pegatinas de dibujos animados de hojas de marihuana para adolescentes y adultos, pegatinas impermeables de vinilo de hojas mixtas, álbum de recortes y guitarra","Label":"Title","Locale":"es_ES"}},"Offers":{"Summaries":[{"Condition":{"Value":"New"},"LowestPrice":{"Amount":10.99,"Currency":"EUR","DisplayAmount":"10,99 €"}}]}},{"ASIN":"B0BMVH4J88","DetailPageURL":"https://www.amazon.es/dp/B0BMVH4J88?tag=topinalambricos-21&linkCode=osi&th=1&psc=1","Images":{"Primary":{"Small":{"Height":75,"URL":"https://m.media-amazon.com/images/I/61tGBZudfIL._SL75_.jpg","Width":75}}},"ItemInfo":{"ByLineInfo":{"Brand":{"DisplayValue":"AYODPE","Label":"Brand","Locale":"es_ES"},"Manufacturer":{"DisplayValue":"AYODPE","Label":"Manufacturer","Locale":"es_ES"}},"Title":{"DisplayValue":"AYODPE 100 pegatinas de malas hierbas, vinilo resistente al agua para bricolaje, portátil, equipaje, frigorífico, monopatín, coche, moto, bicicleta, pegatinas de marihuana, juego de pegatinas","Label":"Title","Locale":"es_ES"}},"Offers":{"Summaries":[{"Condition":{"Value":"New"},"LowestPrice":{"Amount":11.97,"Currency":"EUR","DisplayAmount":"11,97 € (0,12 € / unidad)","PricePerUnit":0.12}},{"Condition":{"Value":"Used"},"LowestPrice":{"Amount":8.52,"Currency":"EUR","DisplayAmount":"8,52 € (0,09 € / unidad)","PricePerUnit":0.09}}]}},{"ASIN":"B0C8ZF6PDL","DetailPageURL":"https://www.amazon.es/dp/B0C8ZF6PDL?tag=topinalambricos-21&linkCode=osi&th=1&psc=1","Images":{"Primary":{"Small":{"Height":75,"URL":"https://m.media-amazon.com/images/I/51nhVepA96L._SL75_.jpg","Width":75}}},"ItemInfo":{"ByLineInfo":{"Brand":{"DisplayValue":"AK Giftshop","Label":"Brand","Locale":"es_ES"},"Manufacturer":{"DisplayValue":"AK Giftshop","Label":"Manufacturer","Locale":"es_ES"}},"Title":{"DisplayValue":"Pegatinas personalizables con temática de hojas de marihuana de cannabis, etiquetas personalizadas, decoraciones para fiestas, cumpleaños, celebraciones (48 pegatinas)","Label":"Title","Locale":"es_ES"}},"Offers":{"Summaries":[{"Condition":{"Value":"New"},"LowestPrice":{"Amount":5.82,"Currency":"EUR","DisplayAmount":"5,82 €"}}]}},{"ASIN":"B09T8PK6GY","DetailPageURL":"https://www.amazon.es/dp/B09T8PK6GY?tag=topinalambricos-21&linkCode=osi&th=1&psc=1","Images":{"Primary":{"Small":{"Height":75,"URL":"https://m.media-amazon.com/images/I/51tneD1zs9L._SL75_.jpg","Width":75}}},"ItemInfo":{"ByLineInfo":{"Brand":{"DisplayValue":"HNTR","Label":"Brand","Locale":"es_ES"},"Manufacturer":{"DisplayValue":"HNTR","Label":"Manufacturer","Locale":"es_ES"}},"Title":{"DisplayValue":"HNTR Pegatinas de cannabis Weed Get High – Paquete de pegatinas de vinilo Mega Diversión y creatividad para álbumes de recortes","Label":"Title","Locale":"es_ES"}},"Offers":{"Summaries":[{"Condition":{"Value":"New"},"LowestPrice":{"Amount":17.17,"Currency":"EUR","DisplayAmount":"17,17 € (0,34 € / unidad)","PricePerUnit":0.34}}]}},{"ASIN":"B08297GX94","DetailPageURL":"https://www.amazon.es/dp/B08297GX94?tag=topinalambricos-21&linkCode=osi&th=1&psc=1","Images":{"Primary":{"Small":{"Height":75,"URL":"https://m.media-amazon.com/images/I/51qX3QTO0iL._SL75_.jpg","Width":75}}},"ItemInfo":{"ByLineInfo":{"Brand":{"DisplayValue":"Destination Vinyl Ltd","Label":"Brand","Locale":"es_ES"},"Manufacturer":{"DisplayValue":"Destination Vinyl ltd","Label":"Manufacturer","Locale":"es_ES"}},"Title":{"DisplayValue":"Impresionantes pegatinas de vinilo (juego de 2) 7.5 cm – Calcomanías de marihuana con marihuana y marihuana para laptops, tabletas, equipaje, libros de recortes, regalo genial #1403114473, 23x17x1 cm","Label":"Title","Locale":"es_ES"}},"Offers":{"Summaries":[{"Condition":{"Value":"New"},"LowestPrice":{"Amount":13.75,"Currency":"EUR","DisplayAmount":"13,75 €"}}]}},{"ASIN":"B01AHJC9ZM","DetailPageURL":"https://www.amazon.es/dp/B01AHJC9ZM?tag=topinalambricos-21&linkCode=osi&th=1&psc=1","Images":{"Primary":{"Small":{"Height":75,"URL":"https://m.media-amazon.com/images/I/51W08-mMEfL._SL75_.jpg","Width":56}}},"ItemInfo":{"ByLineInfo":{"Brand":{"DisplayValue":"Charo","Label":"Brand","Locale":"es_ES"},"Manufacturer":{"DisplayValue":"Charo","Label":"Manufacturer","Locale":"es_ES"}},"Title":{"DisplayValue":"Pegatinas para plantas de cannabis, 20 unidades, 1 hoja, 135 mm x 100 mm, para manualidades, fiesta infantil, aspecto metálico","Label":"Title","Locale":"es_ES"}},"Offers":{"Summaries":[{"Condition":{"Value":"New"},"LowestPrice":{"Amount":2.99,"Currency":"EUR","DisplayAmount":"2,99 €"}}]}},{"ASIN":"B08K86S5L7","DetailPageURL":"https://www.amazon.es/dp/B08K86S5L7?tag=topinalambricos-21&linkCode=osi&th=1&psc=1","Images":{"Primary":{"Small":{"Height":52,"URL":"https://m.media-amazon.com/images/I/51aHVyxgnoL._SL75_.jpg","Width":75}}},"ItemInfo":{"ByLineInfo":{"Brand":{"DisplayValue":"Generisch","Label":"Brand","Locale":"es_ES"},"Manufacturer":{"DisplayValue":"Stickerfreaks","Label":"Manufacturer","Locale":"es_ES"}},"Title":{"DisplayValue":"Marihuana - Pegatinas para plantas (14 x 12 cm), diseño de flores","Label":"Title","Locale":"es_ES"}},"Offers":{"Summaries":[{"Condition":{"Value":"New"},"LowestPrice":{"Amount":4.75,"Currency":"EUR","DisplayAmount":"4,75 €"}}]}},{"ASIN":"B0BGC46S4R","DetailPageURL":"https://www.amazon.es/dp/B0BGC46S4R?tag=topinalambricos-21&linkCode=osi&th=1&psc=1","Images":{"Primary":{"Small":{"Height":75,"URL":"https://m.media-amazon.com/images/I/61gdoEUtbYL._SL75_.jpg","Width":75}}},"ItemInfo":{"ByLineInfo":{"Brand":{"DisplayValue":"QJFHURB","Label":"Brand","Locale":"es_ES"},"Manufacturer":{"DisplayValue":"QJFHURB","Label":"Manufacturer","Locale":"es_ES"}},"Title":{"DisplayValue":"Pegatinas De Marcas 251 piezas Pack Pegatinas Skate Pegatina Vinilo Chulas Famosas Stickers Decorativas Stikers Portatil Pegatina Vinilo para Ordenador Maletas Coche Moto Casco Bicicletas","Label":"Title","Locale":"es_ES"}},"Offers":{"Summaries":[{"Condition":{"Value":"New"},"LowestPrice":{"Amount":11.99,"Currency":"EUR","DisplayAmount":"11,99 € (6,00 € / unidad)","PricePerUnit":6.0}}]}},{"ASIN":"B09PBK5X2D","DetailPageURL":"https://www.amazon.es/dp/B09PBK5X2D?tag=topinalambricos-21&linkCode=osi&th=1&psc=1","Images":{"Primary":{"Small":{"Height":75,"URL":"https://m.media-amazon.com/images/I/61BcnLW1KXL._SL75_.jpg","Width":75}}},"ItemInfo":{"ByLineInfo":{"Brand":{"DisplayValue":"ACTTGGJ","Label":"Brand","Locale":"es_ES"},"Manufacturer":{"DisplayValue":"ACTTGGJ","Label":"Manufacturer","Locale":"es_ES"}},"Title":{"DisplayValue":"Pegatinas 100 Piezas Paquete de Pegatinas para Computadora Portátil Pegatinas de Vinilo Graffiti Sticker de Moda Pegatinas Geniales para Snowboard, Motocicleta,Guitarra Botella de Agua, Cuaderno","Label":"Title","Locale":"es_ES"}},"Offers":{"Summaries":[{"Condition":{"Value":"New"},"LowestPrice":{"Amount":9.99,"Currency":"EUR","DisplayAmount":"9,99 € (0,10 € / unidad)","PricePerUnit":0.1}}]}},{"ASIN":"B086J5TC35","DetailPageURL":"https://www.amazon.es/dp/B086J5TC35?tag=topinalambricos-21&linkCode=osi&th=1&psc=1","Images":{"Primary":{"Small":{"Height":75,"URL":"https://m.media-amazon.com/images/I/51M4O8NICOL._SL75_.jpg","Width":75}}},"ItemInfo":{"ByLineInfo":{"Brand":{"DisplayValue":"Destination Vinyl Ltd","Label":"Brand","Locale":"es_ES"},"Manufacturer":{"DisplayValue":"Destination Vinyl Ltd","Label":"Manufacturer","Locale":"es_ES"}},"Title":{"DisplayValue":"2 pegatinas de vinilo divertidas de 10 cm, diseño de marihuana de broma, cannabis y marihuana 10cm Wide","Label":"Title","Locale":"es_ES"}},"Offers":{"Summaries":[{"Condition":{"Value":"New"},"LowestPrice":{"Amount":13.02,"Currency":"EUR","DisplayAmount":"13,02 €"}}]}}],"SearchURL":"https://www.amazon.es/s?k=pegatinas+marihuana&rh=n%3A4358418031%2Cp_n_availability%3A-1&tag=topinalambricos-21&linkCode=osi","TotalResultCount":53}},"7":{"SearchResult":{"Items":[{"ASIN":"B0C6LPS2FS","DetailPageURL":"https://www.amazon.es/dp/B0C6LPS2FS?tag=topinalambricos-21&linkCode=osi&th=1&psc=1","Images":{"Primary":{"Small":{"Height":75,"URL":"https://m.media-amazon.com/images/I/61saj5jsPiL._SL75_.jpg","Width":75}}},"ItemInfo":{"ByLineInfo":{"Brand":{"DisplayValue":"NEULEBEN","Label":"Brand","Locale":"es_ES"}},"Title":{"DisplayValue":"Pegatinas divertidas de hierba, 150 pegatinas de dibujos animados de hojas de marihuana para adolescentes y adultos, pegatinas impermeables de vinilo de hojas mixtas, álbum de recortes y guitarra","Label":"Title","Locale":"es_ES"}},"Offers":{"Summaries":[{"Condition":{"Value":"New"},"LowestPrice":{"Amount":10.99,"Currency":"EUR","DisplayAmount":"10,99 €"}}]}},{"ASIN":"B0BMVH4J88","DetailPageURL":"https://www.amazon.es/dp/B0BMVH4J88?tag=topinalambricos-21&linkCode=osi&th=1&psc=1","Images":{"Primary":{"Small":{"Height":75,"URL":"https://m.media-amazon.com/images/I/61tGBZudfIL._SL75_.jpg","Width":75}}},"ItemInfo":{"ByLineInfo":{"Brand":{"DisplayValue":"AYODPE","Label":"Brand","Locale":"es_ES"},"Manufacturer":{"DisplayValue":"AYODPE","Label":"Manufacturer","Locale":"es_ES"}},"Title":{"DisplayValue":"AYODPE 100 pegatinas de malas hierbas, vinilo resistente al agua para bricolaje, portátil, equipaje, frigorífico, monopatín, coche, moto, bicicleta, pegatinas de marihuana, juego de pegatinas","Label":"Title","Locale":"es_ES"}},"Offers":{"Summaries":[{"Condition":{"Value":"New"},"LowestPrice":{"Amount":11.97,"Currency":"EUR","DisplayAmount":"11,97 € (0,12 € / unidad)","PricePerUnit":0.12}},{"Condition":{"Value":"Used"},"LowestPrice":{"Amount":8.52,"Currency":"EUR","DisplayAmount":"8,52 € (0,09 € / unidad)","PricePerUnit":0.09}}]}},{"ASIN":"B0C8ZF6PDL","DetailPageURL":"https://www.amazon.es/dp/B0C8ZF6PDL?tag=topinalambricos-21&linkCode=osi&th=1&psc=1","Images":{"Primary":{"Small":{"Height":75,"URL":"https://m.media-amazon.com/images/I/51nhVepA96L._SL75_.jpg","Width":75}}},"ItemInfo":{"ByLineInfo":{"Brand":{"DisplayValue":"AK Giftshop","Label":"Brand","Locale":"es_ES"},"Manufacturer":{"DisplayValue":"AK Giftshop","Label":"Manufacturer","Locale":"es_ES"}},"Title":{"DisplayValue":"Pegatinas personalizables con temática de hojas de marihuana de cannabis, etiquetas personalizadas, decoraciones para fiestas, cumpleaños, celebraciones (48 pegatinas)","Label":"Title","Locale":"es_ES"}},"Offers":{"Summaries":[{"Condition":{"Value":"New"},"LowestPrice":{"Amount":5.82,"Currency":"EUR","DisplayAmount":"5,82 €"}}]}},{"ASIN":"B09T8PK6GY","DetailPageURL":"https://www.amazon.es/dp/B09T8PK6GY?tag=topinalambricos-21&linkCode=osi&th=1&psc=1","Images":{"Primary":{"Small":{"Height":75,"URL":"https://m.media-amazon.com/images/I/51tneD1zs9L._SL75_.jpg","Width":75}}},"ItemInfo":{"ByLineInfo":{"Brand":{"DisplayValue":"HNTR","Label":"Brand","Locale":"es_ES"},"Manufacturer":{"DisplayValue":"HNTR","Label":"Manufacturer","Locale":"es_ES"}},"Title":{"DisplayValue":"HNTR Pegatinas de cannabis Weed Get High – Paquete de pegatinas de vinilo Mega Diversión y creatividad para álbumes de recortes","Label":"Title","Locale":"es_ES"}},"Offers":{"Summaries":[{"Condition":{"Value":"New"},"LowestPrice":{"Amount":17.17,"Currency":"EUR","DisplayAmount":"17,17 € (0,34 € / unidad)","PricePerUnit":0.34}}]}},{"ASIN":"B08297GX94","DetailPageURL":"https://www.amazon.es/dp/B08297GX94?tag=topinalambricos-21&linkCode=osi&th=1&psc=1","Images":{"Primary":{"Small":{"Height":75,"URL":"https://m.media-amazon.com/images/I/51qX3QTO0iL._SL75_.jpg","Width":75}}},"ItemInfo":{"ByLineInfo":{"Brand":{"DisplayValue":"Destination Vinyl Ltd","Label":"Brand","Locale":"es_ES"},"Manufacturer":{"DisplayValue":"Destination Vinyl ltd","Label":"Manufacturer","Locale":"es_ES"}},"Title":{"DisplayValue":"Impresionantes pegatinas de vinilo (juego de 2) 7.5 cm – Calcomanías de marihuana con marihuana y marihuana para laptops, tabletas, equipaje, libros de recortes, regalo genial #1403114473, 23x17x1 cm","Label":"Title","Locale":"es_ES"}},"Offers":{"Summaries":[{"Condition":{"Value":"New"},"LowestPrice":{"Amount":13.75,"Currency":"EUR","DisplayAmount":"13,75 €"}}]}},{"ASIN":"B01AHJC9ZM","DetailPageURL":"https://www.amazon.es/dp/B01AHJC9ZM?tag=topinalambricos-21&linkCode=osi&th=1&psc=1","Images":{"Primary":{"Small":{"Height":75,"URL":"https://m.media-amazon.com/images/I/51W08-mMEfL._SL75_.jpg","Width":56}}},"ItemInfo":{"ByLineInfo":{"Brand":{"DisplayValue":"Charo","Label":"Brand","Locale":"es_ES"},"Manufacturer":{"DisplayValue":"Charo","Label":"Manufacturer","Locale":"es_ES"}},"Title":{"DisplayValue":"Pegatinas para plantas de cannabis, 20 unidades, 1 hoja, 135 mm x 100 mm, para manualidades, fiesta infantil, aspecto metálico","Label":"Title","Locale":"es_ES"}},"Offers":{"Summaries":[{"Condition":{"Value":"New"},"LowestPrice":{"Amount":2.99,"Currency":"EUR","DisplayAmount":"2,99 €"}}]}},{"ASIN":"B08K86S5L7","DetailPageURL":"https://www.amazon.es/dp/B08K86S5L7?tag=topinalambricos-21&linkCode=osi&th=1&psc=1","Images":{"Primary":{"Small":{"Height":52,"URL":"https://m.media-amazon.com/images/I/51aHVyxgnoL._SL75_.jpg","Width":75}}},"ItemInfo":{"ByLineInfo":{"Brand":{"DisplayValue":"Generisch","Label":"Brand","Locale":"es_ES"},"Manufacturer":{"DisplayValue":"Stickerfreaks","Label":"Manufacturer","Locale":"es_ES"}},"Title":{"DisplayValue":"Marihuana - Pegatinas para plantas (14 x 12 cm), diseño de flores","Label":"Title","Locale":"es_ES"}},"Offers":{"Summaries":[{"Condition":{"Value":"New"},"LowestPrice":{"Amount":4.75,"Currency":"EUR","DisplayAmount":"4,75 €"}}]}},{"ASIN":"B0BGC46S4R","DetailPageURL":"https://www.amazon.es/dp/B0BGC46S4R?tag=topinalambricos-21&linkCode=osi&th=1&psc=1","Images":{"Primary":{"Small":{"Height":75,"URL":"https://m.media-amazon.com/images/I/61gdoEUtbYL._SL75_.jpg","Width":75}}},"ItemInfo":{"ByLineInfo":{"Brand":{"DisplayValue":"QJFHURB","Label":"Brand","Locale":"es_ES"},"Manufacturer":{"DisplayValue":"QJFHURB","Label":"Manufacturer","Locale":"es_ES"}},"Title":{"DisplayValue":"Pegatinas De Marcas 251 piezas Pack Pegatinas Skate Pegatina Vinilo Chulas Famosas Stickers Decorativas Stikers Portatil Pegatina Vinilo para Ordenador Maletas Coche Moto Casco Bicicletas","Label":"Title","Locale":"es_ES"}},"Offers":{"Summaries":[{"Condition":{"Value":"New"},"LowestPrice":{"Amount":11.99,"Currency":"EUR","DisplayAmount":"11,99 € (6,00 € / unidad)","PricePerUnit":6.0}}]}},{"ASIN":"B09PBK5X2D","DetailPageURL":"https://www.amazon.es/dp/B09PBK5X2D?tag=topinalambricos-21&linkCode=osi&th=1&psc=1","Images":{"Primary":{"Small":{"Height":75,"URL":"https://m.media-amazon.com/images/I/61BcnLW1KXL._SL75_.jpg","Width":75}}},"ItemInfo":{"ByLineInfo":{"Brand":{"DisplayValue":"ACTTGGJ","Label":"Brand","Locale":"es_ES"},"Manufacturer":{"DisplayValue":"ACTTGGJ","Label":"Manufacturer","Locale":"es_ES"}},"Title":{"DisplayValue":"Pegatinas 100 Piezas Paquete de Pegatinas para Computadora Portátil Pegatinas de Vinilo Graffiti Sticker de Moda Pegatinas Geniales para Snowboard, Motocicleta,Guitarra Botella de Agua, Cuaderno","Label":"Title","Locale":"es_ES"}},"Offers":{"Summaries":[{"Condition":{"Value":"New"},"LowestPrice":{"Amount":9.99,"Currency":"EUR","DisplayAmount":"9,99 € (0,10 € / unidad)","PricePerUnit":0.1}}]}},{"ASIN":"B086J5TC35","DetailPageURL":"https://www.amazon.es/dp/B086J5TC35?tag=topinalambricos-21&linkCode=osi&th=1&psc=1","Images":{"Primary":{"Small":{"Height":75,"URL":"https://m.media-amazon.com/images/I/51M4O8NICOL._SL75_.jpg","Width":75}}},"ItemInfo":{"ByLineInfo":{"Brand":{"DisplayValue":"Destination Vinyl Ltd","Label":"Brand","Locale":"es_ES"},"Manufacturer":{"DisplayValue":"Destination Vinyl Ltd","Label":"Manufacturer","Locale":"es_ES"}},"Title":{"DisplayValue":"2 pegatinas de vinilo divertidas de 10 cm, diseño de marihuana de broma, cannabis y marihuana 10cm Wide","Label":"Title","Locale":"es_ES"}},"Offers":{"Summaries":[{"Condition":{"Value":"New"},"LowestPrice":{"Amount":13.02,"Currency":"EUR","DisplayAmount":"13,02 €"}}]}}],"SearchURL":"https://www.amazon.es/s?k=pegatinas+marihuana&rh=n%3A4358418031%2Cp_n_availability%3A-1&tag=topinalambricos-21&linkCode=osi","TotalResultCount":53}},"8":{"SearchResult":{"Items":[{"ASIN":"B0C6LPS2FS","DetailPageURL":"https://www.amazon.es/dp/B0C6LPS2FS?tag=topinalambricos-21&linkCode=osi&th=1&psc=1","Images":{"Primary":{"Small":{"Height":75,"URL":"https://m.media-amazon.com/images/I/61saj5jsPiL._SL75_.jpg","Width":75}}},"ItemInfo":{"ByLineInfo":{"Brand":{"DisplayValue":"NEULEBEN","Label":"Brand","Locale":"es_ES"}},"Title":{"DisplayValue":"Pegatinas divertidas de hierba, 150 pegatinas de dibujos animados de hojas de marihuana para adolescentes y adultos, pegatinas impermeables de vinilo de hojas mixtas, álbum de recortes y guitarra","Label":"Title","Locale":"es_ES"}},"Offers":{"Summaries":[{"Condition":{"Value":"New"},"LowestPrice":{"Amount":10.99,"Currency":"EUR","DisplayAmount":"10,99 €"}}]}},{"ASIN":"B0BMVH4J88","DetailPageURL":"https://www.amazon.es/dp/B0BMVH4J88?tag=topinalambricos-21&linkCode=osi&th=1&psc=1","Images":{"Primary":{"Small":{"Height":75,"URL":"https://m.media-amazon.com/images/I/61tGBZudfIL._SL75_.jpg","Width":75}}},"ItemInfo":{"ByLineInfo":{"Brand":{"DisplayValue":"AYODPE","Label":"Brand","Locale":"es_ES"},"Manufacturer":{"DisplayValue":"AYODPE","Label":"Manufacturer","Locale":"es_ES"}},"Title":{"DisplayValue":"AYODPE 100 pegatinas de malas hierbas, vinilo resistente al agua para bricolaje, portátil, equipaje, frigorífico, monopatín, coche, moto, bicicleta, pegatinas de marihuana, juego de pegatinas","Label":"Title","Locale":"es_ES"}},"Offers":{"Summaries":[{"Condition":{"Value":"New"},"LowestPrice":{"Amount":11.97,"Currency":"EUR","DisplayAmount":"11,97 € (0,12 € / unidad)","PricePerUnit":0.12}},{"Condition":{"Value":"Used"},"LowestPrice":{"Amount":8.52,"Currency":"EUR","DisplayAmount":"8,52 € (0,09 € / unidad)","PricePerUnit":0.09}}]}},{"ASIN":"B0C8ZF6PDL","DetailPageURL":"https://www.amazon.es/dp/B0C8ZF6PDL?tag=topinalambricos-21&linkCode=osi&th=1&psc=1","Images":{"Primary":{"Small":{"Height":75,"URL":"https://m.media-amazon.com/images/I/51nhVepA96L._SL75_.jpg","Width":75}}},"ItemInfo":{"ByLineInfo":{"Brand":{"DisplayValue":"AK Giftshop","Label":"Brand","Locale":"es_ES"},"Manufacturer":{"DisplayValue":"AK Giftshop","Label":"Manufacturer","Locale":"es_ES"}},"Title":{"DisplayValue":"Pegatinas personalizables con temática de hojas de marihuana de cannabis, etiquetas personalizadas, decoraciones para fiestas, cumpleaños, celebraciones (48 pegatinas)","Label":"Title","Locale":"es_ES"}},"Offers":{"Summaries":[{"Condition":{"Value":"New"},"LowestPrice":{"Amount":5.82,"Currency":"EUR","DisplayAmount":"5,82 €"}}]}},{"ASIN":"B09T8PK6GY","DetailPageURL":"https://www.amazon.es/dp/B09T8PK6GY?tag=topinalambricos-21&linkCode=osi&th=1&psc=1","Images":{"Primary":{"Small":{"Height":75,"URL":"https://m.media-amazon.com/images/I/51tneD1zs9L._SL75_.jpg","Width":75}}},"ItemInfo":{"ByLineInfo":{"Brand":{"DisplayValue":"HNTR","Label":"Brand","Locale":"es_ES"},"Manufacturer":{"DisplayValue":"HNTR","Label":"Manufacturer","Locale":"es_ES"}},"Title":{"DisplayValue":"HNTR Pegatinas de cannabis Weed Get High – Paquete de pegatinas de vinilo Mega Diversión y creatividad para álbumes de recortes","Label":"Title","Locale":"es_ES"}},"Offers":{"Summaries":[{"Condition":{"Value":"New"},"LowestPrice":{"Amount":17.17,"Currency":"EUR","DisplayAmount":"17,17 € (0,34 € / unidad)","PricePerUnit":0.34}}]}},{"ASIN":"B08297GX94","DetailPageURL":"https://www.amazon.es/dp/B08297GX94?tag=topinalambricos-21&linkCode=osi&th=1&psc=1","Images":{"Primary":{"Small":{"Height":75,"URL":"https://m.media-amazon.com/images/I/51qX3QTO0iL._SL75_.jpg","Width":75}}},"ItemInfo":{"ByLineInfo":{"Brand":{"DisplayValue":"Destination Vinyl Ltd","Label":"Brand","Locale":"es_ES"},"Manufacturer":{"DisplayValue":"Destination Vinyl ltd","Label":"Manufacturer","Locale":"es_ES"}},"Title":{"DisplayValue":"Impresionantes pegatinas de vinilo (juego de 2) 7.5 cm – Calcomanías de marihuana con marihuana y marihuana para laptops, tabletas, equipaje, libros de recortes, regalo genial #1403114473, 23x17x1 cm","Label":"Title","Locale":"es_ES"}},"Offers":{"Summaries":[{"Condition":{"Value":"New"},"LowestPrice":{"Amount":13.75,"Currency":"EUR","DisplayAmount":"13,75 €"}}]}},{"ASIN":"B01AHJC9ZM","DetailPageURL":"https://www.amazon.es/dp/B01AHJC9ZM?tag=topinalambricos-21&linkCode=osi&th=1&psc=1","Images":{"Primary":{"Small":{"Height":75,"URL":"https://m.media-amazon.com/images/I/51W08-mMEfL._SL75_.jpg","Width":56}}},"ItemInfo":{"ByLineInfo":{"Brand":{"DisplayValue":"Charo","Label":"Brand","Locale":"es_ES"},"Manufacturer":{"DisplayValue":"Charo","Label":"Manufacturer","Locale":"es_ES"}},"Title":{"DisplayValue":"Pegatinas para plantas de cannabis, 20 unidades, 1 hoja, 135 mm x 100 mm, para manualidades, fiesta infantil, aspecto metálico","Label":"Title","Locale":"es_ES"}},"Offers":{"Summaries":[{"Condition":{"Value":"New"},"LowestPrice":{"Amount":2.99,"Currency":"EUR","DisplayAmount":"2,99 €"}}]}},{"ASIN":"B08K86S5L7","DetailPageURL":"https://www.amazon.es/dp/B08K86S5L7?tag=topinalambricos-21&linkCode=osi&th=1&psc=1","Images":{"Primary":{"Small":{"Height":52,"URL":"https://m.media-amazon.com/images/I/51aHVyxgnoL._SL75_.jpg","Width":75}}},"ItemInfo":{"ByLineInfo":{"Brand":{"DisplayValue":"Generisch","Label":"Brand","Locale":"es_ES"},"Manufacturer":{"DisplayValue":"Stickerfreaks","Label":"Manufacturer","Locale":"es_ES"}},"Title":{"DisplayValue":"Marihuana - Pegatinas para plantas (14 x 12 cm), diseño de flores","Label":"Title","Locale":"es_ES"}},"Offers":{"Summaries":[{"Condition":{"Value":"New"},"LowestPrice":{"Amount":4.75,"Currency":"EUR","DisplayAmount":"4,75 €"}}]}},{"ASIN":"B0BGC46S4R","DetailPageURL":"https://www.amazon.es/dp/B0BGC46S4R?tag=topinalambricos-21&linkCode=osi&th=1&psc=1","Images":{"Primary":{"Small":{"Height":75,"URL":"https://m.media-amazon.com/images/I/61gdoEUtbYL._SL75_.jpg","Width":75}}},"ItemInfo":{"ByLineInfo":{"Brand":{"DisplayValue":"QJFHURB","Label":"Brand","Locale":"es_ES"},"Manufacturer":{"DisplayValue":"QJFHURB","Label":"Manufacturer","Locale":"es_ES"}},"Title":{"DisplayValue":"Pegatinas De Marcas 251 piezas Pack Pegatinas Skate Pegatina Vinilo Chulas Famosas Stickers Decorativas Stikers Portatil Pegatina Vinilo para Ordenador Maletas Coche Moto Casco Bicicletas","Label":"Title","Locale":"es_ES"}},"Offers":{"Summaries":[{"Condition":{"Value":"New"},"LowestPrice":{"Amount":11.99,"Currency":"EUR","DisplayAmount":"11,99 € (6,00 € / unidad)","PricePerUnit":6.0}}]}},{"ASIN":"B09PBK5X2D","DetailPageURL":"https://www.amazon.es/dp/B09PBK5X2D?tag=topinalambricos-21&linkCode=osi&th=1&psc=1","Images":{"Primary":{"Small":{"Height":75,"URL":"https://m.media-amazon.com/images/I/61BcnLW1KXL._SL75_.jpg","Width":75}}},"ItemInfo":{"ByLineInfo":{"Brand":{"DisplayValue":"ACTTGGJ","Label":"Brand","Locale":"es_ES"},"Manufacturer":{"DisplayValue":"ACTTGGJ","Label":"Manufacturer","Locale":"es_ES"}},"Title":{"DisplayValue":"Pegatinas 100 Piezas Paquete de Pegatinas para Computadora Portátil Pegatinas de Vinilo Graffiti Sticker de Moda Pegatinas Geniales para Snowboard, Motocicleta,Guitarra Botella de Agua, Cuaderno","Label":"Title","Locale":"es_ES"}},"Offers":{"Summaries":[{"Condition":{"Value":"New"},"LowestPrice":{"Amount":9.99,"Currency":"EUR","DisplayAmount":"9,99 € (0,10 € / unidad)","PricePerUnit":0.1}}]}},{"ASIN":"B086J5TC35","DetailPageURL":"https://www.amazon.es/dp/B086J5TC35?tag=topinalambricos-21&linkCode=osi&th=1&psc=1","Images":{"Primary":{"Small":{"Height":75,"URL":"https://m.media-amazon.com/images/I/51M4O8NICOL._SL75_.jpg","Width":75}}},"ItemInfo":{"ByLineInfo":{"Brand":{"DisplayValue":"Destination Vinyl Ltd","Label":"Brand","Locale":"es_ES"},"Manufacturer":{"DisplayValue":"Destination Vinyl Ltd","Label":"Manufacturer","Locale":"es_ES"}},"Title":{"DisplayValue":"2 pegatinas de vinilo divertidas de 10 cm, diseño de marihuana de broma, cannabis y marihuana 10cm Wide","Label":"Title","Locale":"es_ES"}},"Offers":{"Summaries":[{"Condition":{"Value":"New"},"LowestPrice":{"Amount":13.02,"Currency":"EUR","DisplayAmount":"13,02 €"}}]}}],"SearchURL":"https://www.amazon.es/s?k=pegatinas+marihuana&rh=n%3A4358418031%2Cp_n_availability%3A-1&tag=topinalambricos-21&linkCode=osi","TotalResultCount":53}},"9":{"SearchResult":{"Items":[{"ASIN":"B0C6LPS2FS","DetailPageURL":"https://www.amazon.es/dp/B0C6LPS2FS?tag=topinalambricos-21&linkCode=osi&th=1&psc=1","Images":{"Primary":{"Small":{"Height":75,"URL":"https://m.media-amazon.com/images/I/61saj5jsPiL._SL75_.jpg","Width":75}}},"ItemInfo":{"ByLineInfo":{"Brand":{"DisplayValue":"NEULEBEN","Label":"Brand","Locale":"es_ES"}},"Title":{"DisplayValue":"Pegatinas divertidas de hierba, 150 pegatinas de dibujos animados de hojas de marihuana para adolescentes y adultos, pegatinas impermeables de vinilo de hojas mixtas, álbum de recortes y guitarra","Label":"Title","Locale":"es_ES"}},"Offers":{"Summaries":[{"Condition":{"Value":"New"},"LowestPrice":{"Amount":10.99,"Currency":"EUR","DisplayAmount":"10,99 €"}}]}},{"ASIN":"B0BMVH4J88","DetailPageURL":"https://www.amazon.es/dp/B0BMVH4J88?tag=topinalambricos-21&linkCode=osi&th=1&psc=1","Images":{"Primary":{"Small":{"Height":75,"URL":"https://m.media-amazon.com/images/I/61tGBZudfIL._SL75_.jpg","Width":75}}},"ItemInfo":{"ByLineInfo":{"Brand":{"DisplayValue":"AYODPE","Label":"Brand","Locale":"es_ES"},"Manufacturer":{"DisplayValue":"AYODPE","Label":"Manufacturer","Locale":"es_ES"}},"Title":{"DisplayValue":"AYODPE 100 pegatinas de malas hierbas, vinilo resistente al agua para bricolaje, portátil, equipaje, frigorífico, monopatín, coche, moto, bicicleta, pegatinas de marihuana, juego de pegatinas","Label":"Title","Locale":"es_ES"}},"Offers":{"Summaries":[{"Condition":{"Value":"New"},"LowestPrice":{"Amount":11.97,"Currency":"EUR","DisplayAmount":"11,97 € (0,12 € / unidad)","PricePerUnit":0.12}},{"Condition":{"Value":"Used"},"LowestPrice":{"Amount":8.52,"Currency":"EUR","DisplayAmount":"8,52 € (0,09 € / unidad)","PricePerUnit":0.09}}]}},{"ASIN":"B0C8ZF6PDL","DetailPageURL":"https://www.amazon.es/dp/B0C8ZF6PDL?tag=topinalambricos-21&linkCode=osi&th=1&psc=1","Images":{"Primary":{"Small":{"Height":75,"URL":"https://m.media-amazon.com/images/I/51nhVepA96L._SL75_.jpg","Width":75}}},"ItemInfo":{"ByLineInfo":{"Brand":{"DisplayValue":"AK Giftshop","Label":"Brand","Locale":"es_ES"},"Manufacturer":{"DisplayValue":"AK Giftshop","Label":"Manufacturer","Locale":"es_ES"}},"Title":{"DisplayValue":"Pegatinas personalizables con temática de hojas de marihuana de cannabis, etiquetas personalizadas, decoraciones para fiestas, cumpleaños, celebraciones (48 pegatinas)","Label":"Title","Locale":"es_ES"}},"Offers":{"Summaries":[{"Condition":{"Value":"New"},"LowestPrice":{"Amount":5.82,"Currency":"EUR","DisplayAmount":"5,82 €"}}]}},{"ASIN":"B09T8PK6GY","DetailPageURL":"https://www.amazon.es/dp/B09T8PK6GY?tag=topinalambricos-21&linkCode=osi&th=1&psc=1","Images":{"Primary":{"Small":{"Height":75,"URL":"https://m.media-amazon.com/images/I/51tneD1zs9L._SL75_.jpg","Width":75}}},"ItemInfo":{"ByLineInfo":{"Brand":{"DisplayValue":"HNTR","Label":"Brand","Locale":"es_ES"},"Manufacturer":{"DisplayValue":"HNTR","Label":"Manufacturer","Locale":"es_ES"}},"Title":{"DisplayValue":"HNTR Pegatinas de cannabis Weed Get High – Paquete de pegatinas de vinilo Mega Diversión y creatividad para álbumes de recortes","Label":"Title","Locale":"es_ES"}},"Offers":{"Summaries":[{"Condition":{"Value":"New"},"LowestPrice":{"Amount":17.17,"Currency":"EUR","DisplayAmount":"17,17 € (0,34 € / unidad)","PricePerUnit":0.34}}]}},{"ASIN":"B08297GX94","DetailPageURL":"https://www.amazon.es/dp/B08297GX94?tag=topinalambricos-21&linkCode=osi&th=1&psc=1","Images":{"Primary":{"Small":{"Height":75,"URL":"https://m.media-amazon.com/images/I/51qX3QTO0iL._SL75_.jpg","Width":75}}},"ItemInfo":{"ByLineInfo":{"Brand":{"DisplayValue":"Destination Vinyl Ltd","Label":"Brand","Locale":"es_ES"},"Manufacturer":{"DisplayValue":"Destination Vinyl ltd","Label":"Manufacturer","Locale":"es_ES"}},"Title":{"DisplayValue":"Impresionantes pegatinas de vinilo (juego de 2) 7.5 cm – Calcomanías de marihuana con marihuana y marihuana para laptops, tabletas, equipaje, libros de recortes, regalo genial #1403114473, 23x17x1 cm","Label":"Title","Locale":"es_ES"}},"Offers":{"Summaries":[{"Condition":{"Value":"New"},"LowestPrice":{"Amount":13.75,"Currency":"EUR","DisplayAmount":"13,75 €"}}]}},{"ASIN":"B01AHJC9ZM","DetailPageURL":"https://www.amazon.es/dp/B01AHJC9ZM?tag=topinalambricos-21&linkCode=osi&th=1&psc=1","Images":{"Primary":{"Small":{"Height":75,"URL":"https://m.media-amazon.com/images/I/51W08-mMEfL._SL75_.jpg","Width":56}}},"ItemInfo":{"ByLineInfo":{"Brand":{"DisplayValue":"Charo","Label":"Brand","Locale":"es_ES"},"Manufacturer":{"DisplayValue":"Charo","Label":"Manufacturer","Locale":"es_ES"}},"Title":{"DisplayValue":"Pegatinas para plantas de cannabis, 20 unidades, 1 hoja, 135 mm x 100 mm, para manualidades, fiesta infantil, aspecto metálico","Label":"Title","Locale":"es_ES"}},"Offers":{"Summaries":[{"Condition":{"Value":"New"},"LowestPrice":{"Amount":2.99,"Currency":"EUR","DisplayAmount":"2,99 €"}}]}},{"ASIN":"B08K86S5L7","DetailPageURL":"https://www.amazon.es/dp/B08K86S5L7?tag=topinalambricos-21&linkCode=osi&th=1&psc=1","Images":{"Primary":{"Small":{"Height":52,"URL":"https://m.media-amazon.com/images/I/51aHVyxgnoL._SL75_.jpg","Width":75}}},"ItemInfo":{"ByLineInfo":{"Brand":{"DisplayValue":"Generisch","Label":"Brand","Locale":"es_ES"},"Manufacturer":{"DisplayValue":"Stickerfreaks","Label":"Manufacturer","Locale":"es_ES"}},"Title":{"DisplayValue":"Marihuana - Pegatinas para plantas (14 x 12 cm), diseño de flores","Label":"Title","Locale":"es_ES"}},"Offers":{"Summaries":[{"Condition":{"Value":"New"},"LowestPrice":{"Amount":4.75,"Currency":"EUR","DisplayAmount":"4,75 €"}}]}},{"ASIN":"B0BGC46S4R","DetailPageURL":"https://www.amazon.es/dp/B0BGC46S4R?tag=topinalambricos-21&linkCode=osi&th=1&psc=1","Images":{"Primary":{"Small":{"Height":75,"URL":"https://m.media-amazon.com/images/I/61gdoEUtbYL._SL75_.jpg","Width":75}}},"ItemInfo":{"ByLineInfo":{"Brand":{"DisplayValue":"QJFHURB","Label":"Brand","Locale":"es_ES"},"Manufacturer":{"DisplayValue":"QJFHURB","Label":"Manufacturer","Locale":"es_ES"}},"Title":{"DisplayValue":"Pegatinas De Marcas 251 piezas Pack Pegatinas Skate Pegatina Vinilo Chulas Famosas Stickers Decorativas Stikers Portatil Pegatina Vinilo para Ordenador Maletas Coche Moto Casco Bicicletas","Label":"Title","Locale":"es_ES"}},"Offers":{"Summaries":[{"Condition":{"Value":"New"},"LowestPrice":{"Amount":11.99,"Currency":"EUR","DisplayAmount":"11,99 € (6,00 € / unidad)","PricePerUnit":6.0}}]}},{"ASIN":"B09PBK5X2D","DetailPageURL":"https://www.amazon.es/dp/B09PBK5X2D?tag=topinalambricos-21&linkCode=osi&th=1&psc=1","Images":{"Primary":{"Small":{"Height":75,"URL":"https://m.media-amazon.com/images/I/61BcnLW1KXL._SL75_.jpg","Width":75}}},"ItemInfo":{"ByLineInfo":{"Brand":{"DisplayValue":"ACTTGGJ","Label":"Brand","Locale":"es_ES"},"Manufacturer":{"DisplayValue":"ACTTGGJ","Label":"Manufacturer","Locale":"es_ES"}},"Title":{"DisplayValue":"Pegatinas 100 Piezas Paquete de Pegatinas para Computadora Portátil Pegatinas de Vinilo Graffiti Sticker de Moda Pegatinas Geniales para Snowboard, Motocicleta,Guitarra Botella de Agua, Cuaderno","Label":"Title","Locale":"es_ES"}},"Offers":{"Summaries":[{"Condition":{"Value":"New"},"LowestPrice":{"Amount":9.99,"Currency":"EUR","DisplayAmount":"9,99 € (0,10 € / unidad)","PricePerUnit":0.1}}]}},{"ASIN":"B086J5TC35","DetailPageURL":"https://www.amazon.es/dp/B086J5TC35?tag=topinalambricos-21&linkCode=osi&th=1&psc=1","Images":{"Primary":{"Small":{"Height":75,"URL":"https://m.media-amazon.com/images/I/51M4O8NICOL._SL75_.jpg","Width":75}}},"ItemInfo":{"ByLineInfo":{"Brand":{"DisplayValue":"Destination Vinyl Ltd","Label":"Brand","Locale":"es_ES"},"Manufacturer":{"DisplayValue":"Destination Vinyl Ltd","Label":"Manufacturer","Locale":"es_ES"}},"Title":{"DisplayValue":"2 pegatinas de vinilo divertidas de 10 cm, diseño de marihuana de broma, cannabis y marihuana 10cm Wide","Label":"Title","Locale":"es_ES"}},"Offers":{"Summaries":[{"Condition":{"Value":"New"},"LowestPrice":{"Amount":13.02,"Currency":"EUR","DisplayAmount":"13,02 €"}}]}}],"SearchURL":"https://www.amazon.es/s?k=pegatinas+marihuana&rh=n%3A4358418031%2Cp_n_availability%3A-1&tag=topinalambricos-21&linkCode=osi","TotalResultCount":53}},"10":{"SearchResult":{"Items":[{"ASIN":"B0C6LPS2FS","DetailPageURL":"https://www.amazon.es/dp/B0C6LPS2FS?tag=topinalambricos-21&linkCode=osi&th=1&psc=1","Images":{"Primary":{"Small":{"Height":75,"URL":"https://m.media-amazon.com/images/I/61saj5jsPiL._SL75_.jpg","Width":75}}},"ItemInfo":{"ByLineInfo":{"Brand":{"DisplayValue":"NEULEBEN","Label":"Brand","Locale":"es_ES"}},"Title":{"DisplayValue":"Pegatinas divertidas de hierba, 150 pegatinas de dibujos animados de hojas de marihuana para adolescentes y adultos, pegatinas impermeables de vinilo de hojas mixtas, álbum de recortes y guitarra","Label":"Title","Locale":"es_ES"}},"Offers":{"Summaries":[{"Condition":{"Value":"New"},"LowestPrice":{"Amount":10.99,"Currency":"EUR","DisplayAmount":"10,99 €"}}]}},{"ASIN":"B0BMVH4J88","DetailPageURL":"https://www.amazon.es/dp/B0BMVH4J88?tag=topinalambricos-21&linkCode=osi&th=1&psc=1","Images":{"Primary":{"Small":{"Height":75,"URL":"https://m.media-amazon.com/images/I/61tGBZudfIL._SL75_.jpg","Width":75}}},"ItemInfo":{"ByLineInfo":{"Brand":{"DisplayValue":"AYODPE","Label":"Brand","Locale":"es_ES"},"Manufacturer":{"DisplayValue":"AYODPE","Label":"Manufacturer","Locale":"es_ES"}},"Title":{"DisplayValue":"AYODPE 100 pegatinas de malas hierbas, vinilo resistente al agua para bricolaje, portátil, equipaje, frigorífico, monopatín, coche, moto, bicicleta, pegatinas de marihuana, juego de pegatinas","Label":"Title","Locale":"es_ES"}},"Offers":{"Summaries":[{"Condition":{"Value":"New"},"LowestPrice":{"Amount":11.97,"Currency":"EUR","DisplayAmount":"11,97 € (0,12 € / unidad)","PricePerUnit":0.12}},{"Condition":{"Value":"Used"},"LowestPrice":{"Amount":8.52,"Currency":"EUR","DisplayAmount":"8,52 € (0,09 € / unidad)","PricePerUnit":0.09}}]}},{"ASIN":"B0C8ZF6PDL","DetailPageURL":"https://www.amazon.es/dp/B0C8ZF6PDL?tag=topinalambricos-21&linkCode=osi&th=1&psc=1","Images":{"Primary":{"Small":{"Height":75,"URL":"https://m.media-amazon.com/images/I/51nhVepA96L._SL75_.jpg","Width":75}}},"ItemInfo":{"ByLineInfo":{"Brand":{"DisplayValue":"AK Giftshop","Label":"Brand","Locale":"es_ES"},"Manufacturer":{"DisplayValue":"AK Giftshop","Label":"Manufacturer","Locale":"es_ES"}},"Title":{"DisplayValue":"Pegatinas personalizables con temática de hojas de marihuana de cannabis, etiquetas personalizadas, decoraciones para fiestas, cumpleaños, celebraciones (48 pegatinas)","Label":"Title","Locale":"es_ES"}},"Offers":{"Summaries":[{"Condition":{"Value":"New"},"LowestPrice":{"Amount":5.82,"Currency":"EUR","DisplayAmount":"5,82 €"}}]}},{"ASIN":"B09T8PK6GY","DetailPageURL":"https://www.amazon.es/dp/B09T8PK6GY?tag=topinalambricos-21&linkCode=osi&th=1&psc=1","Images":{"Primary":{"Small":{"Height":75,"URL":"https://m.media-amazon.com/images/I/51tneD1zs9L._SL75_.jpg","Width":75}}},"ItemInfo":{"ByLineInfo":{"Brand":{"DisplayValue":"HNTR","Label":"Brand","Locale":"es_ES"},"Manufacturer":{"DisplayValue":"HNTR","Label":"Manufacturer","Locale":"es_ES"}},"Title":{"DisplayValue":"HNTR Pegatinas de cannabis Weed Get High – Paquete de pegatinas de vinilo Mega Diversión y creatividad para álbumes de recortes","Label":"Title","Locale":"es_ES"}},"Offers":{"Summaries":[{"Condition":{"Value":"New"},"LowestPrice":{"Amount":17.17,"Currency":"EUR","DisplayAmount":"17,17 € (0,34 € / unidad)","PricePerUnit":0.34}}]}},{"ASIN":"B08297GX94","DetailPageURL":"https://www.amazon.es/dp/B08297GX94?tag=topinalambricos-21&linkCode=osi&th=1&psc=1","Images":{"Primary":{"Small":{"Height":75,"URL":"https://m.media-amazon.com/images/I/51qX3QTO0iL._SL75_.jpg","Width":75}}},"ItemInfo":{"ByLineInfo":{"Brand":{"DisplayValue":"Destination Vinyl Ltd","Label":"Brand","Locale":"es_ES"},"Manufacturer":{"DisplayValue":"Destination Vinyl ltd","Label":"Manufacturer","Locale":"es_ES"}},"Title":{"DisplayValue":"Impresionantes pegatinas de vinilo (juego de 2) 7.5 cm – Calcomanías de marihuana con marihuana y marihuana para laptops, tabletas, equipaje, libros de recortes, regalo genial #1403114473, 23x17x1 cm","Label":"Title","Locale":"es_ES"}},"Offers":{"Summaries":[{"Condition":{"Value":"New"},"LowestPrice":{"Amount":13.75,"Currency":"EUR","DisplayAmount":"13,75 €"}}]}},{"ASIN":"B01AHJC9ZM","DetailPageURL":"https://www.amazon.es/dp/B01AHJC9ZM?tag=topinalambricos-21&linkCode=osi&th=1&psc=1","Images":{"Primary":{"Small":{"Height":75,"URL":"https://m.media-amazon.com/images/I/51W08-mMEfL._SL75_.jpg","Width":56}}},"ItemInfo":{"ByLineInfo":{"Brand":{"DisplayValue":"Charo","Label":"Brand","Locale":"es_ES"},"Manufacturer":{"DisplayValue":"Charo","Label":"Manufacturer","Locale":"es_ES"}},"Title":{"DisplayValue":"Pegatinas para plantas de cannabis, 20 unidades, 1 hoja, 135 mm x 100 mm, para manualidades, fiesta infantil, aspecto metálico","Label":"Title","Locale":"es_ES"}},"Offers":{"Summaries":[{"Condition":{"Value":"New"},"LowestPrice":{"Amount":2.99,"Currency":"EUR","DisplayAmount":"2,99 €"}}]}},{"ASIN":"B08K86S5L7","DetailPageURL":"https://www.amazon.es/dp/B08K86S5L7?tag=topinalambricos-21&linkCode=osi&th=1&psc=1","Images":{"Primary":{"Small":{"Height":52,"URL":"https://m.media-amazon.com/images/I/51aHVyxgnoL._SL75_.jpg","Width":75}}},"ItemInfo":{"ByLineInfo":{"Brand":{"DisplayValue":"Generisch","Label":"Brand","Locale":"es_ES"},"Manufacturer":{"DisplayValue":"Stickerfreaks","Label":"Manufacturer","Locale":"es_ES"}},"Title":{"DisplayValue":"Marihuana - Pegatinas para plantas (14 x 12 cm), diseño de flores","Label":"Title","Locale":"es_ES"}},"Offers":{"Summaries":[{"Condition":{"Value":"New"},"LowestPrice":{"Amount":4.75,"Currency":"EUR","DisplayAmount":"4,75 €"}}]}},{"ASIN":"B0BGC46S4R","DetailPageURL":"https://www.amazon.es/dp/B0BGC46S4R?tag=topinalambricos-21&linkCode=osi&th=1&psc=1","Images":{"Primary":{"Small":{"Height":75,"URL":"https://m.media-amazon.com/images/I/61gdoEUtbYL._SL75_.jpg","Width":75}}},"ItemInfo":{"ByLineInfo":{"Brand":{"DisplayValue":"QJFHURB","Label":"Brand","Locale":"es_ES"},"Manufacturer":{"DisplayValue":"QJFHURB","Label":"Manufacturer","Locale":"es_ES"}},"Title":{"DisplayValue":"Pegatinas De Marcas 251 piezas Pack Pegatinas Skate Pegatina Vinilo Chulas Famosas Stickers Decorativas Stikers Portatil Pegatina Vinilo para Ordenador Maletas Coche Moto Casco Bicicletas","Label":"Title","Locale":"es_ES"}},"Offers":{"Summaries":[{"Condition":{"Value":"New"},"LowestPrice":{"Amount":11.99,"Currency":"EUR","DisplayAmount":"11,99 € (6,00 € / unidad)","PricePerUnit":6.0}}]}},{"ASIN":"B09PBK5X2D","DetailPageURL":"https://www.amazon.es/dp/B09PBK5X2D?tag=topinalambricos-21&linkCode=osi&th=1&psc=1","Images":{"Primary":{"Small":{"Height":75,"URL":"https://m.media-amazon.com/images/I/61BcnLW1KXL._SL75_.jpg","Width":75}}},"ItemInfo":{"ByLineInfo":{"Brand":{"DisplayValue":"ACTTGGJ","Label":"Brand","Locale":"es_ES"},"Manufacturer":{"DisplayValue":"ACTTGGJ","Label":"Manufacturer","Locale":"es_ES"}},"Title":{"DisplayValue":"Pegatinas 100 Piezas Paquete de Pegatinas para Computadora Portátil Pegatinas de Vinilo Graffiti Sticker de Moda Pegatinas Geniales para Snowboard, Motocicleta,Guitarra Botella de Agua, Cuaderno","Label":"Title","Locale":"es_ES"}},"Offers":{"Summaries":[{"Condition":{"Value":"New"},"LowestPrice":{"Amount":9.99,"Currency":"EUR","DisplayAmount":"9,99 € (0,10 € / unidad)","PricePerUnit":0.1}}]}},{"ASIN":"B086J5TC35","DetailPageURL":"https://www.amazon.es/dp/B086J5TC35?tag=topinalambricos-21&linkCode=osi&th=1&psc=1","Images":{"Primary":{"Small":{"Height":75,"URL":"https://m.media-amazon.com/images/I/51M4O8NICOL._SL75_.jpg","Width":75}}},"ItemInfo":{"ByLineInfo":{"Brand":{"DisplayValue":"Destination Vinyl Ltd","Label":"Brand","Locale":"es_ES"},"Manufacturer":{"DisplayValue":"Destination Vinyl Ltd","Label":"Manufacturer","Locale":"es_ES"}},"Title":{"DisplayValue":"2 pegatinas de vinilo divertidas de 10 cm, diseño de marihuana de broma, cannabis y marihuana 10cm Wide","Label":"Title","Locale":"es_ES"}},"Offers":{"Summaries":[{"Condition":{"Value":"New"},"LowestPrice":{"Amount":13.02,"Currency":"EUR","DisplayAmount":"13,02 €"}}]}}],"SearchURL":"https://www.amazon.es/s?k=pegatinas+marihuana&rh=n%3A4358418031%2Cp_n_availability%3A-1&tag=topinalambricos-21&linkCode=osi","TotalResultCount":53}},"12":{"SearchResult":{"Items":[{"ASIN":"B0C6LPS2FS","DetailPageURL":"https://www.amazon.es/dp/B0C6LPS2FS?tag=topinalambricos-21&linkCode=osi&th=1&psc=1","Images":{"Primary":{"Small":{"Height":75,"URL":"https://m.media-amazon.com/images/I/61saj5jsPiL._SL75_.jpg","Width":75}}},"ItemInfo":{"ByLineInfo":{"Brand":{"DisplayValue":"NEULEBEN","Label":"Brand","Locale":"es_ES"}},"Title":{"DisplayValue":"Pegatinas divertidas de hierba, 150 pegatinas de dibujos animados de hojas de marihuana para adolescentes y adultos, pegatinas impermeables de vinilo de hojas mixtas, álbum de recortes y guitarra","Label":"Title","Locale":"es_ES"}},"Offers":{"Summaries":[{"Condition":{"Value":"New"},"LowestPrice":{"Amount":10.99,"Currency":"EUR","DisplayAmount":"10,99 €"}}]}},{"ASIN":"B0BMVH4J88","DetailPageURL":"https://www.amazon.es/dp/B0BMVH4J88?tag=topinalambricos-21&linkCode=osi&th=1&psc=1","Images":{"Primary":{"Small":{"Height":75,"URL":"https://m.media-amazon.com/images/I/61tGBZudfIL._SL75_.jpg","Width":75}}},"ItemInfo":{"ByLineInfo":{"Brand":{"DisplayValue":"AYODPE","Label":"Brand","Locale":"es_ES"},"Manufacturer":{"DisplayValue":"AYODPE","Label":"Manufacturer","Locale":"es_ES"}},"Title":{"DisplayValue":"AYODPE 100 pegatinas de malas hierbas, vinilo resistente al agua para bricolaje, portátil, equipaje, frigorífico, monopatín, coche, moto, bicicleta, pegatinas de marihuana, juego de pegatinas","Label":"Title","Locale":"es_ES"}},"Offers":{"Summaries":[{"Condition":{"Value":"New"},"LowestPrice":{"Amount":11.97,"Currency":"EUR","DisplayAmount":"11,97 € (0,12 € / unidad)","PricePerUnit":0.12}},{"Condition":{"Value":"Used"},"LowestPrice":{"Amount":8.52,"Currency":"EUR","DisplayAmount":"8,52 € (0,09 € / unidad)","PricePerUnit":0.09}}]}},{"ASIN":"B0C8ZF6PDL","DetailPageURL":"https://www.amazon.es/dp/B0C8ZF6PDL?tag=topinalambricos-21&linkCode=osi&th=1&psc=1","Images":{"Primary":{"Small":{"Height":75,"URL":"https://m.media-amazon.com/images/I/51nhVepA96L._SL75_.jpg","Width":75}}},"ItemInfo":{"ByLineInfo":{"Brand":{"DisplayValue":"AK Giftshop","Label":"Brand","Locale":"es_ES"},"Manufacturer":{"DisplayValue":"AK Giftshop","Label":"Manufacturer","Locale":"es_ES"}},"Title":{"DisplayValue":"Pegatinas personalizables con temática de hojas de marihuana de cannabis, etiquetas personalizadas, decoraciones para fiestas, cumpleaños, celebraciones (48 pegatinas)","Label":"Title","Locale":"es_ES"}},"Offers":{"Summaries":[{"Condition":{"Value":"New"},"LowestPrice":{"Amount":5.82,"Currency":"EUR","DisplayAmount":"5,82 €"}}]}},{"ASIN":"B09T8PK6GY","DetailPageURL":"https://www.amazon.es/dp/B09T8PK6GY?tag=topinalambricos-21&linkCode=osi&th=1&psc=1","Images":{"Primary":{"Small":{"Height":75,"URL":"https://m.media-amazon.com/images/I/51tneD1zs9L._SL75_.jpg","Width":75}}},"ItemInfo":{"ByLineInfo":{"Brand":{"DisplayValue":"HNTR","Label":"Brand","Locale":"es_ES"},"Manufacturer":{"DisplayValue":"HNTR","Label":"Manufacturer","Locale":"es_ES"}},"Title":{"DisplayValue":"HNTR Pegatinas de cannabis Weed Get High – Paquete de pegatinas de vinilo Mega Diversión y creatividad para álbumes de recortes","Label":"Title","Locale":"es_ES"}},"Offers":{"Summaries":[{"Condition":{"Value":"New"},"LowestPrice":{"Amount":17.17,"Currency":"EUR","DisplayAmount":"17,17 € (0,34 € / unidad)","PricePerUnit":0.34}}]}},{"ASIN":"B08297GX94","DetailPageURL":"https://www.amazon.es/dp/B08297GX94?tag=topinalambricos-21&linkCode=osi&th=1&psc=1","Images":{"Primary":{"Small":{"Height":75,"URL":"https://m.media-amazon.com/images/I/51qX3QTO0iL._SL75_.jpg","Width":75}}},"ItemInfo":{"ByLineInfo":{"Brand":{"DisplayValue":"Destination Vinyl Ltd","Label":"Brand","Locale":"es_ES"},"Manufacturer":{"DisplayValue":"Destination Vinyl ltd","Label":"Manufacturer","Locale":"es_ES"}},"Title":{"DisplayValue":"Impresionantes pegatinas de vinilo (juego de 2) 7.5 cm – Calcomanías de marihuana con marihuana y marihuana para laptops, tabletas, equipaje, libros de recortes, regalo genial #1403114473, 23x17x1 cm","Label":"Title","Locale":"es_ES"}},"Offers":{"Summaries":[{"Condition":{"Value":"New"},"LowestPrice":{"Amount":13.75,"Currency":"EUR","DisplayAmount":"13,75 €"}}]}},{"ASIN":"B01AHJC9ZM","DetailPageURL":"https://www.amazon.es/dp/B01AHJC9ZM?tag=topinalambricos-21&linkCode=osi&th=1&psc=1","Images":{"Primary":{"Small":{"Height":75,"URL":"https://m.media-amazon.com/images/I/51W08-mMEfL._SL75_.jpg","Width":56}}},"ItemInfo":{"ByLineInfo":{"Brand":{"DisplayValue":"Charo","Label":"Brand","Locale":"es_ES"},"Manufacturer":{"DisplayValue":"Charo","Label":"Manufacturer","Locale":"es_ES"}},"Title":{"DisplayValue":"Pegatinas para plantas de cannabis, 20 unidades, 1 hoja, 135 mm x 100 mm, para manualidades, fiesta infantil, aspecto metálico","Label":"Title","Locale":"es_ES"}},"Offers":{"Summaries":[{"Condition":{"Value":"New"},"LowestPrice":{"Amount":2.99,"Currency":"EUR","DisplayAmount":"2,99 €"}}]}},{"ASIN":"B08K86S5L7","DetailPageURL":"https://www.amazon.es/dp/B08K86S5L7?tag=topinalambricos-21&linkCode=osi&th=1&psc=1","Images":{"Primary":{"Small":{"Height":52,"URL":"https://m.media-amazon.com/images/I/51aHVyxgnoL._SL75_.jpg","Width":75}}},"ItemInfo":{"ByLineInfo":{"Brand":{"DisplayValue":"Generisch","Label":"Brand","Locale":"es_ES"},"Manufacturer":{"DisplayValue":"Stickerfreaks","Label":"Manufacturer","Locale":"es_ES"}},"Title":{"DisplayValue":"Marihuana - Pegatinas para plantas (14 x 12 cm), diseño de flores","Label":"Title","Locale":"es_ES"}},"Offers":{"Summaries":[{"Condition":{"Value":"New"},"LowestPrice":{"Amount":4.75,"Currency":"EUR","DisplayAmount":"4,75 €"}}]}},{"ASIN":"B0BGC46S4R","DetailPageURL":"https://www.amazon.es/dp/B0BGC46S4R?tag=topinalambricos-21&linkCode=osi&th=1&psc=1","Images":{"Primary":{"Small":{"Height":75,"URL":"https://m.media-amazon.com/images/I/61gdoEUtbYL._SL75_.jpg","Width":75}}},"ItemInfo":{"ByLineInfo":{"Brand":{"DisplayValue":"QJFHURB","Label":"Brand","Locale":"es_ES"},"Manufacturer":{"DisplayValue":"QJFHURB","Label":"Manufacturer","Locale":"es_ES"}},"Title":{"DisplayValue":"Pegatinas De Marcas 251 piezas Pack Pegatinas Skate Pegatina Vinilo Chulas Famosas Stickers Decorativas Stikers Portatil Pegatina Vinilo para Ordenador Maletas Coche Moto Casco Bicicletas","Label":"Title","Locale":"es_ES"}},"Offers":{"Summaries":[{"Condition":{"Value":"New"},"LowestPrice":{"Amount":11.99,"Currency":"EUR","DisplayAmount":"11,99 € (6,00 € / unidad)","PricePerUnit":6.0}}]}},{"ASIN":"B09PBK5X2D","DetailPageURL":"https://www.amazon.es/dp/B09PBK5X2D?tag=topinalambricos-21&linkCode=osi&th=1&psc=1","Images":{"Primary":{"Small":{"Height":75,"URL":"https://m.media-amazon.com/images/I/61BcnLW1KXL._SL75_.jpg","Width":75}}},"ItemInfo":{"ByLineInfo":{"Brand":{"DisplayValue":"ACTTGGJ","Label":"Brand","Locale":"es_ES"},"Manufacturer":{"DisplayValue":"ACTTGGJ","Label":"Manufacturer","Locale":"es_ES"}},"Title":{"DisplayValue":"Pegatinas 100 Piezas Paquete de Pegatinas para Computadora Portátil Pegatinas de Vinilo Graffiti Sticker de Moda Pegatinas Geniales para Snowboard, Motocicleta,Guitarra Botella de Agua, Cuaderno","Label":"Title","Locale":"es_ES"}},"Offers":{"Summaries":[{"Condition":{"Value":"New"},"LowestPrice":{"Amount":9.99,"Currency":"EUR","DisplayAmount":"9,99 € (0,10 € / unidad)","PricePerUnit":0.1}}]}},{"ASIN":"B086J5TC35","DetailPageURL":"https://www.amazon.es/dp/B086J5TC35?tag=topinalambricos-21&linkCode=osi&th=1&psc=1","Images":{"Primary":{"Small":{"Height":75,"URL":"https://m.media-amazon.com/images/I/51M4O8NICOL._SL75_.jpg","Width":75}}},"ItemInfo":{"ByLineInfo":{"Brand":{"DisplayValue":"Destination Vinyl Ltd","Label":"Brand","Locale":"es_ES"},"Manufacturer":{"DisplayValue":"Destination Vinyl Ltd","Label":"Manufacturer","Locale":"es_ES"}},"Title":{"DisplayValue":"2 pegatinas de vinilo divertidas de 10 cm, diseño de marihuana de broma, cannabis y marihuana 10cm Wide","Label":"Title","Locale":"es_ES"}},"Offers":{"Summaries":[{"Condition":{"Value":"New"},"LowestPrice":{"Amount":13.02,"Currency":"EUR","DisplayAmount":"13,02 €"}}]}}],"SearchURL":"https://www.amazon.es/s?k=pegatinas+marihuana&rh=n%3A4358418031%2Cp_n_availability%3A-1&tag=topinalambricos-21&linkCode=osi","TotalResultCount":53}},"13":{"SearchResult":{"Items":[{"ASIN":"B0C6LPS2FS","DetailPageURL":"https://www.amazon.es/dp/B0C6LPS2FS?tag=topinalambricos-21&linkCode=osi&th=1&psc=1","Images":{"Primary":{"Small":{"Height":75,"URL":"https://m.media-amazon.com/images/I/61saj5jsPiL._SL75_.jpg","Width":75}}},"ItemInfo":{"ByLineInfo":{"Brand":{"DisplayValue":"NEULEBEN","Label":"Brand","Locale":"es_ES"}},"Title":{"DisplayValue":"Pegatinas divertidas de hierba, 150 pegatinas de dibujos animados de hojas de marihuana para adolescentes y adultos, pegatinas impermeables de vinilo de hojas mixtas, álbum de recortes y guitarra","Label":"Title","Locale":"es_ES"}},"Offers":{"Summaries":[{"Condition":{"Value":"New"},"LowestPrice":{"Amount":10.99,"Currency":"EUR","DisplayAmount":"10,99 €"}}]}},{"ASIN":"B0BMVH4J88","DetailPageURL":"https://www.amazon.es/dp/B0BMVH4J88?tag=topinalambricos-21&linkCode=osi&th=1&psc=1","Images":{"Primary":{"Small":{"Height":75,"URL":"https://m.media-amazon.com/images/I/61tGBZudfIL._SL75_.jpg","Width":75}}},"ItemInfo":{"ByLineInfo":{"Brand":{"DisplayValue":"AYODPE","Label":"Brand","Locale":"es_ES"},"Manufacturer":{"DisplayValue":"AYODPE","Label":"Manufacturer","Locale":"es_ES"}},"Title":{"DisplayValue":"AYODPE 100 pegatinas de malas hierbas, vinilo resistente al agua para bricolaje, portátil, equipaje, frigorífico, monopatín, coche, moto, bicicleta, pegatinas de marihuana, juego de pegatinas","Label":"Title","Locale":"es_ES"}},"Offers":{"Summaries":[{"Condition":{"Value":"New"},"LowestPrice":{"Amount":11.97,"Currency":"EUR","DisplayAmount":"11,97 € (0,12 € / unidad)","PricePerUnit":0.12}},{"Condition":{"Value":"Used"},"LowestPrice":{"Amount":8.52,"Currency":"EUR","DisplayAmount":"8,52 € (0,09 € / unidad)","PricePerUnit":0.09}}]}},{"ASIN":"B0C8ZF6PDL","DetailPageURL":"https://www.amazon.es/dp/B0C8ZF6PDL?tag=topinalambricos-21&linkCode=osi&th=1&psc=1","Images":{"Primary":{"Small":{"Height":75,"URL":"https://m.media-amazon.com/images/I/51nhVepA96L._SL75_.jpg","Width":75}}},"ItemInfo":{"ByLineInfo":{"Brand":{"DisplayValue":"AK Giftshop","Label":"Brand","Locale":"es_ES"},"Manufacturer":{"DisplayValue":"AK Giftshop","Label":"Manufacturer","Locale":"es_ES"}},"Title":{"DisplayValue":"Pegatinas personalizables con temática de hojas de marihuana de cannabis, etiquetas personalizadas, decoraciones para fiestas, cumpleaños, celebraciones (48 pegatinas)","Label":"Title","Locale":"es_ES"}},"Offers":{"Summaries":[{"Condition":{"Value":"New"},"LowestPrice":{"Amount":5.82,"Currency":"EUR","DisplayAmount":"5,82 €"}}]}},{"ASIN":"B09T8PK6GY","DetailPageURL":"https://www.amazon.es/dp/B09T8PK6GY?tag=topinalambricos-21&linkCode=osi&th=1&psc=1","Images":{"Primary":{"Small":{"Height":75,"URL":"https://m.media-amazon.com/images/I/51tneD1zs9L._SL75_.jpg","Width":75}}},"ItemInfo":{"ByLineInfo":{"Brand":{"DisplayValue":"HNTR","Label":"Brand","Locale":"es_ES"},"Manufacturer":{"DisplayValue":"HNTR","Label":"Manufacturer","Locale":"es_ES"}},"Title":{"DisplayValue":"HNTR Pegatinas de cannabis Weed Get High – Paquete de pegatinas de vinilo Mega Diversión y creatividad para álbumes de recortes","Label":"Title","Locale":"es_ES"}},"Offers":{"Summaries":[{"Condition":{"Value":"New"},"LowestPrice":{"Amount":17.17,"Currency":"EUR","DisplayAmount":"17,17 € (0,34 € / unidad)","PricePerUnit":0.34}}]}},{"ASIN":"B08297GX94","DetailPageURL":"https://www.amazon.es/dp/B08297GX94?tag=topinalambricos-21&linkCode=osi&th=1&psc=1","Images":{"Primary":{"Small":{"Height":75,"URL":"https://m.media-amazon.com/images/I/51qX3QTO0iL._SL75_.jpg","Width":75}}},"ItemInfo":{"ByLineInfo":{"Brand":{"DisplayValue":"Destination Vinyl Ltd","Label":"Brand","Locale":"es_ES"},"Manufacturer":{"DisplayValue":"Destination Vinyl ltd","Label":"Manufacturer","Locale":"es_ES"}},"Title":{"DisplayValue":"Impresionantes pegatinas de vinilo (juego de 2) 7.5 cm – Calcomanías de marihuana con marihuana y marihuana para laptops, tabletas, equipaje, libros de recortes, regalo genial #1403114473, 23x17x1 cm","Label":"Title","Locale":"es_ES"}},"Offers":{"Summaries":[{"Condition":{"Value":"New"},"LowestPrice":{"Amount":13.75,"Currency":"EUR","DisplayAmount":"13,75 €"}}]}},{"ASIN":"B01AHJC9ZM","DetailPageURL":"https://www.amazon.es/dp/B01AHJC9ZM?tag=topinalambricos-21&linkCode=osi&th=1&psc=1","Images":{"Primary":{"Small":{"Height":75,"URL":"https://m.media-amazon.com/images/I/51W08-mMEfL._SL75_.jpg","Width":56}}},"ItemInfo":{"ByLineInfo":{"Brand":{"DisplayValue":"Charo","Label":"Brand","Locale":"es_ES"},"Manufacturer":{"DisplayValue":"Charo","Label":"Manufacturer","Locale":"es_ES"}},"Title":{"DisplayValue":"Pegatinas para plantas de cannabis, 20 unidades, 1 hoja, 135 mm x 100 mm, para manualidades, fiesta infantil, aspecto metálico","Label":"Title","Locale":"es_ES"}},"Offers":{"Summaries":[{"Condition":{"Value":"New"},"LowestPrice":{"Amount":2.99,"Currency":"EUR","DisplayAmount":"2,99 €"}}]}},{"ASIN":"B08K86S5L7","DetailPageURL":"https://www.amazon.es/dp/B08K86S5L7?tag=topinalambricos-21&linkCode=osi&th=1&psc=1","Images":{"Primary":{"Small":{"Height":52,"URL":"https://m.media-amazon.com/images/I/51aHVyxgnoL._SL75_.jpg","Width":75}}},"ItemInfo":{"ByLineInfo":{"Brand":{"DisplayValue":"Generisch","Label":"Brand","Locale":"es_ES"},"Manufacturer":{"DisplayValue":"Stickerfreaks","Label":"Manufacturer","Locale":"es_ES"}},"Title":{"DisplayValue":"Marihuana - Pegatinas para plantas (14 x 12 cm), diseño de flores","Label":"Title","Locale":"es_ES"}},"Offers":{"Summaries":[{"Condition":{"Value":"New"},"LowestPrice":{"Amount":4.75,"Currency":"EUR","DisplayAmount":"4,75 €"}}]}},{"ASIN":"B0BGC46S4R","DetailPageURL":"https://www.amazon.es/dp/B0BGC46S4R?tag=topinalambricos-21&linkCode=osi&th=1&psc=1","Images":{"Primary":{"Small":{"Height":75,"URL":"https://m.media-amazon.com/images/I/61gdoEUtbYL._SL75_.jpg","Width":75}}},"ItemInfo":{"ByLineInfo":{"Brand":{"DisplayValue":"QJFHURB","Label":"Brand","Locale":"es_ES"},"Manufacturer":{"DisplayValue":"QJFHURB","Label":"Manufacturer","Locale":"es_ES"}},"Title":{"DisplayValue":"Pegatinas De Marcas 251 piezas Pack Pegatinas Skate Pegatina Vinilo Chulas Famosas Stickers Decorativas Stikers Portatil Pegatina Vinilo para Ordenador Maletas Coche Moto Casco Bicicletas","Label":"Title","Locale":"es_ES"}},"Offers":{"Summaries":[{"Condition":{"Value":"New"},"LowestPrice":{"Amount":11.99,"Currency":"EUR","DisplayAmount":"11,99 € (6,00 € / unidad)","PricePerUnit":6.0}}]}},{"ASIN":"B09PBK5X2D","DetailPageURL":"https://www.amazon.es/dp/B09PBK5X2D?tag=topinalambricos-21&linkCode=osi&th=1&psc=1","Images":{"Primary":{"Small":{"Height":75,"URL":"https://m.media-amazon.com/images/I/61BcnLW1KXL._SL75_.jpg","Width":75}}},"ItemInfo":{"ByLineInfo":{"Brand":{"DisplayValue":"ACTTGGJ","Label":"Brand","Locale":"es_ES"},"Manufacturer":{"DisplayValue":"ACTTGGJ","Label":"Manufacturer","Locale":"es_ES"}},"Title":{"DisplayValue":"Pegatinas 100 Piezas Paquete de Pegatinas para Computadora Portátil Pegatinas de Vinilo Graffiti Sticker de Moda Pegatinas Geniales para Snowboard, Motocicleta,Guitarra Botella de Agua, Cuaderno","Label":"Title","Locale":"es_ES"}},"Offers":{"Summaries":[{"Condition":{"Value":"New"},"LowestPrice":{"Amount":9.99,"Currency":"EUR","DisplayAmount":"9,99 € (0,10 € / unidad)","PricePerUnit":0.1}}]}},{"ASIN":"B086J5TC35","DetailPageURL":"https://www.amazon.es/dp/B086J5TC35?tag=topinalambricos-21&linkCode=osi&th=1&psc=1","Images":{"Primary":{"Small":{"Height":75,"URL":"https://m.media-amazon.com/images/I/51M4O8NICOL._SL75_.jpg","Width":75}}},"ItemInfo":{"ByLineInfo":{"Brand":{"DisplayValue":"Destination Vinyl Ltd","Label":"Brand","Locale":"es_ES"},"Manufacturer":{"DisplayValue":"Destination Vinyl Ltd","Label":"Manufacturer","Locale":"es_ES"}},"Title":{"DisplayValue":"2 pegatinas de vinilo divertidas de 10 cm, diseño de marihuana de broma, cannabis y marihuana 10cm Wide","Label":"Title","Locale":"es_ES"}},"Offers":{"Summaries":[{"Condition":{"Value":"New"},"LowestPrice":{"Amount":13.02,"Currency":"EUR","DisplayAmount":"13,02 €"}}]}}],"SearchURL":"https://www.amazon.es/s?k=pegatinas+marihuana&rh=n%3A4358418031%2Cp_n_availability%3A-1&tag=topinalambricos-21&linkCode=osi","TotalResultCount":53}},"14":{"SearchResult":{"Items":[{"ASIN":"B0C6LPS2FS","DetailPageURL":"https://www.amazon.es/dp/B0C6LPS2FS?tag=topinalambricos-21&linkCode=osi&th=1&psc=1","Images":{"Primary":{"Small":{"Height":75,"URL":"https://m.media-amazon.com/images/I/61saj5jsPiL._SL75_.jpg","Width":75}}},"ItemInfo":{"ByLineInfo":{"Brand":{"DisplayValue":"NEULEBEN","Label":"Brand","Locale":"es_ES"}},"Title":{"DisplayValue":"Pegatinas divertidas de hierba, 150 pegatinas de dibujos animados de hojas de marihuana para adolescentes y adultos, pegatinas impermeables de vinilo de hojas mixtas, álbum de recortes y guitarra","Label":"Title","Locale":"es_ES"}},"Offers":{"Summaries":[{"Condition":{"Value":"New"},"LowestPrice":{"Amount":10.99,"Currency":"EUR","DisplayAmount":"10,99 €"}}]}},{"ASIN":"B0BMVH4J88","DetailPageURL":"https://www.amazon.es/dp/B0BMVH4J88?tag=topinalambricos-21&linkCode=osi&th=1&psc=1","Images":{"Primary":{"Small":{"Height":75,"URL":"https://m.media-amazon.com/images/I/61tGBZudfIL._SL75_.jpg","Width":75}}},"ItemInfo":{"ByLineInfo":{"Brand":{"DisplayValue":"AYODPE","Label":"Brand","Locale":"es_ES"},"Manufacturer":{"DisplayValue":"AYODPE","Label":"Manufacturer","Locale":"es_ES"}},"Title":{"DisplayValue":"AYODPE 100 pegatinas de malas hierbas, vinilo resistente al agua para bricolaje, portátil, equipaje, frigorífico, monopatín, coche, moto, bicicleta, pegatinas de marihuana, juego de pegatinas","Label":"Title","Locale":"es_ES"}},"Offers":{"Summaries":[{"Condition":{"Value":"New"},"LowestPrice":{"Amount":11.97,"Currency":"EUR","DisplayAmount":"11,97 € (0,12 € / unidad)","PricePerUnit":0.12}},{"Condition":{"Value":"Used"},"LowestPrice":{"Amount":8.52,"Currency":"EUR","DisplayAmount":"8,52 € (0,09 € / unidad)","PricePerUnit":0.09}}]}},{"ASIN":"B0C8ZF6PDL","DetailPageURL":"https://www.amazon.es/dp/B0C8ZF6PDL?tag=topinalambricos-21&linkCode=osi&th=1&psc=1","Images":{"Primary":{"Small":{"Height":75,"URL":"https://m.media-amazon.com/images/I/51nhVepA96L._SL75_.jpg","Width":75}}},"ItemInfo":{"ByLineInfo":{"Brand":{"DisplayValue":"AK Giftshop","Label":"Brand","Locale":"es_ES"},"Manufacturer":{"DisplayValue":"AK Giftshop","Label":"Manufacturer","Locale":"es_ES"}},"Title":{"DisplayValue":"Pegatinas personalizables con temática de hojas de marihuana de cannabis, etiquetas personalizadas, decoraciones para fiestas, cumpleaños, celebraciones (48 pegatinas)","Label":"Title","Locale":"es_ES"}},"Offers":{"Summaries":[{"Condition":{"Value":"New"},"LowestPrice":{"Amount":5.82,"Currency":"EUR","DisplayAmount":"5,82 €"}}]}},{"ASIN":"B09T8PK6GY","DetailPageURL":"https://www.amazon.es/dp/B09T8PK6GY?tag=topinalambricos-21&linkCode=osi&th=1&psc=1","Images":{"Primary":{"Small":{"Height":75,"URL":"https://m.media-amazon.com/images/I/51tneD1zs9L._SL75_.jpg","Width":75}}},"ItemInfo":{"ByLineInfo":{"Brand":{"DisplayValue":"HNTR","Label":"Brand","Locale":"es_ES"},"Manufacturer":{"DisplayValue":"HNTR","Label":"Manufacturer","Locale":"es_ES"}},"Title":{"DisplayValue":"HNTR Pegatinas de cannabis Weed Get High – Paquete de pegatinas de vinilo Mega Diversión y creatividad para álbumes de recortes","Label":"Title","Locale":"es_ES"}},"Offers":{"Summaries":[{"Condition":{"Value":"New"},"LowestPrice":{"Amount":17.17,"Currency":"EUR","DisplayAmount":"17,17 € (0,34 € / unidad)","PricePerUnit":0.34}}]}},{"ASIN":"B08297GX94","DetailPageURL":"https://www.amazon.es/dp/B08297GX94?tag=topinalambricos-21&linkCode=osi&th=1&psc=1","Images":{"Primary":{"Small":{"Height":75,"URL":"https://m.media-amazon.com/images/I/51qX3QTO0iL._SL75_.jpg","Width":75}}},"ItemInfo":{"ByLineInfo":{"Brand":{"DisplayValue":"Destination Vinyl Ltd","Label":"Brand","Locale":"es_ES"},"Manufacturer":{"DisplayValue":"Destination Vinyl ltd","Label":"Manufacturer","Locale":"es_ES"}},"Title":{"DisplayValue":"Impresionantes pegatinas de vinilo (juego de 2) 7.5 cm – Calcomanías de marihuana con marihuana y marihuana para laptops, tabletas, equipaje, libros de recortes, regalo genial #1403114473, 23x17x1 cm","Label":"Title","Locale":"es_ES"}},"Offers":{"Summaries":[{"Condition":{"Value":"New"},"LowestPrice":{"Amount":13.75,"Currency":"EUR","DisplayAmount":"13,75 €"}}]}},{"ASIN":"B01AHJC9ZM","DetailPageURL":"https://www.amazon.es/dp/B01AHJC9ZM?tag=topinalambricos-21&linkCode=osi&th=1&psc=1","Images":{"Primary":{"Small":{"Height":75,"URL":"https://m.media-amazon.com/images/I/51W08-mMEfL._SL75_.jpg","Width":56}}},"ItemInfo":{"ByLineInfo":{"Brand":{"DisplayValue":"Charo","Label":"Brand","Locale":"es_ES"},"Manufacturer":{"DisplayValue":"Charo","Label":"Manufacturer","Locale":"es_ES"}},"Title":{"DisplayValue":"Pegatinas para plantas de cannabis, 20 unidades, 1 hoja, 135 mm x 100 mm, para manualidades, fiesta infantil, aspecto metálico","Label":"Title","Locale":"es_ES"}},"Offers":{"Summaries":[{"Condition":{"Value":"New"},"LowestPrice":{"Amount":2.99,"Currency":"EUR","DisplayAmount":"2,99 €"}}]}},{"ASIN":"B08K86S5L7","DetailPageURL":"https://www.amazon.es/dp/B08K86S5L7?tag=topinalambricos-21&linkCode=osi&th=1&psc=1","Images":{"Primary":{"Small":{"Height":52,"URL":"https://m.media-amazon.com/images/I/51aHVyxgnoL._SL75_.jpg","Width":75}}},"ItemInfo":{"ByLineInfo":{"Brand":{"DisplayValue":"Generisch","Label":"Brand","Locale":"es_ES"},"Manufacturer":{"DisplayValue":"Stickerfreaks","Label":"Manufacturer","Locale":"es_ES"}},"Title":{"DisplayValue":"Marihuana - Pegatinas para plantas (14 x 12 cm), diseño de flores","Label":"Title","Locale":"es_ES"}},"Offers":{"Summaries":[{"Condition":{"Value":"New"},"LowestPrice":{"Amount":4.75,"Currency":"EUR","DisplayAmount":"4,75 €"}}]}},{"ASIN":"B0BGC46S4R","DetailPageURL":"https://www.amazon.es/dp/B0BGC46S4R?tag=topinalambricos-21&linkCode=osi&th=1&psc=1","Images":{"Primary":{"Small":{"Height":75,"URL":"https://m.media-amazon.com/images/I/61gdoEUtbYL._SL75_.jpg","Width":75}}},"ItemInfo":{"ByLineInfo":{"Brand":{"DisplayValue":"QJFHURB","Label":"Brand","Locale":"es_ES"},"Manufacturer":{"DisplayValue":"QJFHURB","Label":"Manufacturer","Locale":"es_ES"}},"Title":{"DisplayValue":"Pegatinas De Marcas 251 piezas Pack Pegatinas Skate Pegatina Vinilo Chulas Famosas Stickers Decorativas Stikers Portatil Pegatina Vinilo para Ordenador Maletas Coche Moto Casco Bicicletas","Label":"Title","Locale":"es_ES"}},"Offers":{"Summaries":[{"Condition":{"Value":"New"},"LowestPrice":{"Amount":11.99,"Currency":"EUR","DisplayAmount":"11,99 € (6,00 € / unidad)","PricePerUnit":6.0}}]}},{"ASIN":"B09PBK5X2D","DetailPageURL":"https://www.amazon.es/dp/B09PBK5X2D?tag=topinalambricos-21&linkCode=osi&th=1&psc=1","Images":{"Primary":{"Small":{"Height":75,"URL":"https://m.media-amazon.com/images/I/61BcnLW1KXL._SL75_.jpg","Width":75}}},"ItemInfo":{"ByLineInfo":{"Brand":{"DisplayValue":"ACTTGGJ","Label":"Brand","Locale":"es_ES"},"Manufacturer":{"DisplayValue":"ACTTGGJ","Label":"Manufacturer","Locale":"es_ES"}},"Title":{"DisplayValue":"Pegatinas 100 Piezas Paquete de Pegatinas para Computadora Portátil Pegatinas de Vinilo Graffiti Sticker de Moda Pegatinas Geniales para Snowboard, Motocicleta,Guitarra Botella de Agua, Cuaderno","Label":"Title","Locale":"es_ES"}},"Offers":{"Summaries":[{"Condition":{"Value":"New"},"LowestPrice":{"Amount":9.99,"Currency":"EUR","DisplayAmount":"9,99 € (0,10 € / unidad)","PricePerUnit":0.1}}]}},{"ASIN":"B086J5TC35","DetailPageURL":"https://www.amazon.es/dp/B086J5TC35?tag=topinalambricos-21&linkCode=osi&th=1&psc=1","Images":{"Primary":{"Small":{"Height":75,"URL":"https://m.media-amazon.com/images/I/51M4O8NICOL._SL75_.jpg","Width":75}}},"ItemInfo":{"ByLineInfo":{"Brand":{"DisplayValue":"Destination Vinyl Ltd","Label":"Brand","Locale":"es_ES"},"Manufacturer":{"DisplayValue":"Destination Vinyl Ltd","Label":"Manufacturer","Locale":"es_ES"}},"Title":{"DisplayValue":"2 pegatinas de vinilo divertidas de 10 cm, diseño de marihuana de broma, cannabis y marihuana 10cm Wide","Label":"Title","Locale":"es_ES"}},"Offers":{"Summaries":[{"Condition":{"Value":"New"},"LowestPrice":{"Amount":13.02,"Currency":"EUR","DisplayAmount":"13,02 €"}}]}}],"SearchURL":"https://www.amazon.es/s?k=pegatinas+marihuana&rh=n%3A4358418031%2Cp_n_availability%3A-1&tag=topinalambricos-21&linkCode=osi","TotalResultCount":53}},"15":{"SearchResult":{"Items":[{"ASIN":"B0C6LPS2FS","DetailPageURL":"https://www.amazon.es/dp/B0C6LPS2FS?tag=topinalambricos-21&linkCode=osi&th=1&psc=1","Images":{"Primary":{"Small":{"Height":75,"URL":"https://m.media-amazon.com/images/I/61saj5jsPiL._SL75_.jpg","Width":75}}},"ItemInfo":{"ByLineInfo":{"Brand":{"DisplayValue":"NEULEBEN","Label":"Brand","Locale":"es_ES"}},"Title":{"DisplayValue":"Pegatinas divertidas de hierba, 150 pegatinas de dibujos animados de hojas de marihuana para adolescentes y adultos, pegatinas impermeables de vinilo de hojas mixtas, álbum de recortes y guitarra","Label":"Title","Locale":"es_ES"}},"Offers":{"Summaries":[{"Condition":{"Value":"New"},"LowestPrice":{"Amount":10.99,"Currency":"EUR","DisplayAmount":"10,99 €"}}]}},{"ASIN":"B0BMVH4J88","DetailPageURL":"https://www.amazon.es/dp/B0BMVH4J88?tag=topinalambricos-21&linkCode=osi&th=1&psc=1","Images":{"Primary":{"Small":{"Height":75,"URL":"https://m.media-amazon.com/images/I/61tGBZudfIL._SL75_.jpg","Width":75}}},"ItemInfo":{"ByLineInfo":{"Brand":{"DisplayValue":"AYODPE","Label":"Brand","Locale":"es_ES"},"Manufacturer":{"DisplayValue":"AYODPE","Label":"Manufacturer","Locale":"es_ES"}},"Title":{"DisplayValue":"AYODPE 100 pegatinas de malas hierbas, vinilo resistente al agua para bricolaje, portátil, equipaje, frigorífico, monopatín, coche, moto, bicicleta, pegatinas de marihuana, juego de pegatinas","Label":"Title","Locale":"es_ES"}},"Offers":{"Summaries":[{"Condition":{"Value":"New"},"LowestPrice":{"Amount":11.97,"Currency":"EUR","DisplayAmount":"11,97 € (0,12 € / unidad)","PricePerUnit":0.12}},{"Condition":{"Value":"Used"},"LowestPrice":{"Amount":8.52,"Currency":"EUR","DisplayAmount":"8,52 € (0,09 € / unidad)","PricePerUnit":0.09}}]}},{"ASIN":"B0C8ZF6PDL","DetailPageURL":"https://www.amazon.es/dp/B0C8ZF6PDL?tag=topinalambricos-21&linkCode=osi&th=1&psc=1","Images":{"Primary":{"Small":{"Height":75,"URL":"https://m.media-amazon.com/images/I/51nhVepA96L._SL75_.jpg","Width":75}}},"ItemInfo":{"ByLineInfo":{"Brand":{"DisplayValue":"AK Giftshop","Label":"Brand","Locale":"es_ES"},"Manufacturer":{"DisplayValue":"AK Giftshop","Label":"Manufacturer","Locale":"es_ES"}},"Title":{"DisplayValue":"Pegatinas personalizables con temática de hojas de marihuana de cannabis, etiquetas personalizadas, decoraciones para fiestas, cumpleaños, celebraciones (48 pegatinas)","Label":"Title","Locale":"es_ES"}},"Offers":{"Summaries":[{"Condition":{"Value":"New"},"LowestPrice":{"Amount":5.82,"Currency":"EUR","DisplayAmount":"5,82 €"}}]}},{"ASIN":"B09T8PK6GY","DetailPageURL":"https://www.amazon.es/dp/B09T8PK6GY?tag=topinalambricos-21&linkCode=osi&th=1&psc=1","Images":{"Primary":{"Small":{"Height":75,"URL":"https://m.media-amazon.com/images/I/51tneD1zs9L._SL75_.jpg","Width":75}}},"ItemInfo":{"ByLineInfo":{"Brand":{"DisplayValue":"HNTR","Label":"Brand","Locale":"es_ES"},"Manufacturer":{"DisplayValue":"HNTR","Label":"Manufacturer","Locale":"es_ES"}},"Title":{"DisplayValue":"HNTR Pegatinas de cannabis Weed Get High – Paquete de pegatinas de vinilo Mega Diversión y creatividad para álbumes de recortes","Label":"Title","Locale":"es_ES"}},"Offers":{"Summaries":[{"Condition":{"Value":"New"},"LowestPrice":{"Amount":17.17,"Currency":"EUR","DisplayAmount":"17,17 € (0,34 € / unidad)","PricePerUnit":0.34}}]}},{"ASIN":"B08297GX94","DetailPageURL":"https://www.amazon.es/dp/B08297GX94?tag=topinalambricos-21&linkCode=osi&th=1&psc=1","Images":{"Primary":{"Small":{"Height":75,"URL":"https://m.media-amazon.com/images/I/51qX3QTO0iL._SL75_.jpg","Width":75}}},"ItemInfo":{"ByLineInfo":{"Brand":{"DisplayValue":"Destination Vinyl Ltd","Label":"Brand","Locale":"es_ES"},"Manufacturer":{"DisplayValue":"Destination Vinyl ltd","Label":"Manufacturer","Locale":"es_ES"}},"Title":{"DisplayValue":"Impresionantes pegatinas de vinilo (juego de 2) 7.5 cm – Calcomanías de marihuana con marihuana y marihuana para laptops, tabletas, equipaje, libros de recortes, regalo genial #1403114473, 23x17x1 cm","Label":"Title","Locale":"es_ES"}},"Offers":{"Summaries":[{"Condition":{"Value":"New"},"LowestPrice":{"Amount":13.75,"Currency":"EUR","DisplayAmount":"13,75 €"}}]}},{"ASIN":"B01AHJC9ZM","DetailPageURL":"https://www.amazon.es/dp/B01AHJC9ZM?tag=topinalambricos-21&linkCode=osi&th=1&psc=1","Images":{"Primary":{"Small":{"Height":75,"URL":"https://m.media-amazon.com/images/I/51W08-mMEfL._SL75_.jpg","Width":56}}},"ItemInfo":{"ByLineInfo":{"Brand":{"DisplayValue":"Charo","Label":"Brand","Locale":"es_ES"},"Manufacturer":{"DisplayValue":"Charo","Label":"Manufacturer","Locale":"es_ES"}},"Title":{"DisplayValue":"Pegatinas para plantas de cannabis, 20 unidades, 1 hoja, 135 mm x 100 mm, para manualidades, fiesta infantil, aspecto metálico","Label":"Title","Locale":"es_ES"}},"Offers":{"Summaries":[{"Condition":{"Value":"New"},"LowestPrice":{"Amount":2.99,"Currency":"EUR","DisplayAmount":"2,99 €"}}]}},{"ASIN":"B08K86S5L7","DetailPageURL":"https://www.amazon.es/dp/B08K86S5L7?tag=topinalambricos-21&linkCode=osi&th=1&psc=1","Images":{"Primary":{"Small":{"Height":52,"URL":"https://m.media-amazon.com/images/I/51aHVyxgnoL._SL75_.jpg","Width":75}}},"ItemInfo":{"ByLineInfo":{"Brand":{"DisplayValue":"Generisch","Label":"Brand","Locale":"es_ES"},"Manufacturer":{"DisplayValue":"Stickerfreaks","Label":"Manufacturer","Locale":"es_ES"}},"Title":{"DisplayValue":"Marihuana - Pegatinas para plantas (14 x 12 cm), diseño de flores","Label":"Title","Locale":"es_ES"}},"Offers":{"Summaries":[{"Condition":{"Value":"New"},"LowestPrice":{"Amount":4.75,"Currency":"EUR","DisplayAmount":"4,75 €"}}]}},{"ASIN":"B0BGC46S4R","DetailPageURL":"https://www.amazon.es/dp/B0BGC46S4R?tag=topinalambricos-21&linkCode=osi&th=1&psc=1","Images":{"Primary":{"Small":{"Height":75,"URL":"https://m.media-amazon.com/images/I/61gdoEUtbYL._SL75_.jpg","Width":75}}},"ItemInfo":{"ByLineInfo":{"Brand":{"DisplayValue":"QJFHURB","Label":"Brand","Locale":"es_ES"},"Manufacturer":{"DisplayValue":"QJFHURB","Label":"Manufacturer","Locale":"es_ES"}},"Title":{"DisplayValue":"Pegatinas De Marcas 251 piezas Pack Pegatinas Skate Pegatina Vinilo Chulas Famosas Stickers Decorativas Stikers Portatil Pegatina Vinilo para Ordenador Maletas Coche Moto Casco Bicicletas","Label":"Title","Locale":"es_ES"}},"Offers":{"Summaries":[{"Condition":{"Value":"New"},"LowestPrice":{"Amount":11.99,"Currency":"EUR","DisplayAmount":"11,99 € (6,00 € / unidad)","PricePerUnit":6.0}}]}},{"ASIN":"B09PBK5X2D","DetailPageURL":"https://www.amazon.es/dp/B09PBK5X2D?tag=topinalambricos-21&linkCode=osi&th=1&psc=1","Images":{"Primary":{"Small":{"Height":75,"URL":"https://m.media-amazon.com/images/I/61BcnLW1KXL._SL75_.jpg","Width":75}}},"ItemInfo":{"ByLineInfo":{"Brand":{"DisplayValue":"ACTTGGJ","Label":"Brand","Locale":"es_ES"},"Manufacturer":{"DisplayValue":"ACTTGGJ","Label":"Manufacturer","Locale":"es_ES"}},"Title":{"DisplayValue":"Pegatinas 100 Piezas Paquete de Pegatinas para Computadora Portátil Pegatinas de Vinilo Graffiti Sticker de Moda Pegatinas Geniales para Snowboard, Motocicleta,Guitarra Botella de Agua, Cuaderno","Label":"Title","Locale":"es_ES"}},"Offers":{"Summaries":[{"Condition":{"Value":"New"},"LowestPrice":{"Amount":9.99,"Currency":"EUR","DisplayAmount":"9,99 € (0,10 € / unidad)","PricePerUnit":0.1}}]}},{"ASIN":"B086J5TC35","DetailPageURL":"https://www.amazon.es/dp/B086J5TC35?tag=topinalambricos-21&linkCode=osi&th=1&psc=1","Images":{"Primary":{"Small":{"Height":75,"URL":"https://m.media-amazon.com/images/I/51M4O8NICOL._SL75_.jpg","Width":75}}},"ItemInfo":{"ByLineInfo":{"Brand":{"DisplayValue":"Destination Vinyl Ltd","Label":"Brand","Locale":"es_ES"},"Manufacturer":{"DisplayValue":"Destination Vinyl Ltd","Label":"Manufacturer","Locale":"es_ES"}},"Title":{"DisplayValue":"2 pegatinas de vinilo divertidas de 10 cm, diseño de marihuana de broma, cannabis y marihuana 10cm Wide","Label":"Title","Locale":"es_ES"}},"Offers":{"Summaries":[{"Condition":{"Value":"New"},"LowestPrice":{"Amount":13.02,"Currency":"EUR","DisplayAmount":"13,02 €"}}]}}],"SearchURL":"https://www.amazon.es/s?k=pegatinas+marihuana&rh=n%3A4358418031%2Cp_n_availability%3A-1&tag=topinalambricos-21&linkCode=osi","TotalResultCount":53}},"16":{"SearchResult":{"Items":[{"ASIN":"B0C6LPS2FS","DetailPageURL":"https://www.amazon.es/dp/B0C6LPS2FS?tag=topinalambricos-21&linkCode=osi&th=1&psc=1","Images":{"Primary":{"Small":{"Height":75,"URL":"https://m.media-amazon.com/images/I/61saj5jsPiL._SL75_.jpg","Width":75}}},"ItemInfo":{"ByLineInfo":{"Brand":{"DisplayValue":"NEULEBEN","Label":"Brand","Locale":"es_ES"}},"Title":{"DisplayValue":"Pegatinas divertidas de hierba, 150 pegatinas de dibujos animados de hojas de marihuana para adolescentes y adultos, pegatinas impermeables de vinilo de hojas mixtas, álbum de recortes y guitarra","Label":"Title","Locale":"es_ES"}},"Offers":{"Summaries":[{"Condition":{"Value":"New"},"LowestPrice":{"Amount":10.99,"Currency":"EUR","DisplayAmount":"10,99 €"}}]}},{"ASIN":"B0BMVH4J88","DetailPageURL":"https://www.amazon.es/dp/B0BMVH4J88?tag=topinalambricos-21&linkCode=osi&th=1&psc=1","Images":{"Primary":{"Small":{"Height":75,"URL":"https://m.media-amazon.com/images/I/61tGBZudfIL._SL75_.jpg","Width":75}}},"ItemInfo":{"ByLineInfo":{"Brand":{"DisplayValue":"AYODPE","Label":"Brand","Locale":"es_ES"},"Manufacturer":{"DisplayValue":"AYODPE","Label":"Manufacturer","Locale":"es_ES"}},"Title":{"DisplayValue":"AYODPE 100 pegatinas de malas hierbas, vinilo resistente al agua para bricolaje, portátil, equipaje, frigorífico, monopatín, coche, moto, bicicleta, pegatinas de marihuana, juego de pegatinas","Label":"Title","Locale":"es_ES"}},"Offers":{"Summaries":[{"Condition":{"Value":"New"},"LowestPrice":{"Amount":11.97,"Currency":"EUR","DisplayAmount":"11,97 € (0,12 € / unidad)","PricePerUnit":0.12}},{"Condition":{"Value":"Used"},"LowestPrice":{"Amount":8.52,"Currency":"EUR","DisplayAmount":"8,52 € (0,09 € / unidad)","PricePerUnit":0.09}}]}},{"ASIN":"B0C8ZF6PDL","DetailPageURL":"https://www.amazon.es/dp/B0C8ZF6PDL?tag=topinalambricos-21&linkCode=osi&th=1&psc=1","Images":{"Primary":{"Small":{"Height":75,"URL":"https://m.media-amazon.com/images/I/51nhVepA96L._SL75_.jpg","Width":75}}},"ItemInfo":{"ByLineInfo":{"Brand":{"DisplayValue":"AK Giftshop","Label":"Brand","Locale":"es_ES"},"Manufacturer":{"DisplayValue":"AK Giftshop","Label":"Manufacturer","Locale":"es_ES"}},"Title":{"DisplayValue":"Pegatinas personalizables con temática de hojas de marihuana de cannabis, etiquetas personalizadas, decoraciones para fiestas, cumpleaños, celebraciones (48 pegatinas)","Label":"Title","Locale":"es_ES"}},"Offers":{"Summaries":[{"Condition":{"Value":"New"},"LowestPrice":{"Amount":5.82,"Currency":"EUR","DisplayAmount":"5,82 €"}}]}},{"ASIN":"B09T8PK6GY","DetailPageURL":"https://www.amazon.es/dp/B09T8PK6GY?tag=topinalambricos-21&linkCode=osi&th=1&psc=1","Images":{"Primary":{"Small":{"Height":75,"URL":"https://m.media-amazon.com/images/I/51tneD1zs9L._SL75_.jpg","Width":75}}},"ItemInfo":{"ByLineInfo":{"Brand":{"DisplayValue":"HNTR","Label":"Brand","Locale":"es_ES"},"Manufacturer":{"DisplayValue":"HNTR","Label":"Manufacturer","Locale":"es_ES"}},"Title":{"DisplayValue":"HNTR Pegatinas de cannabis Weed Get High – Paquete de pegatinas de vinilo Mega Diversión y creatividad para álbumes de recortes","Label":"Title","Locale":"es_ES"}},"Offers":{"Summaries":[{"Condition":{"Value":"New"},"LowestPrice":{"Amount":17.17,"Currency":"EUR","DisplayAmount":"17,17 € (0,34 € / unidad)","PricePerUnit":0.34}}]}},{"ASIN":"B08297GX94","DetailPageURL":"https://www.amazon.es/dp/B08297GX94?tag=topinalambricos-21&linkCode=osi&th=1&psc=1","Images":{"Primary":{"Small":{"Height":75,"URL":"https://m.media-amazon.com/images/I/51qX3QTO0iL._SL75_.jpg","Width":75}}},"ItemInfo":{"ByLineInfo":{"Brand":{"DisplayValue":"Destination Vinyl Ltd","Label":"Brand","Locale":"es_ES"},"Manufacturer":{"DisplayValue":"Destination Vinyl ltd","Label":"Manufacturer","Locale":"es_ES"}},"Title":{"DisplayValue":"Impresionantes pegatinas de vinilo (juego de 2) 7.5 cm – Calcomanías de marihuana con marihuana y marihuana para laptops, tabletas, equipaje, libros de recortes, regalo genial #1403114473, 23x17x1 cm","Label":"Title","Locale":"es_ES"}},"Offers":{"Summaries":[{"Condition":{"Value":"New"},"LowestPrice":{"Amount":13.75,"Currency":"EUR","DisplayAmount":"13,75 €"}}]}},{"ASIN":"B01AHJC9ZM","DetailPageURL":"https://www.amazon.es/dp/B01AHJC9ZM?tag=topinalambricos-21&linkCode=osi&th=1&psc=1","Images":{"Primary":{"Small":{"Height":75,"URL":"https://m.media-amazon.com/images/I/51W08-mMEfL._SL75_.jpg","Width":56}}},"ItemInfo":{"ByLineInfo":{"Brand":{"DisplayValue":"Charo","Label":"Brand","Locale":"es_ES"},"Manufacturer":{"DisplayValue":"Charo","Label":"Manufacturer","Locale":"es_ES"}},"Title":{"DisplayValue":"Pegatinas para plantas de cannabis, 20 unidades, 1 hoja, 135 mm x 100 mm, para manualidades, fiesta infantil, aspecto metálico","Label":"Title","Locale":"es_ES"}},"Offers":{"Summaries":[{"Condition":{"Value":"New"},"LowestPrice":{"Amount":2.99,"Currency":"EUR","DisplayAmount":"2,99 €"}}]}},{"ASIN":"B08K86S5L7","DetailPageURL":"https://www.amazon.es/dp/B08K86S5L7?tag=topinalambricos-21&linkCode=osi&th=1&psc=1","Images":{"Primary":{"Small":{"Height":52,"URL":"https://m.media-amazon.com/images/I/51aHVyxgnoL._SL75_.jpg","Width":75}}},"ItemInfo":{"ByLineInfo":{"Brand":{"DisplayValue":"Generisch","Label":"Brand","Locale":"es_ES"},"Manufacturer":{"DisplayValue":"Stickerfreaks","Label":"Manufacturer","Locale":"es_ES"}},"Title":{"DisplayValue":"Marihuana - Pegatinas para plantas (14 x 12 cm), diseño de flores","Label":"Title","Locale":"es_ES"}},"Offers":{"Summaries":[{"Condition":{"Value":"New"},"LowestPrice":{"Amount":4.75,"Currency":"EUR","DisplayAmount":"4,75 €"}}]}},{"ASIN":"B0BGC46S4R","DetailPageURL":"https://www.amazon.es/dp/B0BGC46S4R?tag=topinalambricos-21&linkCode=osi&th=1&psc=1","Images":{"Primary":{"Small":{"Height":75,"URL":"https://m.media-amazon.com/images/I/61gdoEUtbYL._SL75_.jpg","Width":75}}},"ItemInfo":{"ByLineInfo":{"Brand":{"DisplayValue":"QJFHURB","Label":"Brand","Locale":"es_ES"},"Manufacturer":{"DisplayValue":"QJFHURB","Label":"Manufacturer","Locale":"es_ES"}},"Title":{"DisplayValue":"Pegatinas De Marcas 251 piezas Pack Pegatinas Skate Pegatina Vinilo Chulas Famosas Stickers Decorativas Stikers Portatil Pegatina Vinilo para Ordenador Maletas Coche Moto Casco Bicicletas","Label":"Title","Locale":"es_ES"}},"Offers":{"Summaries":[{"Condition":{"Value":"New"},"LowestPrice":{"Amount":11.99,"Currency":"EUR","DisplayAmount":"11,99 € (6,00 € / unidad)","PricePerUnit":6.0}}]}},{"ASIN":"B09PBK5X2D","DetailPageURL":"https://www.amazon.es/dp/B09PBK5X2D?tag=topinalambricos-21&linkCode=osi&th=1&psc=1","Images":{"Primary":{"Small":{"Height":75,"URL":"https://m.media-amazon.com/images/I/61BcnLW1KXL._SL75_.jpg","Width":75}}},"ItemInfo":{"ByLineInfo":{"Brand":{"DisplayValue":"ACTTGGJ","Label":"Brand","Locale":"es_ES"},"Manufacturer":{"DisplayValue":"ACTTGGJ","Label":"Manufacturer","Locale":"es_ES"}},"Title":{"DisplayValue":"Pegatinas 100 Piezas Paquete de Pegatinas para Computadora Portátil Pegatinas de Vinilo Graffiti Sticker de Moda Pegatinas Geniales para Snowboard, Motocicleta,Guitarra Botella de Agua, Cuaderno","Label":"Title","Locale":"es_ES"}},"Offers":{"Summaries":[{"Condition":{"Value":"New"},"LowestPrice":{"Amount":9.99,"Currency":"EUR","DisplayAmount":"9,99 € (0,10 € / unidad)","PricePerUnit":0.1}}]}},{"ASIN":"B086J5TC35","DetailPageURL":"https://www.amazon.es/dp/B086J5TC35?tag=topinalambricos-21&linkCode=osi&th=1&psc=1","Images":{"Primary":{"Small":{"Height":75,"URL":"https://m.media-amazon.com/images/I/51M4O8NICOL._SL75_.jpg","Width":75}}},"ItemInfo":{"ByLineInfo":{"Brand":{"DisplayValue":"Destination Vinyl Ltd","Label":"Brand","Locale":"es_ES"},"Manufacturer":{"DisplayValue":"Destination Vinyl Ltd","Label":"Manufacturer","Locale":"es_ES"}},"Title":{"DisplayValue":"2 pegatinas de vinilo divertidas de 10 cm, diseño de marihuana de broma, cannabis y marihuana 10cm Wide","Label":"Title","Locale":"es_ES"}},"Offers":{"Summaries":[{"Condition":{"Value":"New"},"LowestPrice":{"Amount":13.02,"Currency":"EUR","DisplayAmount":"13,02 €"}}]}}],"SearchURL":"https://www.amazon.es/s?k=pegatinas+marihuana&rh=n%3A4358418031%2Cp_n_availability%3A-1&tag=topinalambricos-21&linkCode=osi","TotalResultCount":53}},"17":{"SearchResult":{"Items":[{"ASIN":"B0C6LPS2FS","DetailPageURL":"https://www.amazon.es/dp/B0C6LPS2FS?tag=topinalambricos-21&linkCode=osi&th=1&psc=1","Images":{"Primary":{"Small":{"Height":75,"URL":"https://m.media-amazon.com/images/I/61saj5jsPiL._SL75_.jpg","Width":75}}},"ItemInfo":{"ByLineInfo":{"Brand":{"DisplayValue":"NEULEBEN","Label":"Brand","Locale":"es_ES"}},"Title":{"DisplayValue":"Pegatinas divertidas de hierba, 150 pegatinas de dibujos animados de hojas de marihuana para adolescentes y adultos, pegatinas impermeables de vinilo de hojas mixtas, álbum de recortes y guitarra","Label":"Title","Locale":"es_ES"}},"Offers":{"Summaries":[{"Condition":{"Value":"New"},"LowestPrice":{"Amount":10.99,"Currency":"EUR","DisplayAmount":"10,99 €"}}]}},{"ASIN":"B0BMVH4J88","DetailPageURL":"https://www.amazon.es/dp/B0BMVH4J88?tag=topinalambricos-21&linkCode=osi&th=1&psc=1","Images":{"Primary":{"Small":{"Height":75,"URL":"https://m.media-amazon.com/images/I/61tGBZudfIL._SL75_.jpg","Width":75}}},"ItemInfo":{"ByLineInfo":{"Brand":{"DisplayValue":"AYODPE","Label":"Brand","Locale":"es_ES"},"Manufacturer":{"DisplayValue":"AYODPE","Label":"Manufacturer","Locale":"es_ES"}},"Title":{"DisplayValue":"AYODPE 100 pegatinas de malas hierbas, vinilo resistente al agua para bricolaje, portátil, equipaje, frigorífico, monopatín, coche, moto, bicicleta, pegatinas de marihuana, juego de pegatinas","Label":"Title","Locale":"es_ES"}},"Offers":{"Summaries":[{"Condition":{"Value":"New"},"LowestPrice":{"Amount":11.97,"Currency":"EUR","DisplayAmount":"11,97 € (0,12 € / unidad)","PricePerUnit":0.12}},{"Condition":{"Value":"Used"},"LowestPrice":{"Amount":8.52,"Currency":"EUR","DisplayAmount":"8,52 € (0,09 € / unidad)","PricePerUnit":0.09}}]}},{"ASIN":"B0C8ZF6PDL","DetailPageURL":"https://www.amazon.es/dp/B0C8ZF6PDL?tag=topinalambricos-21&linkCode=osi&th=1&psc=1","Images":{"Primary":{"Small":{"Height":75,"URL":"https://m.media-amazon.com/images/I/51nhVepA96L._SL75_.jpg","Width":75}}},"ItemInfo":{"ByLineInfo":{"Brand":{"DisplayValue":"AK Giftshop","Label":"Brand","Locale":"es_ES"},"Manufacturer":{"DisplayValue":"AK Giftshop","Label":"Manufacturer","Locale":"es_ES"}},"Title":{"DisplayValue":"Pegatinas personalizables con temática de hojas de marihuana de cannabis, etiquetas personalizadas, decoraciones para fiestas, cumpleaños, celebraciones (48 pegatinas)","Label":"Title","Locale":"es_ES"}},"Offers":{"Summaries":[{"Condition":{"Value":"New"},"LowestPrice":{"Amount":5.82,"Currency":"EUR","DisplayAmount":"5,82 €"}}]}},{"ASIN":"B09T8PK6GY","DetailPageURL":"https://www.amazon.es/dp/B09T8PK6GY?tag=topinalambricos-21&linkCode=osi&th=1&psc=1","Images":{"Primary":{"Small":{"Height":75,"URL":"https://m.media-amazon.com/images/I/51tneD1zs9L._SL75_.jpg","Width":75}}},"ItemInfo":{"ByLineInfo":{"Brand":{"DisplayValue":"HNTR","Label":"Brand","Locale":"es_ES"},"Manufacturer":{"DisplayValue":"HNTR","Label":"Manufacturer","Locale":"es_ES"}},"Title":{"DisplayValue":"HNTR Pegatinas de cannabis Weed Get High – Paquete de pegatinas de vinilo Mega Diversión y creatividad para álbumes de recortes","Label":"Title","Locale":"es_ES"}},"Offers":{"Summaries":[{"Condition":{"Value":"New"},"LowestPrice":{"Amount":17.17,"Currency":"EUR","DisplayAmount":"17,17 € (0,34 € / unidad)","PricePerUnit":0.34}}]}},{"ASIN":"B08297GX94","DetailPageURL":"https://www.amazon.es/dp/B08297GX94?tag=topinalambricos-21&linkCode=osi&th=1&psc=1","Images":{"Primary":{"Small":{"Height":75,"URL":"https://m.media-amazon.com/images/I/51qX3QTO0iL._SL75_.jpg","Width":75}}},"ItemInfo":{"ByLineInfo":{"Brand":{"DisplayValue":"Destination Vinyl Ltd","Label":"Brand","Locale":"es_ES"},"Manufacturer":{"DisplayValue":"Destination Vinyl ltd","Label":"Manufacturer","Locale":"es_ES"}},"Title":{"DisplayValue":"Impresionantes pegatinas de vinilo (juego de 2) 7.5 cm – Calcomanías de marihuana con marihuana y marihuana para laptops, tabletas, equipaje, libros de recortes, regalo genial #1403114473, 23x17x1 cm","Label":"Title","Locale":"es_ES"}},"Offers":{"Summaries":[{"Condition":{"Value":"New"},"LowestPrice":{"Amount":13.75,"Currency":"EUR","DisplayAmount":"13,75 €"}}]}},{"ASIN":"B01AHJC9ZM","DetailPageURL":"https://www.amazon.es/dp/B01AHJC9ZM?tag=topinalambricos-21&linkCode=osi&th=1&psc=1","Images":{"Primary":{"Small":{"Height":75,"URL":"https://m.media-amazon.com/images/I/51W08-mMEfL._SL75_.jpg","Width":56}}},"ItemInfo":{"ByLineInfo":{"Brand":{"DisplayValue":"Charo","Label":"Brand","Locale":"es_ES"},"Manufacturer":{"DisplayValue":"Charo","Label":"Manufacturer","Locale":"es_ES"}},"Title":{"DisplayValue":"Pegatinas para plantas de cannabis, 20 unidades, 1 hoja, 135 mm x 100 mm, para manualidades, fiesta infantil, aspecto metálico","Label":"Title","Locale":"es_ES"}},"Offers":{"Summaries":[{"Condition":{"Value":"New"},"LowestPrice":{"Amount":2.99,"Currency":"EUR","DisplayAmount":"2,99 €"}}]}},{"ASIN":"B08K86S5L7","DetailPageURL":"https://www.amazon.es/dp/B08K86S5L7?tag=topinalambricos-21&linkCode=osi&th=1&psc=1","Images":{"Primary":{"Small":{"Height":52,"URL":"https://m.media-amazon.com/images/I/51aHVyxgnoL._SL75_.jpg","Width":75}}},"ItemInfo":{"ByLineInfo":{"Brand":{"DisplayValue":"Generisch","Label":"Brand","Locale":"es_ES"},"Manufacturer":{"DisplayValue":"Stickerfreaks","Label":"Manufacturer","Locale":"es_ES"}},"Title":{"DisplayValue":"Marihuana - Pegatinas para plantas (14 x 12 cm), diseño de flores","Label":"Title","Locale":"es_ES"}},"Offers":{"Summaries":[{"Condition":{"Value":"New"},"LowestPrice":{"Amount":4.75,"Currency":"EUR","DisplayAmount":"4,75 €"}}]}},{"ASIN":"B0BGC46S4R","DetailPageURL":"https://www.amazon.es/dp/B0BGC46S4R?tag=topinalambricos-21&linkCode=osi&th=1&psc=1","Images":{"Primary":{"Small":{"Height":75,"URL":"https://m.media-amazon.com/images/I/61gdoEUtbYL._SL75_.jpg","Width":75}}},"ItemInfo":{"ByLineInfo":{"Brand":{"DisplayValue":"QJFHURB","Label":"Brand","Locale":"es_ES"},"Manufacturer":{"DisplayValue":"QJFHURB","Label":"Manufacturer","Locale":"es_ES"}},"Title":{"DisplayValue":"Pegatinas De Marcas 251 piezas Pack Pegatinas Skate Pegatina Vinilo Chulas Famosas Stickers Decorativas Stikers Portatil Pegatina Vinilo para Ordenador Maletas Coche Moto Casco Bicicletas","Label":"Title","Locale":"es_ES"}},"Offers":{"Summaries":[{"Condition":{"Value":"New"},"LowestPrice":{"Amount":11.99,"Currency":"EUR","DisplayAmount":"11,99 € (6,00 € / unidad)","PricePerUnit":6.0}}]}},{"ASIN":"B09PBK5X2D","DetailPageURL":"https://www.amazon.es/dp/B09PBK5X2D?tag=topinalambricos-21&linkCode=osi&th=1&psc=1","Images":{"Primary":{"Small":{"Height":75,"URL":"https://m.media-amazon.com/images/I/61BcnLW1KXL._SL75_.jpg","Width":75}}},"ItemInfo":{"ByLineInfo":{"Brand":{"DisplayValue":"ACTTGGJ","Label":"Brand","Locale":"es_ES"},"Manufacturer":{"DisplayValue":"ACTTGGJ","Label":"Manufacturer","Locale":"es_ES"}},"Title":{"DisplayValue":"Pegatinas 100 Piezas Paquete de Pegatinas para Computadora Portátil Pegatinas de Vinilo Graffiti Sticker de Moda Pegatinas Geniales para Snowboard, Motocicleta,Guitarra Botella de Agua, Cuaderno","Label":"Title","Locale":"es_ES"}},"Offers":{"Summaries":[{"Condition":{"Value":"New"},"LowestPrice":{"Amount":9.99,"Currency":"EUR","DisplayAmount":"9,99 € (0,10 € / unidad)","PricePerUnit":0.1}}]}},{"ASIN":"B086J5TC35","DetailPageURL":"https://www.amazon.es/dp/B086J5TC35?tag=topinalambricos-21&linkCode=osi&th=1&psc=1","Images":{"Primary":{"Small":{"Height":75,"URL":"https://m.media-amazon.com/images/I/51M4O8NICOL._SL75_.jpg","Width":75}}},"ItemInfo":{"ByLineInfo":{"Brand":{"DisplayValue":"Destination Vinyl Ltd","Label":"Brand","Locale":"es_ES"},"Manufacturer":{"DisplayValue":"Destination Vinyl Ltd","Label":"Manufacturer","Locale":"es_ES"}},"Title":{"DisplayValue":"2 pegatinas de vinilo divertidas de 10 cm, diseño de marihuana de broma, cannabis y marihuana 10cm Wide","Label":"Title","Locale":"es_ES"}},"Offers":{"Summaries":[{"Condition":{"Value":"New"},"LowestPrice":{"Amount":13.02,"Currency":"EUR","DisplayAmount":"13,02 €"}}]}}],"SearchURL":"https://www.amazon.es/s?k=pegatinas+marihuana&rh=n%3A4358418031%2Cp_n_availability%3A-1&tag=topinalambricos-21&linkCode=osi","TotalResultCount":53}},"19":{"SearchResult":{"Items":[{"ASIN":"B0C6LPS2FS","DetailPageURL":"https://www.amazon.es/dp/B0C6LPS2FS?tag=topinalambricos-21&linkCode=osi&th=1&psc=1","Images":{"Primary":{"Small":{"Height":75,"URL":"https://m.media-amazon.com/images/I/61saj5jsPiL._SL75_.jpg","Width":75}}},"ItemInfo":{"ByLineInfo":{"Brand":{"DisplayValue":"NEULEBEN","Label":"Brand","Locale":"es_ES"}},"Title":{"DisplayValue":"Pegatinas divertidas de hierba, 150 pegatinas de dibujos animados de hojas de marihuana para adolescentes y adultos, pegatinas impermeables de vinilo de hojas mixtas, álbum de recortes y guitarra","Label":"Title","Locale":"es_ES"}},"Offers":{"Summaries":[{"Condition":{"Value":"New"},"LowestPrice":{"Amount":10.99,"Currency":"EUR","DisplayAmount":"10,99 €"}}]}},{"ASIN":"B0BMVH4J88","DetailPageURL":"https://www.amazon.es/dp/B0BMVH4J88?tag=topinalambricos-21&linkCode=osi&th=1&psc=1","Images":{"Primary":{"Small":{"Height":75,"URL":"https://m.media-amazon.com/images/I/61tGBZudfIL._SL75_.jpg","Width":75}}},"ItemInfo":{"ByLineInfo":{"Brand":{"DisplayValue":"AYODPE","Label":"Brand","Locale":"es_ES"},"Manufacturer":{"DisplayValue":"AYODPE","Label":"Manufacturer","Locale":"es_ES"}},"Title":{"DisplayValue":"AYODPE 100 pegatinas de malas hierbas, vinilo resistente al agua para bricolaje, portátil, equipaje, frigorífico, monopatín, coche, moto, bicicleta, pegatinas de marihuana, juego de pegatinas","Label":"Title","Locale":"es_ES"}},"Offers":{"Summaries":[{"Condition":{"Value":"New"},"LowestPrice":{"Amount":11.97,"Currency":"EUR","DisplayAmount":"11,97 € (0,12 € / unidad)","PricePerUnit":0.12}},{"Condition":{"Value":"Used"},"LowestPrice":{"Amount":8.52,"Currency":"EUR","DisplayAmount":"8,52 € (0,09 € / unidad)","PricePerUnit":0.09}}]}},{"ASIN":"B0C8ZF6PDL","DetailPageURL":"https://www.amazon.es/dp/B0C8ZF6PDL?tag=topinalambricos-21&linkCode=osi&th=1&psc=1","Images":{"Primary":{"Small":{"Height":75,"URL":"https://m.media-amazon.com/images/I/51nhVepA96L._SL75_.jpg","Width":75}}},"ItemInfo":{"ByLineInfo":{"Brand":{"DisplayValue":"AK Giftshop","Label":"Brand","Locale":"es_ES"},"Manufacturer":{"DisplayValue":"AK Giftshop","Label":"Manufacturer","Locale":"es_ES"}},"Title":{"DisplayValue":"Pegatinas personalizables con temática de hojas de marihuana de cannabis, etiquetas personalizadas, decoraciones para fiestas, cumpleaños, celebraciones (48 pegatinas)","Label":"Title","Locale":"es_ES"}},"Offers":{"Summaries":[{"Condition":{"Value":"New"},"LowestPrice":{"Amount":5.82,"Currency":"EUR","DisplayAmount":"5,82 €"}}]}},{"ASIN":"B09T8PK6GY","DetailPageURL":"https://www.amazon.es/dp/B09T8PK6GY?tag=topinalambricos-21&linkCode=osi&th=1&psc=1","Images":{"Primary":{"Small":{"Height":75,"URL":"https://m.media-amazon.com/images/I/51tneD1zs9L._SL75_.jpg","Width":75}}},"ItemInfo":{"ByLineInfo":{"Brand":{"DisplayValue":"HNTR","Label":"Brand","Locale":"es_ES"},"Manufacturer":{"DisplayValue":"HNTR","Label":"Manufacturer","Locale":"es_ES"}},"Title":{"DisplayValue":"HNTR Pegatinas de cannabis Weed Get High – Paquete de pegatinas de vinilo Mega Diversión y creatividad para álbumes de recortes","Label":"Title","Locale":"es_ES"}},"Offers":{"Summaries":[{"Condition":{"Value":"New"},"LowestPrice":{"Amount":17.17,"Currency":"EUR","DisplayAmount":"17,17 € (0,34 € / unidad)","PricePerUnit":0.34}}]}},{"ASIN":"B08297GX94","DetailPageURL":"https://www.amazon.es/dp/B08297GX94?tag=topinalambricos-21&linkCode=osi&th=1&psc=1","Images":{"Primary":{"Small":{"Height":75,"URL":"https://m.media-amazon.com/images/I/51qX3QTO0iL._SL75_.jpg","Width":75}}},"ItemInfo":{"ByLineInfo":{"Brand":{"DisplayValue":"Destination Vinyl Ltd","Label":"Brand","Locale":"es_ES"},"Manufacturer":{"DisplayValue":"Destination Vinyl ltd","Label":"Manufacturer","Locale":"es_ES"}},"Title":{"DisplayValue":"Impresionantes pegatinas de vinilo (juego de 2) 7.5 cm – Calcomanías de marihuana con marihuana y marihuana para laptops, tabletas, equipaje, libros de recortes, regalo genial #1403114473, 23x17x1 cm","Label":"Title","Locale":"es_ES"}},"Offers":{"Summaries":[{"Condition":{"Value":"New"},"LowestPrice":{"Amount":13.75,"Currency":"EUR","DisplayAmount":"13,75 €"}}]}},{"ASIN":"B01AHJC9ZM","DetailPageURL":"https://www.amazon.es/dp/B01AHJC9ZM?tag=topinalambricos-21&linkCode=osi&th=1&psc=1","Images":{"Primary":{"Small":{"Height":75,"URL":"https://m.media-amazon.com/images/I/51W08-mMEfL._SL75_.jpg","Width":56}}},"ItemInfo":{"ByLineInfo":{"Brand":{"DisplayValue":"Charo","Label":"Brand","Locale":"es_ES"},"Manufacturer":{"DisplayValue":"Charo","Label":"Manufacturer","Locale":"es_ES"}},"Title":{"DisplayValue":"Pegatinas para plantas de cannabis, 20 unidades, 1 hoja, 135 mm x 100 mm, para manualidades, fiesta infantil, aspecto metálico","Label":"Title","Locale":"es_ES"}},"Offers":{"Summaries":[{"Condition":{"Value":"New"},"LowestPrice":{"Amount":2.99,"Currency":"EUR","DisplayAmount":"2,99 €"}}]}},{"ASIN":"B08K86S5L7","DetailPageURL":"https://www.amazon.es/dp/B08K86S5L7?tag=topinalambricos-21&linkCode=osi&th=1&psc=1","Images":{"Primary":{"Small":{"Height":52,"URL":"https://m.media-amazon.com/images/I/51aHVyxgnoL._SL75_.jpg","Width":75}}},"ItemInfo":{"ByLineInfo":{"Brand":{"DisplayValue":"Generisch","Label":"Brand","Locale":"es_ES"},"Manufacturer":{"DisplayValue":"Stickerfreaks","Label":"Manufacturer","Locale":"es_ES"}},"Title":{"DisplayValue":"Marihuana - Pegatinas para plantas (14 x 12 cm), diseño de flores","Label":"Title","Locale":"es_ES"}},"Offers":{"Summaries":[{"Condition":{"Value":"New"},"LowestPrice":{"Amount":4.75,"Currency":"EUR","DisplayAmount":"4,75 €"}}]}},{"ASIN":"B0BGC46S4R","DetailPageURL":"https://www.amazon.es/dp/B0BGC46S4R?tag=topinalambricos-21&linkCode=osi&th=1&psc=1","Images":{"Primary":{"Small":{"Height":75,"URL":"https://m.media-amazon.com/images/I/61gdoEUtbYL._SL75_.jpg","Width":75}}},"ItemInfo":{"ByLineInfo":{"Brand":{"DisplayValue":"QJFHURB","Label":"Brand","Locale":"es_ES"},"Manufacturer":{"DisplayValue":"QJFHURB","Label":"Manufacturer","Locale":"es_ES"}},"Title":{"DisplayValue":"Pegatinas De Marcas 251 piezas Pack Pegatinas Skate Pegatina Vinilo Chulas Famosas Stickers Decorativas Stikers Portatil Pegatina Vinilo para Ordenador Maletas Coche Moto Casco Bicicletas","Label":"Title","Locale":"es_ES"}},"Offers":{"Summaries":[{"Condition":{"Value":"New"},"LowestPrice":{"Amount":11.99,"Currency":"EUR","DisplayAmount":"11,99 € (6,00 € / unidad)","PricePerUnit":6.0}}]}},{"ASIN":"B09PBK5X2D","DetailPageURL":"https://www.amazon.es/dp/B09PBK5X2D?tag=topinalambricos-21&linkCode=osi&th=1&psc=1","Images":{"Primary":{"Small":{"Height":75,"URL":"https://m.media-amazon.com/images/I/61BcnLW1KXL._SL75_.jpg","Width":75}}},"ItemInfo":{"ByLineInfo":{"Brand":{"DisplayValue":"ACTTGGJ","Label":"Brand","Locale":"es_ES"},"Manufacturer":{"DisplayValue":"ACTTGGJ","Label":"Manufacturer","Locale":"es_ES"}},"Title":{"DisplayValue":"Pegatinas 100 Piezas Paquete de Pegatinas para Computadora Portátil Pegatinas de Vinilo Graffiti Sticker de Moda Pegatinas Geniales para Snowboard, Motocicleta,Guitarra Botella de Agua, Cuaderno","Label":"Title","Locale":"es_ES"}},"Offers":{"Summaries":[{"Condition":{"Value":"New"},"LowestPrice":{"Amount":9.99,"Currency":"EUR","DisplayAmount":"9,99 € (0,10 € / unidad)","PricePerUnit":0.1}}]}},{"ASIN":"B086J5TC35","DetailPageURL":"https://www.amazon.es/dp/B086J5TC35?tag=topinalambricos-21&linkCode=osi&th=1&psc=1","Images":{"Primary":{"Small":{"Height":75,"URL":"https://m.media-amazon.com/images/I/51M4O8NICOL._SL75_.jpg","Width":75}}},"ItemInfo":{"ByLineInfo":{"Brand":{"DisplayValue":"Destination Vinyl Ltd","Label":"Brand","Locale":"es_ES"},"Manufacturer":{"DisplayValue":"Destination Vinyl Ltd","Label":"Manufacturer","Locale":"es_ES"}},"Title":{"DisplayValue":"2 pegatinas de vinilo divertidas de 10 cm, diseño de marihuana de broma, cannabis y marihuana 10cm Wide","Label":"Title","Locale":"es_ES"}},"Offers":{"Summaries":[{"Condition":{"Value":"New"},"LowestPrice":{"Amount":13.02,"Currency":"EUR","DisplayAmount":"13,02 €"}}]}}],"SearchURL":"https://www.amazon.es/s?k=pegatinas+marihuana&rh=n%3A4358418031%2Cp_n_availability%3A-1&tag=topinalambricos-21&linkCode=osi","TotalResultCount":53}},"21":{"SearchResult":{"Items":[{"ASIN":"B0C6LPS2FS","DetailPageURL":"https://www.amazon.es/dp/B0C6LPS2FS?tag=topinalambricos-21&linkCode=osi&th=1&psc=1","Images":{"Primary":{"Small":{"Height":75,"URL":"https://m.media-amazon.com/images/I/61saj5jsPiL._SL75_.jpg","Width":75}}},"ItemInfo":{"ByLineInfo":{"Brand":{"DisplayValue":"NEULEBEN","Label":"Brand","Locale":"es_ES"}},"Title":{"DisplayValue":"Pegatinas divertidas de hierba, 150 pegatinas de dibujos animados de hojas de marihuana para adolescentes y adultos, pegatinas impermeables de vinilo de hojas mixtas, álbum de recortes y guitarra","Label":"Title","Locale":"es_ES"}},"Offers":{"Summaries":[{"Condition":{"Value":"New"},"LowestPrice":{"Amount":10.99,"Currency":"EUR","DisplayAmount":"10,99 €"}}]}},{"ASIN":"B0BMVH4J88","DetailPageURL":"https://www.amazon.es/dp/B0BMVH4J88?tag=topinalambricos-21&linkCode=osi&th=1&psc=1","Images":{"Primary":{"Small":{"Height":75,"URL":"https://m.media-amazon.com/images/I/61tGBZudfIL._SL75_.jpg","Width":75}}},"ItemInfo":{"ByLineInfo":{"Brand":{"DisplayValue":"AYODPE","Label":"Brand","Locale":"es_ES"},"Manufacturer":{"DisplayValue":"AYODPE","Label":"Manufacturer","Locale":"es_ES"}},"Title":{"DisplayValue":"AYODPE 100 pegatinas de malas hierbas, vinilo resistente al agua para bricolaje, portátil, equipaje, frigorífico, monopatín, coche, moto, bicicleta, pegatinas de marihuana, juego de pegatinas","Label":"Title","Locale":"es_ES"}},"Offers":{"Summaries":[{"Condition":{"Value":"New"},"LowestPrice":{"Amount":11.97,"Currency":"EUR","DisplayAmount":"11,97 € (0,12 € / unidad)","PricePerUnit":0.12}},{"Condition":{"Value":"Used"},"LowestPrice":{"Amount":8.52,"Currency":"EUR","DisplayAmount":"8,52 € (0,09 € / unidad)","PricePerUnit":0.09}}]}},{"ASIN":"B0C8ZF6PDL","DetailPageURL":"https://www.amazon.es/dp/B0C8ZF6PDL?tag=topinalambricos-21&linkCode=osi&th=1&psc=1","Images":{"Primary":{"Small":{"Height":75,"URL":"https://m.media-amazon.com/images/I/51nhVepA96L._SL75_.jpg","Width":75}}},"ItemInfo":{"ByLineInfo":{"Brand":{"DisplayValue":"AK Giftshop","Label":"Brand","Locale":"es_ES"},"Manufacturer":{"DisplayValue":"AK Giftshop","Label":"Manufacturer","Locale":"es_ES"}},"Title":{"DisplayValue":"Pegatinas personalizables con temática de hojas de marihuana de cannabis, etiquetas personalizadas, decoraciones para fiestas, cumpleaños, celebraciones (48 pegatinas)","Label":"Title","Locale":"es_ES"}},"Offers":{"Summaries":[{"Condition":{"Value":"New"},"LowestPrice":{"Amount":5.82,"Currency":"EUR","DisplayAmount":"5,82 €"}}]}},{"ASIN":"B09T8PK6GY","DetailPageURL":"https://www.amazon.es/dp/B09T8PK6GY?tag=topinalambricos-21&linkCode=osi&th=1&psc=1","Images":{"Primary":{"Small":{"Height":75,"URL":"https://m.media-amazon.com/images/I/51tneD1zs9L._SL75_.jpg","Width":75}}},"ItemInfo":{"ByLineInfo":{"Brand":{"DisplayValue":"HNTR","Label":"Brand","Locale":"es_ES"},"Manufacturer":{"DisplayValue":"HNTR","Label":"Manufacturer","Locale":"es_ES"}},"Title":{"DisplayValue":"HNTR Pegatinas de cannabis Weed Get High – Paquete de pegatinas de vinilo Mega Diversión y creatividad para álbumes de recortes","Label":"Title","Locale":"es_ES"}},"Offers":{"Summaries":[{"Condition":{"Value":"New"},"LowestPrice":{"Amount":17.17,"Currency":"EUR","DisplayAmount":"17,17 € (0,34 € / unidad)","PricePerUnit":0.34}}]}},{"ASIN":"B08297GX94","DetailPageURL":"https://www.amazon.es/dp/B08297GX94?tag=topinalambricos-21&linkCode=osi&th=1&psc=1","Images":{"Primary":{"Small":{"Height":75,"URL":"https://m.media-amazon.com/images/I/51qX3QTO0iL._SL75_.jpg","Width":75}}},"ItemInfo":{"ByLineInfo":{"Brand":{"DisplayValue":"Destination Vinyl Ltd","Label":"Brand","Locale":"es_ES"},"Manufacturer":{"DisplayValue":"Destination Vinyl ltd","Label":"Manufacturer","Locale":"es_ES"}},"Title":{"DisplayValue":"Impresionantes pegatinas de vinilo (juego de 2) 7.5 cm – Calcomanías de marihuana con marihuana y marihuana para laptops, tabletas, equipaje, libros de recortes, regalo genial #1403114473, 23x17x1 cm","Label":"Title","Locale":"es_ES"}},"Offers":{"Summaries":[{"Condition":{"Value":"New"},"LowestPrice":{"Amount":13.75,"Currency":"EUR","DisplayAmount":"13,75 €"}}]}},{"ASIN":"B01AHJC9ZM","DetailPageURL":"https://www.amazon.es/dp/B01AHJC9ZM?tag=topinalambricos-21&linkCode=osi&th=1&psc=1","Images":{"Primary":{"Small":{"Height":75,"URL":"https://m.media-amazon.com/images/I/51W08-mMEfL._SL75_.jpg","Width":56}}},"ItemInfo":{"ByLineInfo":{"Brand":{"DisplayValue":"Charo","Label":"Brand","Locale":"es_ES"},"Manufacturer":{"DisplayValue":"Charo","Label":"Manufacturer","Locale":"es_ES"}},"Title":{"DisplayValue":"Pegatinas para plantas de cannabis, 20 unidades, 1 hoja, 135 mm x 100 mm, para manualidades, fiesta infantil, aspecto metálico","Label":"Title","Locale":"es_ES"}},"Offers":{"Summaries":[{"Condition":{"Value":"New"},"LowestPrice":{"Amount":2.99,"Currency":"EUR","DisplayAmount":"2,99 €"}}]}},{"ASIN":"B08K86S5L7","DetailPageURL":"https://www.amazon.es/dp/B08K86S5L7?tag=topinalambricos-21&linkCode=osi&th=1&psc=1","Images":{"Primary":{"Small":{"Height":52,"URL":"https://m.media-amazon.com/images/I/51aHVyxgnoL._SL75_.jpg","Width":75}}},"ItemInfo":{"ByLineInfo":{"Brand":{"DisplayValue":"Generisch","Label":"Brand","Locale":"es_ES"},"Manufacturer":{"DisplayValue":"Stickerfreaks","Label":"Manufacturer","Locale":"es_ES"}},"Title":{"DisplayValue":"Marihuana - Pegatinas para plantas (14 x 12 cm), diseño de flores","Label":"Title","Locale":"es_ES"}},"Offers":{"Summaries":[{"Condition":{"Value":"New"},"LowestPrice":{"Amount":4.75,"Currency":"EUR","DisplayAmount":"4,75 €"}}]}},{"ASIN":"B0BGC46S4R","DetailPageURL":"https://www.amazon.es/dp/B0BGC46S4R?tag=topinalambricos-21&linkCode=osi&th=1&psc=1","Images":{"Primary":{"Small":{"Height":75,"URL":"https://m.media-amazon.com/images/I/61gdoEUtbYL._SL75_.jpg","Width":75}}},"ItemInfo":{"ByLineInfo":{"Brand":{"DisplayValue":"QJFHURB","Label":"Brand","Locale":"es_ES"},"Manufacturer":{"DisplayValue":"QJFHURB","Label":"Manufacturer","Locale":"es_ES"}},"Title":{"DisplayValue":"Pegatinas De Marcas 251 piezas Pack Pegatinas Skate Pegatina Vinilo Chulas Famosas Stickers Decorativas Stikers Portatil Pegatina Vinilo para Ordenador Maletas Coche Moto Casco Bicicletas","Label":"Title","Locale":"es_ES"}},"Offers":{"Summaries":[{"Condition":{"Value":"New"},"LowestPrice":{"Amount":11.99,"Currency":"EUR","DisplayAmount":"11,99 € (6,00 € / unidad)","PricePerUnit":6.0}}]}},{"ASIN":"B09PBK5X2D","DetailPageURL":"https://www.amazon.es/dp/B09PBK5X2D?tag=topinalambricos-21&linkCode=osi&th=1&psc=1","Images":{"Primary":{"Small":{"Height":75,"URL":"https://m.media-amazon.com/images/I/61BcnLW1KXL._SL75_.jpg","Width":75}}},"ItemInfo":{"ByLineInfo":{"Brand":{"DisplayValue":"ACTTGGJ","Label":"Brand","Locale":"es_ES"},"Manufacturer":{"DisplayValue":"ACTTGGJ","Label":"Manufacturer","Locale":"es_ES"}},"Title":{"DisplayValue":"Pegatinas 100 Piezas Paquete de Pegatinas para Computadora Portátil Pegatinas de Vinilo Graffiti Sticker de Moda Pegatinas Geniales para Snowboard, Motocicleta,Guitarra Botella de Agua, Cuaderno","Label":"Title","Locale":"es_ES"}},"Offers":{"Summaries":[{"Condition":{"Value":"New"},"LowestPrice":{"Amount":9.99,"Currency":"EUR","DisplayAmount":"9,99 € (0,10 € / unidad)","PricePerUnit":0.1}}]}},{"ASIN":"B086J5TC35","DetailPageURL":"https://www.amazon.es/dp/B086J5TC35?tag=topinalambricos-21&linkCode=osi&th=1&psc=1","Images":{"Primary":{"Small":{"Height":75,"URL":"https://m.media-amazon.com/images/I/51M4O8NICOL._SL75_.jpg","Width":75}}},"ItemInfo":{"ByLineInfo":{"Brand":{"DisplayValue":"Destination Vinyl Ltd","Label":"Brand","Locale":"es_ES"},"Manufacturer":{"DisplayValue":"Destination Vinyl Ltd","Label":"Manufacturer","Locale":"es_ES"}},"Title":{"DisplayValue":"2 pegatinas de vinilo divertidas de 10 cm, diseño de marihuana de broma, cannabis y marihuana 10cm Wide","Label":"Title","Locale":"es_ES"}},"Offers":{"Summaries":[{"Condition":{"Value":"New"},"LowestPrice":{"Amount":13.02,"Currency":"EUR","DisplayAmount":"13,02 €"}}]}}],"SearchURL":"https://www.amazon.es/s?k=pegatinas+marihuana&rh=n%3A4358418031%2Cp_n_availability%3A-1&tag=topinalambricos-21&linkCode=osi","TotalResultCount":53}},"22":{"SearchResult":{"Items":[{"ASIN":"B0C6LPS2FS","DetailPageURL":"https://www.amazon.es/dp/B0C6LPS2FS?tag=topinalambricos-21&linkCode=osi&th=1&psc=1","Images":{"Primary":{"Small":{"Height":75,"URL":"https://m.media-amazon.com/images/I/61saj5jsPiL._SL75_.jpg","Width":75}}},"ItemInfo":{"ByLineInfo":{"Brand":{"DisplayValue":"NEULEBEN","Label":"Brand","Locale":"es_ES"}},"Title":{"DisplayValue":"Pegatinas divertidas de hierba, 150 pegatinas de dibujos animados de hojas de marihuana para adolescentes y adultos, pegatinas impermeables de vinilo de hojas mixtas, álbum de recortes y guitarra","Label":"Title","Locale":"es_ES"}},"Offers":{"Summaries":[{"Condition":{"Value":"New"},"LowestPrice":{"Amount":10.99,"Currency":"EUR","DisplayAmount":"10,99 €"}}]}},{"ASIN":"B0BMVH4J88","DetailPageURL":"https://www.amazon.es/dp/B0BMVH4J88?tag=topinalambricos-21&linkCode=osi&th=1&psc=1","Images":{"Primary":{"Small":{"Height":75,"URL":"https://m.media-amazon.com/images/I/61tGBZudfIL._SL75_.jpg","Width":75}}},"ItemInfo":{"ByLineInfo":{"Brand":{"DisplayValue":"AYODPE","Label":"Brand","Locale":"es_ES"},"Manufacturer":{"DisplayValue":"AYODPE","Label":"Manufacturer","Locale":"es_ES"}},"Title":{"DisplayValue":"AYODPE 100 pegatinas de malas hierbas, vinilo resistente al agua para bricolaje, portátil, equipaje, frigorífico, monopatín, coche, moto, bicicleta, pegatinas de marihuana, juego de pegatinas","Label":"Title","Locale":"es_ES"}},"Offers":{"Summaries":[{"Condition":{"Value":"New"},"LowestPrice":{"Amount":11.97,"Currency":"EUR","DisplayAmount":"11,97 € (0,12 € / unidad)","PricePerUnit":0.12}},{"Condition":{"Value":"Used"},"LowestPrice":{"Amount":8.52,"Currency":"EUR","DisplayAmount":"8,52 € (0,09 € / unidad)","PricePerUnit":0.09}}]}},{"ASIN":"B0C8ZF6PDL","DetailPageURL":"https://www.amazon.es/dp/B0C8ZF6PDL?tag=topinalambricos-21&linkCode=osi&th=1&psc=1","Images":{"Primary":{"Small":{"Height":75,"URL":"https://m.media-amazon.com/images/I/51nhVepA96L._SL75_.jpg","Width":75}}},"ItemInfo":{"ByLineInfo":{"Brand":{"DisplayValue":"AK Giftshop","Label":"Brand","Locale":"es_ES"},"Manufacturer":{"DisplayValue":"AK Giftshop","Label":"Manufacturer","Locale":"es_ES"}},"Title":{"DisplayValue":"Pegatinas personalizables con temática de hojas de marihuana de cannabis, etiquetas personalizadas, decoraciones para fiestas, cumpleaños, celebraciones (48 pegatinas)","Label":"Title","Locale":"es_ES"}},"Offers":{"Summaries":[{"Condition":{"Value":"New"},"LowestPrice":{"Amount":5.82,"Currency":"EUR","DisplayAmount":"5,82 €"}}]}},{"ASIN":"B09T8PK6GY","DetailPageURL":"https://www.amazon.es/dp/B09T8PK6GY?tag=topinalambricos-21&linkCode=osi&th=1&psc=1","Images":{"Primary":{"Small":{"Height":75,"URL":"https://m.media-amazon.com/images/I/51tneD1zs9L._SL75_.jpg","Width":75}}},"ItemInfo":{"ByLineInfo":{"Brand":{"DisplayValue":"HNTR","Label":"Brand","Locale":"es_ES"},"Manufacturer":{"DisplayValue":"HNTR","Label":"Manufacturer","Locale":"es_ES"}},"Title":{"DisplayValue":"HNTR Pegatinas de cannabis Weed Get High – Paquete de pegatinas de vinilo Mega Diversión y creatividad para álbumes de recortes","Label":"Title","Locale":"es_ES"}},"Offers":{"Summaries":[{"Condition":{"Value":"New"},"LowestPrice":{"Amount":17.17,"Currency":"EUR","DisplayAmount":"17,17 € (0,34 € / unidad)","PricePerUnit":0.34}}]}},{"ASIN":"B08297GX94","DetailPageURL":"https://www.amazon.es/dp/B08297GX94?tag=topinalambricos-21&linkCode=osi&th=1&psc=1","Images":{"Primary":{"Small":{"Height":75,"URL":"https://m.media-amazon.com/images/I/51qX3QTO0iL._SL75_.jpg","Width":75}}},"ItemInfo":{"ByLineInfo":{"Brand":{"DisplayValue":"Destination Vinyl Ltd","Label":"Brand","Locale":"es_ES"},"Manufacturer":{"DisplayValue":"Destination Vinyl ltd","Label":"Manufacturer","Locale":"es_ES"}},"Title":{"DisplayValue":"Impresionantes pegatinas de vinilo (juego de 2) 7.5 cm – Calcomanías de marihuana con marihuana y marihuana para laptops, tabletas, equipaje, libros de recortes, regalo genial #1403114473, 23x17x1 cm","Label":"Title","Locale":"es_ES"}},"Offers":{"Summaries":[{"Condition":{"Value":"New"},"LowestPrice":{"Amount":13.75,"Currency":"EUR","DisplayAmount":"13,75 €"}}]}},{"ASIN":"B01AHJC9ZM","DetailPageURL":"https://www.amazon.es/dp/B01AHJC9ZM?tag=topinalambricos-21&linkCode=osi&th=1&psc=1","Images":{"Primary":{"Small":{"Height":75,"URL":"https://m.media-amazon.com/images/I/51W08-mMEfL._SL75_.jpg","Width":56}}},"ItemInfo":{"ByLineInfo":{"Brand":{"DisplayValue":"Charo","Label":"Brand","Locale":"es_ES"},"Manufacturer":{"DisplayValue":"Charo","Label":"Manufacturer","Locale":"es_ES"}},"Title":{"DisplayValue":"Pegatinas para plantas de cannabis, 20 unidades, 1 hoja, 135 mm x 100 mm, para manualidades, fiesta infantil, aspecto metálico","Label":"Title","Locale":"es_ES"}},"Offers":{"Summaries":[{"Condition":{"Value":"New"},"LowestPrice":{"Amount":2.99,"Currency":"EUR","DisplayAmount":"2,99 €"}}]}},{"ASIN":"B08K86S5L7","DetailPageURL":"https://www.amazon.es/dp/B08K86S5L7?tag=topinalambricos-21&linkCode=osi&th=1&psc=1","Images":{"Primary":{"Small":{"Height":52,"URL":"https://m.media-amazon.com/images/I/51aHVyxgnoL._SL75_.jpg","Width":75}}},"ItemInfo":{"ByLineInfo":{"Brand":{"DisplayValue":"Generisch","Label":"Brand","Locale":"es_ES"},"Manufacturer":{"DisplayValue":"Stickerfreaks","Label":"Manufacturer","Locale":"es_ES"}},"Title":{"DisplayValue":"Marihuana - Pegatinas para plantas (14 x 12 cm), diseño de flores","Label":"Title","Locale":"es_ES"}},"Offers":{"Summaries":[{"Condition":{"Value":"New"},"LowestPrice":{"Amount":4.75,"Currency":"EUR","DisplayAmount":"4,75 €"}}]}},{"ASIN":"B0BGC46S4R","DetailPageURL":"https://www.amazon.es/dp/B0BGC46S4R?tag=topinalambricos-21&linkCode=osi&th=1&psc=1","Images":{"Primary":{"Small":{"Height":75,"URL":"https://m.media-amazon.com/images/I/61gdoEUtbYL._SL75_.jpg","Width":75}}},"ItemInfo":{"ByLineInfo":{"Brand":{"DisplayValue":"QJFHURB","Label":"Brand","Locale":"es_ES"},"Manufacturer":{"DisplayValue":"QJFHURB","Label":"Manufacturer","Locale":"es_ES"}},"Title":{"DisplayValue":"Pegatinas De Marcas 251 piezas Pack Pegatinas Skate Pegatina Vinilo Chulas Famosas Stickers Decorativas Stikers Portatil Pegatina Vinilo para Ordenador Maletas Coche Moto Casco Bicicletas","Label":"Title","Locale":"es_ES"}},"Offers":{"Summaries":[{"Condition":{"Value":"New"},"LowestPrice":{"Amount":11.99,"Currency":"EUR","DisplayAmount":"11,99 € (6,00 € / unidad)","PricePerUnit":6.0}}]}},{"ASIN":"B09PBK5X2D","DetailPageURL":"https://www.amazon.es/dp/B09PBK5X2D?tag=topinalambricos-21&linkCode=osi&th=1&psc=1","Images":{"Primary":{"Small":{"Height":75,"URL":"https://m.media-amazon.com/images/I/61BcnLW1KXL._SL75_.jpg","Width":75}}},"ItemInfo":{"ByLineInfo":{"Brand":{"DisplayValue":"ACTTGGJ","Label":"Brand","Locale":"es_ES"},"Manufacturer":{"DisplayValue":"ACTTGGJ","Label":"Manufacturer","Locale":"es_ES"}},"Title":{"DisplayValue":"Pegatinas 100 Piezas Paquete de Pegatinas para Computadora Portátil Pegatinas de Vinilo Graffiti Sticker de Moda Pegatinas Geniales para Snowboard, Motocicleta,Guitarra Botella de Agua, Cuaderno","Label":"Title","Locale":"es_ES"}},"Offers":{"Summaries":[{"Condition":{"Value":"New"},"LowestPrice":{"Amount":9.99,"Currency":"EUR","DisplayAmount":"9,99 € (0,10 € / unidad)","PricePerUnit":0.1}}]}},{"ASIN":"B086J5TC35","DetailPageURL":"https://www.amazon.es/dp/B086J5TC35?tag=topinalambricos-21&linkCode=osi&th=1&psc=1","Images":{"Primary":{"Small":{"Height":75,"URL":"https://m.media-amazon.com/images/I/51M4O8NICOL._SL75_.jpg","Width":75}}},"ItemInfo":{"ByLineInfo":{"Brand":{"DisplayValue":"Destination Vinyl Ltd","Label":"Brand","Locale":"es_ES"},"Manufacturer":{"DisplayValue":"Destination Vinyl Ltd","Label":"Manufacturer","Locale":"es_ES"}},"Title":{"DisplayValue":"2 pegatinas de vinilo divertidas de 10 cm, diseño de marihuana de broma, cannabis y marihuana 10cm Wide","Label":"Title","Locale":"es_ES"}},"Offers":{"Summaries":[{"Condition":{"Value":"New"},"LowestPrice":{"Amount":13.02,"Currency":"EUR","DisplayAmount":"13,02 €"}}]}}],"SearchURL":"https://www.amazon.es/s?k=pegatinas+marihuana&rh=n%3A4358418031%2Cp_n_availability%3A-1&tag=topinalambricos-21&linkCode=osi","TotalResultCount":53}},"23":{"SearchResult":{"Items":[{"ASIN":"B0C6LPS2FS","DetailPageURL":"https://www.amazon.es/dp/B0C6LPS2FS?tag=topinalambricos-21&linkCode=osi&th=1&psc=1","Images":{"Primary":{"Small":{"Height":75,"URL":"https://m.media-amazon.com/images/I/61saj5jsPiL._SL75_.jpg","Width":75}}},"ItemInfo":{"ByLineInfo":{"Brand":{"DisplayValue":"NEULEBEN","Label":"Brand","Locale":"es_ES"}},"Title":{"DisplayValue":"Pegatinas divertidas de hierba, 150 pegatinas de dibujos animados de hojas de marihuana para adolescentes y adultos, pegatinas impermeables de vinilo de hojas mixtas, álbum de recortes y guitarra","Label":"Title","Locale":"es_ES"}},"Offers":{"Summaries":[{"Condition":{"Value":"New"},"LowestPrice":{"Amount":10.99,"Currency":"EUR","DisplayAmount":"10,99 €"}}]}},{"ASIN":"B0BMVH4J88","DetailPageURL":"https://www.amazon.es/dp/B0BMVH4J88?tag=topinalambricos-21&linkCode=osi&th=1&psc=1","Images":{"Primary":{"Small":{"Height":75,"URL":"https://m.media-amazon.com/images/I/61tGBZudfIL._SL75_.jpg","Width":75}}},"ItemInfo":{"ByLineInfo":{"Brand":{"DisplayValue":"AYODPE","Label":"Brand","Locale":"es_ES"},"Manufacturer":{"DisplayValue":"AYODPE","Label":"Manufacturer","Locale":"es_ES"}},"Title":{"DisplayValue":"AYODPE 100 pegatinas de malas hierbas, vinilo resistente al agua para bricolaje, portátil, equipaje, frigorífico, monopatín, coche, moto, bicicleta, pegatinas de marihuana, juego de pegatinas","Label":"Title","Locale":"es_ES"}},"Offers":{"Summaries":[{"Condition":{"Value":"New"},"LowestPrice":{"Amount":11.97,"Currency":"EUR","DisplayAmount":"11,97 € (0,12 € / unidad)","PricePerUnit":0.12}},{"Condition":{"Value":"Used"},"LowestPrice":{"Amount":8.52,"Currency":"EUR","DisplayAmount":"8,52 € (0,09 € / unidad)","PricePerUnit":0.09}}]}},{"ASIN":"B0C8ZF6PDL","DetailPageURL":"https://www.amazon.es/dp/B0C8ZF6PDL?tag=topinalambricos-21&linkCode=osi&th=1&psc=1","Images":{"Primary":{"Small":{"Height":75,"URL":"https://m.media-amazon.com/images/I/51nhVepA96L._SL75_.jpg","Width":75}}},"ItemInfo":{"ByLineInfo":{"Brand":{"DisplayValue":"AK Giftshop","Label":"Brand","Locale":"es_ES"},"Manufacturer":{"DisplayValue":"AK Giftshop","Label":"Manufacturer","Locale":"es_ES"}},"Title":{"DisplayValue":"Pegatinas personalizables con temática de hojas de marihuana de cannabis, etiquetas personalizadas, decoraciones para fiestas, cumpleaños, celebraciones (48 pegatinas)","Label":"Title","Locale":"es_ES"}},"Offers":{"Summaries":[{"Condition":{"Value":"New"},"LowestPrice":{"Amount":5.82,"Currency":"EUR","DisplayAmount":"5,82 €"}}]}},{"ASIN":"B09T8PK6GY","DetailPageURL":"https://www.amazon.es/dp/B09T8PK6GY?tag=topinalambricos-21&linkCode=osi&th=1&psc=1","Images":{"Primary":{"Small":{"Height":75,"URL":"https://m.media-amazon.com/images/I/51tneD1zs9L._SL75_.jpg","Width":75}}},"ItemInfo":{"ByLineInfo":{"Brand":{"DisplayValue":"HNTR","Label":"Brand","Locale":"es_ES"},"Manufacturer":{"DisplayValue":"HNTR","Label":"Manufacturer","Locale":"es_ES"}},"Title":{"DisplayValue":"HNTR Pegatinas de cannabis Weed Get High – Paquete de pegatinas de vinilo Mega Diversión y creatividad para álbumes de recortes","Label":"Title","Locale":"es_ES"}},"Offers":{"Summaries":[{"Condition":{"Value":"New"},"LowestPrice":{"Amount":17.17,"Currency":"EUR","DisplayAmount":"17,17 € (0,34 € / unidad)","PricePerUnit":0.34}}]}},{"ASIN":"B08297GX94","DetailPageURL":"https://www.amazon.es/dp/B08297GX94?tag=topinalambricos-21&linkCode=osi&th=1&psc=1","Images":{"Primary":{"Small":{"Height":75,"URL":"https://m.media-amazon.com/images/I/51qX3QTO0iL._SL75_.jpg","Width":75}}},"ItemInfo":{"ByLineInfo":{"Brand":{"DisplayValue":"Destination Vinyl Ltd","Label":"Brand","Locale":"es_ES"},"Manufacturer":{"DisplayValue":"Destination Vinyl ltd","Label":"Manufacturer","Locale":"es_ES"}},"Title":{"DisplayValue":"Impresionantes pegatinas de vinilo (juego de 2) 7.5 cm – Calcomanías de marihuana con marihuana y marihuana para laptops, tabletas, equipaje, libros de recortes, regalo genial #1403114473, 23x17x1 cm","Label":"Title","Locale":"es_ES"}},"Offers":{"Summaries":[{"Condition":{"Value":"New"},"LowestPrice":{"Amount":13.75,"Currency":"EUR","DisplayAmount":"13,75 €"}}]}},{"ASIN":"B01AHJC9ZM","DetailPageURL":"https://www.amazon.es/dp/B01AHJC9ZM?tag=topinalambricos-21&linkCode=osi&th=1&psc=1","Images":{"Primary":{"Small":{"Height":75,"URL":"https://m.media-amazon.com/images/I/51W08-mMEfL._SL75_.jpg","Width":56}}},"ItemInfo":{"ByLineInfo":{"Brand":{"DisplayValue":"Charo","Label":"Brand","Locale":"es_ES"},"Manufacturer":{"DisplayValue":"Charo","Label":"Manufacturer","Locale":"es_ES"}},"Title":{"DisplayValue":"Pegatinas para plantas de cannabis, 20 unidades, 1 hoja, 135 mm x 100 mm, para manualidades, fiesta infantil, aspecto metálico","Label":"Title","Locale":"es_ES"}},"Offers":{"Summaries":[{"Condition":{"Value":"New"},"LowestPrice":{"Amount":2.99,"Currency":"EUR","DisplayAmount":"2,99 €"}}]}},{"ASIN":"B08K86S5L7","DetailPageURL":"https://www.amazon.es/dp/B08K86S5L7?tag=topinalambricos-21&linkCode=osi&th=1&psc=1","Images":{"Primary":{"Small":{"Height":52,"URL":"https://m.media-amazon.com/images/I/51aHVyxgnoL._SL75_.jpg","Width":75}}},"ItemInfo":{"ByLineInfo":{"Brand":{"DisplayValue":"Generisch","Label":"Brand","Locale":"es_ES"},"Manufacturer":{"DisplayValue":"Stickerfreaks","Label":"Manufacturer","Locale":"es_ES"}},"Title":{"DisplayValue":"Marihuana - Pegatinas para plantas (14 x 12 cm), diseño de flores","Label":"Title","Locale":"es_ES"}},"Offers":{"Summaries":[{"Condition":{"Value":"New"},"LowestPrice":{"Amount":4.75,"Currency":"EUR","DisplayAmount":"4,75 €"}}]}},{"ASIN":"B0BGC46S4R","DetailPageURL":"https://www.amazon.es/dp/B0BGC46S4R?tag=topinalambricos-21&linkCode=osi&th=1&psc=1","Images":{"Primary":{"Small":{"Height":75,"URL":"https://m.media-amazon.com/images/I/61gdoEUtbYL._SL75_.jpg","Width":75}}},"ItemInfo":{"ByLineInfo":{"Brand":{"DisplayValue":"QJFHURB","Label":"Brand","Locale":"es_ES"},"Manufacturer":{"DisplayValue":"QJFHURB","Label":"Manufacturer","Locale":"es_ES"}},"Title":{"DisplayValue":"Pegatinas De Marcas 251 piezas Pack Pegatinas Skate Pegatina Vinilo Chulas Famosas Stickers Decorativas Stikers Portatil Pegatina Vinilo para Ordenador Maletas Coche Moto Casco Bicicletas","Label":"Title","Locale":"es_ES"}},"Offers":{"Summaries":[{"Condition":{"Value":"New"},"LowestPrice":{"Amount":11.99,"Currency":"EUR","DisplayAmount":"11,99 € (6,00 € / unidad)","PricePerUnit":6.0}}]}},{"ASIN":"B09PBK5X2D","DetailPageURL":"https://www.amazon.es/dp/B09PBK5X2D?tag=topinalambricos-21&linkCode=osi&th=1&psc=1","Images":{"Primary":{"Small":{"Height":75,"URL":"https://m.media-amazon.com/images/I/61BcnLW1KXL._SL75_.jpg","Width":75}}},"ItemInfo":{"ByLineInfo":{"Brand":{"DisplayValue":"ACTTGGJ","Label":"Brand","Locale":"es_ES"},"Manufacturer":{"DisplayValue":"ACTTGGJ","Label":"Manufacturer","Locale":"es_ES"}},"Title":{"DisplayValue":"Pegatinas 100 Piezas Paquete de Pegatinas para Computadora Portátil Pegatinas de Vinilo Graffiti Sticker de Moda Pegatinas Geniales para Snowboard, Motocicleta,Guitarra Botella de Agua, Cuaderno","Label":"Title","Locale":"es_ES"}},"Offers":{"Summaries":[{"Condition":{"Value":"New"},"LowestPrice":{"Amount":9.99,"Currency":"EUR","DisplayAmount":"9,99 € (0,10 € / unidad)","PricePerUnit":0.1}}]}},{"ASIN":"B086J5TC35","DetailPageURL":"https://www.amazon.es/dp/B086J5TC35?tag=topinalambricos-21&linkCode=osi&th=1&psc=1","Images":{"Primary":{"Small":{"Height":75,"URL":"https://m.media-amazon.com/images/I/51M4O8NICOL._SL75_.jpg","Width":75}}},"ItemInfo":{"ByLineInfo":{"Brand":{"DisplayValue":"Destination Vinyl Ltd","Label":"Brand","Locale":"es_ES"},"Manufacturer":{"DisplayValue":"Destination Vinyl Ltd","Label":"Manufacturer","Locale":"es_ES"}},"Title":{"DisplayValue":"2 pegatinas de vinilo divertidas de 10 cm, diseño de marihuana de broma, cannabis y marihuana 10cm Wide","Label":"Title","Locale":"es_ES"}},"Offers":{"Summaries":[{"Condition":{"Value":"New"},"LowestPrice":{"Amount":13.02,"Currency":"EUR","DisplayAmount":"13,02 €"}}]}}],"SearchURL":"https://www.amazon.es/s?k=pegatinas+marihuana&rh=n%3A4358418031%2Cp_n_availability%3A-1&tag=topinalambricos-21&linkCode=osi","TotalResultCount":53}},"25":{"SearchResult":{"Items":[{"ASIN":"B0C6LPS2FS","DetailPageURL":"https://www.amazon.es/dp/B0C6LPS2FS?tag=topinalambricos-21&linkCode=osi&th=1&psc=1","Images":{"Primary":{"Small":{"Height":75,"URL":"https://m.media-amazon.com/images/I/61saj5jsPiL._SL75_.jpg","Width":75}}},"ItemInfo":{"ByLineInfo":{"Brand":{"DisplayValue":"NEULEBEN","Label":"Brand","Locale":"es_ES"}},"Title":{"DisplayValue":"Pegatinas divertidas de hierba, 150 pegatinas de dibujos animados de hojas de marihuana para adolescentes y adultos, pegatinas impermeables de vinilo de hojas mixtas, álbum de recortes y guitarra","Label":"Title","Locale":"es_ES"}},"Offers":{"Summaries":[{"Condition":{"Value":"New"},"LowestPrice":{"Amount":10.99,"Currency":"EUR","DisplayAmount":"10,99 €"}}]}},{"ASIN":"B0BMVH4J88","DetailPageURL":"https://www.amazon.es/dp/B0BMVH4J88?tag=topinalambricos-21&linkCode=osi&th=1&psc=1","Images":{"Primary":{"Small":{"Height":75,"URL":"https://m.media-amazon.com/images/I/61tGBZudfIL._SL75_.jpg","Width":75}}},"ItemInfo":{"ByLineInfo":{"Brand":{"DisplayValue":"AYODPE","Label":"Brand","Locale":"es_ES"},"Manufacturer":{"DisplayValue":"AYODPE","Label":"Manufacturer","Locale":"es_ES"}},"Title":{"DisplayValue":"AYODPE 100 pegatinas de malas hierbas, vinilo resistente al agua para bricolaje, portátil, equipaje, frigorífico, monopatín, coche, moto, bicicleta, pegatinas de marihuana, juego de pegatinas","Label":"Title","Locale":"es_ES"}},"Offers":{"Summaries":[{"Condition":{"Value":"New"},"LowestPrice":{"Amount":11.97,"Currency":"EUR","DisplayAmount":"11,97 € (0,12 € / unidad)","PricePerUnit":0.12}},{"Condition":{"Value":"Used"},"LowestPrice":{"Amount":8.52,"Currency":"EUR","DisplayAmount":"8,52 € (0,09 € / unidad)","PricePerUnit":0.09}}]}},{"ASIN":"B0C8ZF6PDL","DetailPageURL":"https://www.amazon.es/dp/B0C8ZF6PDL?tag=topinalambricos-21&linkCode=osi&th=1&psc=1","Images":{"Primary":{"Small":{"Height":75,"URL":"https://m.media-amazon.com/images/I/51nhVepA96L._SL75_.jpg","Width":75}}},"ItemInfo":{"ByLineInfo":{"Brand":{"DisplayValue":"AK Giftshop","Label":"Brand","Locale":"es_ES"},"Manufacturer":{"DisplayValue":"AK Giftshop","Label":"Manufacturer","Locale":"es_ES"}},"Title":{"DisplayValue":"Pegatinas personalizables con temática de hojas de marihuana de cannabis, etiquetas personalizadas, decoraciones para fiestas, cumpleaños, celebraciones (48 pegatinas)","Label":"Title","Locale":"es_ES"}},"Offers":{"Summaries":[{"Condition":{"Value":"New"},"LowestPrice":{"Amount":5.82,"Currency":"EUR","DisplayAmount":"5,82 €"}}]}},{"ASIN":"B09T8PK6GY","DetailPageURL":"https://www.amazon.es/dp/B09T8PK6GY?tag=topinalambricos-21&linkCode=osi&th=1&psc=1","Images":{"Primary":{"Small":{"Height":75,"URL":"https://m.media-amazon.com/images/I/51tneD1zs9L._SL75_.jpg","Width":75}}},"ItemInfo":{"ByLineInfo":{"Brand":{"DisplayValue":"HNTR","Label":"Brand","Locale":"es_ES"},"Manufacturer":{"DisplayValue":"HNTR","Label":"Manufacturer","Locale":"es_ES"}},"Title":{"DisplayValue":"HNTR Pegatinas de cannabis Weed Get High – Paquete de pegatinas de vinilo Mega Diversión y creatividad para álbumes de recortes","Label":"Title","Locale":"es_ES"}},"Offers":{"Summaries":[{"Condition":{"Value":"New"},"LowestPrice":{"Amount":17.17,"Currency":"EUR","DisplayAmount":"17,17 € (0,34 € / unidad)","PricePerUnit":0.34}}]}},{"ASIN":"B08297GX94","DetailPageURL":"https://www.amazon.es/dp/B08297GX94?tag=topinalambricos-21&linkCode=osi&th=1&psc=1","Images":{"Primary":{"Small":{"Height":75,"URL":"https://m.media-amazon.com/images/I/51qX3QTO0iL._SL75_.jpg","Width":75}}},"ItemInfo":{"ByLineInfo":{"Brand":{"DisplayValue":"Destination Vinyl Ltd","Label":"Brand","Locale":"es_ES"},"Manufacturer":{"DisplayValue":"Destination Vinyl ltd","Label":"Manufacturer","Locale":"es_ES"}},"Title":{"DisplayValue":"Impresionantes pegatinas de vinilo (juego de 2) 7.5 cm – Calcomanías de marihuana con marihuana y marihuana para laptops, tabletas, equipaje, libros de recortes, regalo genial #1403114473, 23x17x1 cm","Label":"Title","Locale":"es_ES"}},"Offers":{"Summaries":[{"Condition":{"Value":"New"},"LowestPrice":{"Amount":13.75,"Currency":"EUR","DisplayAmount":"13,75 €"}}]}},{"ASIN":"B01AHJC9ZM","DetailPageURL":"https://www.amazon.es/dp/B01AHJC9ZM?tag=topinalambricos-21&linkCode=osi&th=1&psc=1","Images":{"Primary":{"Small":{"Height":75,"URL":"https://m.media-amazon.com/images/I/51W08-mMEfL._SL75_.jpg","Width":56}}},"ItemInfo":{"ByLineInfo":{"Brand":{"DisplayValue":"Charo","Label":"Brand","Locale":"es_ES"},"Manufacturer":{"DisplayValue":"Charo","Label":"Manufacturer","Locale":"es_ES"}},"Title":{"DisplayValue":"Pegatinas para plantas de cannabis, 20 unidades, 1 hoja, 135 mm x 100 mm, para manualidades, fiesta infantil, aspecto metálico","Label":"Title","Locale":"es_ES"}},"Offers":{"Summaries":[{"Condition":{"Value":"New"},"LowestPrice":{"Amount":2.99,"Currency":"EUR","DisplayAmount":"2,99 €"}}]}},{"ASIN":"B08K86S5L7","DetailPageURL":"https://www.amazon.es/dp/B08K86S5L7?tag=topinalambricos-21&linkCode=osi&th=1&psc=1","Images":{"Primary":{"Small":{"Height":52,"URL":"https://m.media-amazon.com/images/I/51aHVyxgnoL._SL75_.jpg","Width":75}}},"ItemInfo":{"ByLineInfo":{"Brand":{"DisplayValue":"Generisch","Label":"Brand","Locale":"es_ES"},"Manufacturer":{"DisplayValue":"Stickerfreaks","Label":"Manufacturer","Locale":"es_ES"}},"Title":{"DisplayValue":"Marihuana - Pegatinas para plantas (14 x 12 cm), diseño de flores","Label":"Title","Locale":"es_ES"}},"Offers":{"Summaries":[{"Condition":{"Value":"New"},"LowestPrice":{"Amount":4.75,"Currency":"EUR","DisplayAmount":"4,75 €"}}]}},{"ASIN":"B0BGC46S4R","DetailPageURL":"https://www.amazon.es/dp/B0BGC46S4R?tag=topinalambricos-21&linkCode=osi&th=1&psc=1","Images":{"Primary":{"Small":{"Height":75,"URL":"https://m.media-amazon.com/images/I/61gdoEUtbYL._SL75_.jpg","Width":75}}},"ItemInfo":{"ByLineInfo":{"Brand":{"DisplayValue":"QJFHURB","Label":"Brand","Locale":"es_ES"},"Manufacturer":{"DisplayValue":"QJFHURB","Label":"Manufacturer","Locale":"es_ES"}},"Title":{"DisplayValue":"Pegatinas De Marcas 251 piezas Pack Pegatinas Skate Pegatina Vinilo Chulas Famosas Stickers Decorativas Stikers Portatil Pegatina Vinilo para Ordenador Maletas Coche Moto Casco Bicicletas","Label":"Title","Locale":"es_ES"}},"Offers":{"Summaries":[{"Condition":{"Value":"New"},"LowestPrice":{"Amount":11.99,"Currency":"EUR","DisplayAmount":"11,99 € (6,00 € / unidad)","PricePerUnit":6.0}}]}},{"ASIN":"B09PBK5X2D","DetailPageURL":"https://www.amazon.es/dp/B09PBK5X2D?tag=topinalambricos-21&linkCode=osi&th=1&psc=1","Images":{"Primary":{"Small":{"Height":75,"URL":"https://m.media-amazon.com/images/I/61BcnLW1KXL._SL75_.jpg","Width":75}}},"ItemInfo":{"ByLineInfo":{"Brand":{"DisplayValue":"ACTTGGJ","Label":"Brand","Locale":"es_ES"},"Manufacturer":{"DisplayValue":"ACTTGGJ","Label":"Manufacturer","Locale":"es_ES"}},"Title":{"DisplayValue":"Pegatinas 100 Piezas Paquete de Pegatinas para Computadora Portátil Pegatinas de Vinilo Graffiti Sticker de Moda Pegatinas Geniales para Snowboard, Motocicleta,Guitarra Botella de Agua, Cuaderno","Label":"Title","Locale":"es_ES"}},"Offers":{"Summaries":[{"Condition":{"Value":"New"},"LowestPrice":{"Amount":9.99,"Currency":"EUR","DisplayAmount":"9,99 € (0,10 € / unidad)","PricePerUnit":0.1}}]}},{"ASIN":"B086J5TC35","DetailPageURL":"https://www.amazon.es/dp/B086J5TC35?tag=topinalambricos-21&linkCode=osi&th=1&psc=1","Images":{"Primary":{"Small":{"Height":75,"URL":"https://m.media-amazon.com/images/I/51M4O8NICOL._SL75_.jpg","Width":75}}},"ItemInfo":{"ByLineInfo":{"Brand":{"DisplayValue":"Destination Vinyl Ltd","Label":"Brand","Locale":"es_ES"},"Manufacturer":{"DisplayValue":"Destination Vinyl Ltd","Label":"Manufacturer","Locale":"es_ES"}},"Title":{"DisplayValue":"2 pegatinas de vinilo divertidas de 10 cm, diseño de marihuana de broma, cannabis y marihuana 10cm Wide","Label":"Title","Locale":"es_ES"}},"Offers":{"Summaries":[{"Condition":{"Value":"New"},"LowestPrice":{"Amount":13.02,"Currency":"EUR","DisplayAmount":"13,02 €"}}]}}],"SearchURL":"https://www.amazon.es/s?k=pegatinas+marihuana&rh=n%3A4358418031%2Cp_n_availability%3A-1&tag=topinalambricos-21&linkCode=osi","TotalResultCount":53}},"26":{"SearchResult":{"Items":[{"ASIN":"B0C6LPS2FS","DetailPageURL":"https://www.amazon.es/dp/B0C6LPS2FS?tag=topinalambricos-21&linkCode=osi&th=1&psc=1","Images":{"Primary":{"Small":{"Height":75,"URL":"https://m.media-amazon.com/images/I/61saj5jsPiL._SL75_.jpg","Width":75}}},"ItemInfo":{"ByLineInfo":{"Brand":{"DisplayValue":"NEULEBEN","Label":"Brand","Locale":"es_ES"}},"Title":{"DisplayValue":"Pegatinas divertidas de hierba, 150 pegatinas de dibujos animados de hojas de marihuana para adolescentes y adultos, pegatinas impermeables de vinilo de hojas mixtas, álbum de recortes y guitarra","Label":"Title","Locale":"es_ES"}},"Offers":{"Summaries":[{"Condition":{"Value":"New"},"LowestPrice":{"Amount":10.99,"Currency":"EUR","DisplayAmount":"10,99 €"}}]}},{"ASIN":"B0BMVH4J88","DetailPageURL":"https://www.amazon.es/dp/B0BMVH4J88?tag=topinalambricos-21&linkCode=osi&th=1&psc=1","Images":{"Primary":{"Small":{"Height":75,"URL":"https://m.media-amazon.com/images/I/61tGBZudfIL._SL75_.jpg","Width":75}}},"ItemInfo":{"ByLineInfo":{"Brand":{"DisplayValue":"AYODPE","Label":"Brand","Locale":"es_ES"},"Manufacturer":{"DisplayValue":"AYODPE","Label":"Manufacturer","Locale":"es_ES"}},"Title":{"DisplayValue":"AYODPE 100 pegatinas de malas hierbas, vinilo resistente al agua para bricolaje, portátil, equipaje, frigorífico, monopatín, coche, moto, bicicleta, pegatinas de marihuana, juego de pegatinas","Label":"Title","Locale":"es_ES"}},"Offers":{"Summaries":[{"Condition":{"Value":"New"},"LowestPrice":{"Amount":11.97,"Currency":"EUR","DisplayAmount":"11,97 € (0,12 € / unidad)","PricePerUnit":0.12}},{"Condition":{"Value":"Used"},"LowestPrice":{"Amount":8.52,"Currency":"EUR","DisplayAmount":"8,52 € (0,09 € / unidad)","PricePerUnit":0.09}}]}},{"ASIN":"B0C8ZF6PDL","DetailPageURL":"https://www.amazon.es/dp/B0C8ZF6PDL?tag=topinalambricos-21&linkCode=osi&th=1&psc=1","Images":{"Primary":{"Small":{"Height":75,"URL":"https://m.media-amazon.com/images/I/51nhVepA96L._SL75_.jpg","Width":75}}},"ItemInfo":{"ByLineInfo":{"Brand":{"DisplayValue":"AK Giftshop","Label":"Brand","Locale":"es_ES"},"Manufacturer":{"DisplayValue":"AK Giftshop","Label":"Manufacturer","Locale":"es_ES"}},"Title":{"DisplayValue":"Pegatinas personalizables con temática de hojas de marihuana de cannabis, etiquetas personalizadas, decoraciones para fiestas, cumpleaños, celebraciones (48 pegatinas)","Label":"Title","Locale":"es_ES"}},"Offers":{"Summaries":[{"Condition":{"Value":"New"},"LowestPrice":{"Amount":5.82,"Currency":"EUR","DisplayAmount":"5,82 €"}}]}},{"ASIN":"B09T8PK6GY","DetailPageURL":"https://www.amazon.es/dp/B09T8PK6GY?tag=topinalambricos-21&linkCode=osi&th=1&psc=1","Images":{"Primary":{"Small":{"Height":75,"URL":"https://m.media-amazon.com/images/I/51tneD1zs9L._SL75_.jpg","Width":75}}},"ItemInfo":{"ByLineInfo":{"Brand":{"DisplayValue":"HNTR","Label":"Brand","Locale":"es_ES"},"Manufacturer":{"DisplayValue":"HNTR","Label":"Manufacturer","Locale":"es_ES"}},"Title":{"DisplayValue":"HNTR Pegatinas de cannabis Weed Get High – Paquete de pegatinas de vinilo Mega Diversión y creatividad para álbumes de recortes","Label":"Title","Locale":"es_ES"}},"Offers":{"Summaries":[{"Condition":{"Value":"New"},"LowestPrice":{"Amount":17.17,"Currency":"EUR","DisplayAmount":"17,17 € (0,34 € / unidad)","PricePerUnit":0.34}}]}},{"ASIN":"B08297GX94","DetailPageURL":"https://www.amazon.es/dp/B08297GX94?tag=topinalambricos-21&linkCode=osi&th=1&psc=1","Images":{"Primary":{"Small":{"Height":75,"URL":"https://m.media-amazon.com/images/I/51qX3QTO0iL._SL75_.jpg","Width":75}}},"ItemInfo":{"ByLineInfo":{"Brand":{"DisplayValue":"Destination Vinyl Ltd","Label":"Brand","Locale":"es_ES"},"Manufacturer":{"DisplayValue":"Destination Vinyl ltd","Label":"Manufacturer","Locale":"es_ES"}},"Title":{"DisplayValue":"Impresionantes pegatinas de vinilo (juego de 2) 7.5 cm – Calcomanías de marihuana con marihuana y marihuana para laptops, tabletas, equipaje, libros de recortes, regalo genial #1403114473, 23x17x1 cm","Label":"Title","Locale":"es_ES"}},"Offers":{"Summaries":[{"Condition":{"Value":"New"},"LowestPrice":{"Amount":13.75,"Currency":"EUR","DisplayAmount":"13,75 €"}}]}},{"ASIN":"B01AHJC9ZM","DetailPageURL":"https://www.amazon.es/dp/B01AHJC9ZM?tag=topinalambricos-21&linkCode=osi&th=1&psc=1","Images":{"Primary":{"Small":{"Height":75,"URL":"https://m.media-amazon.com/images/I/51W08-mMEfL._SL75_.jpg","Width":56}}},"ItemInfo":{"ByLineInfo":{"Brand":{"DisplayValue":"Charo","Label":"Brand","Locale":"es_ES"},"Manufacturer":{"DisplayValue":"Charo","Label":"Manufacturer","Locale":"es_ES"}},"Title":{"DisplayValue":"Pegatinas para plantas de cannabis, 20 unidades, 1 hoja, 135 mm x 100 mm, para manualidades, fiesta infantil, aspecto metálico","Label":"Title","Locale":"es_ES"}},"Offers":{"Summaries":[{"Condition":{"Value":"New"},"LowestPrice":{"Amount":2.99,"Currency":"EUR","DisplayAmount":"2,99 €"}}]}},{"ASIN":"B08K86S5L7","DetailPageURL":"https://www.amazon.es/dp/B08K86S5L7?tag=topinalambricos-21&linkCode=osi&th=1&psc=1","Images":{"Primary":{"Small":{"Height":52,"URL":"https://m.media-amazon.com/images/I/51aHVyxgnoL._SL75_.jpg","Width":75}}},"ItemInfo":{"ByLineInfo":{"Brand":{"DisplayValue":"Generisch","Label":"Brand","Locale":"es_ES"},"Manufacturer":{"DisplayValue":"Stickerfreaks","Label":"Manufacturer","Locale":"es_ES"}},"Title":{"DisplayValue":"Marihuana - Pegatinas para plantas (14 x 12 cm), diseño de flores","Label":"Title","Locale":"es_ES"}},"Offers":{"Summaries":[{"Condition":{"Value":"New"},"LowestPrice":{"Amount":4.75,"Currency":"EUR","DisplayAmount":"4,75 €"}}]}},{"ASIN":"B0BGC46S4R","DetailPageURL":"https://www.amazon.es/dp/B0BGC46S4R?tag=topinalambricos-21&linkCode=osi&th=1&psc=1","Images":{"Primary":{"Small":{"Height":75,"URL":"https://m.media-amazon.com/images/I/61gdoEUtbYL._SL75_.jpg","Width":75}}},"ItemInfo":{"ByLineInfo":{"Brand":{"DisplayValue":"QJFHURB","Label":"Brand","Locale":"es_ES"},"Manufacturer":{"DisplayValue":"QJFHURB","Label":"Manufacturer","Locale":"es_ES"}},"Title":{"DisplayValue":"Pegatinas De Marcas 251 piezas Pack Pegatinas Skate Pegatina Vinilo Chulas Famosas Stickers Decorativas Stikers Portatil Pegatina Vinilo para Ordenador Maletas Coche Moto Casco Bicicletas","Label":"Title","Locale":"es_ES"}},"Offers":{"Summaries":[{"Condition":{"Value":"New"},"LowestPrice":{"Amount":11.99,"Currency":"EUR","DisplayAmount":"11,99 € (6,00 € / unidad)","PricePerUnit":6.0}}]}},{"ASIN":"B09PBK5X2D","DetailPageURL":"https://www.amazon.es/dp/B09PBK5X2D?tag=topinalambricos-21&linkCode=osi&th=1&psc=1","Images":{"Primary":{"Small":{"Height":75,"URL":"https://m.media-amazon.com/images/I/61BcnLW1KXL._SL75_.jpg","Width":75}}},"ItemInfo":{"ByLineInfo":{"Brand":{"DisplayValue":"ACTTGGJ","Label":"Brand","Locale":"es_ES"},"Manufacturer":{"DisplayValue":"ACTTGGJ","Label":"Manufacturer","Locale":"es_ES"}},"Title":{"DisplayValue":"Pegatinas 100 Piezas Paquete de Pegatinas para Computadora Portátil Pegatinas de Vinilo Graffiti Sticker de Moda Pegatinas Geniales para Snowboard, Motocicleta,Guitarra Botella de Agua, Cuaderno","Label":"Title","Locale":"es_ES"}},"Offers":{"Summaries":[{"Condition":{"Value":"New"},"LowestPrice":{"Amount":9.99,"Currency":"EUR","DisplayAmount":"9,99 € (0,10 € / unidad)","PricePerUnit":0.1}}]}},{"ASIN":"B086J5TC35","DetailPageURL":"https://www.amazon.es/dp/B086J5TC35?tag=topinalambricos-21&linkCode=osi&th=1&psc=1","Images":{"Primary":{"Small":{"Height":75,"URL":"https://m.media-amazon.com/images/I/51M4O8NICOL._SL75_.jpg","Width":75}}},"ItemInfo":{"ByLineInfo":{"Brand":{"DisplayValue":"Destination Vinyl Ltd","Label":"Brand","Locale":"es_ES"},"Manufacturer":{"DisplayValue":"Destination Vinyl Ltd","Label":"Manufacturer","Locale":"es_ES"}},"Title":{"DisplayValue":"2 pegatinas de vinilo divertidas de 10 cm, diseño de marihuana de broma, cannabis y marihuana 10cm Wide","Label":"Title","Locale":"es_ES"}},"Offers":{"Summaries":[{"Condition":{"Value":"New"},"LowestPrice":{"Amount":13.02,"Currency":"EUR","DisplayAmount":"13,02 €"}}]}}],"SearchURL":"https://www.amazon.es/s?k=pegatinas+marihuana&rh=n%3A4358418031%2Cp_n_availability%3A-1&tag=topinalambricos-21&linkCode=osi","TotalResultCount":53}},"28":{"SearchResult":{"Items":[{"ASIN":"B0C6LPS2FS","DetailPageURL":"https://www.amazon.es/dp/B0C6LPS2FS?tag=topinalambricos-21&linkCode=osi&th=1&psc=1","Images":{"Primary":{"Small":{"Height":75,"URL":"https://m.media-amazon.com/images/I/61saj5jsPiL._SL75_.jpg","Width":75}}},"ItemInfo":{"ByLineInfo":{"Brand":{"DisplayValue":"NEULEBEN","Label":"Brand","Locale":"es_ES"}},"Title":{"DisplayValue":"Pegatinas divertidas de hierba, 150 pegatinas de dibujos animados de hojas de marihuana para adolescentes y adultos, pegatinas impermeables de vinilo de hojas mixtas, álbum de recortes y guitarra","Label":"Title","Locale":"es_ES"}},"Offers":{"Summaries":[{"Condition":{"Value":"New"},"LowestPrice":{"Amount":10.99,"Currency":"EUR","DisplayAmount":"10,99 €"}}]}},{"ASIN":"B0BMVH4J88","DetailPageURL":"https://www.amazon.es/dp/B0BMVH4J88?tag=topinalambricos-21&linkCode=osi&th=1&psc=1","Images":{"Primary":{"Small":{"Height":75,"URL":"https://m.media-amazon.com/images/I/61tGBZudfIL._SL75_.jpg","Width":75}}},"ItemInfo":{"ByLineInfo":{"Brand":{"DisplayValue":"AYODPE","Label":"Brand","Locale":"es_ES"},"Manufacturer":{"DisplayValue":"AYODPE","Label":"Manufacturer","Locale":"es_ES"}},"Title":{"DisplayValue":"AYODPE 100 pegatinas de malas hierbas, vinilo resistente al agua para bricolaje, portátil, equipaje, frigorífico, monopatín, coche, moto, bicicleta, pegatinas de marihuana, juego de pegatinas","Label":"Title","Locale":"es_ES"}},"Offers":{"Summaries":[{"Condition":{"Value":"New"},"LowestPrice":{"Amount":11.97,"Currency":"EUR","DisplayAmount":"11,97 € (0,12 € / unidad)","PricePerUnit":0.12}},{"Condition":{"Value":"Used"},"LowestPrice":{"Amount":8.52,"Currency":"EUR","DisplayAmount":"8,52 € (0,09 € / unidad)","PricePerUnit":0.09}}]}},{"ASIN":"B0C8ZF6PDL","DetailPageURL":"https://www.amazon.es/dp/B0C8ZF6PDL?tag=topinalambricos-21&linkCode=osi&th=1&psc=1","Images":{"Primary":{"Small":{"Height":75,"URL":"https://m.media-amazon.com/images/I/51nhVepA96L._SL75_.jpg","Width":75}}},"ItemInfo":{"ByLineInfo":{"Brand":{"DisplayValue":"AK Giftshop","Label":"Brand","Locale":"es_ES"},"Manufacturer":{"DisplayValue":"AK Giftshop","Label":"Manufacturer","Locale":"es_ES"}},"Title":{"DisplayValue":"Pegatinas personalizables con temática de hojas de marihuana de cannabis, etiquetas personalizadas, decoraciones para fiestas, cumpleaños, celebraciones (48 pegatinas)","Label":"Title","Locale":"es_ES"}},"Offers":{"Summaries":[{"Condition":{"Value":"New"},"LowestPrice":{"Amount":5.82,"Currency":"EUR","DisplayAmount":"5,82 €"}}]}},{"ASIN":"B09T8PK6GY","DetailPageURL":"https://www.amazon.es/dp/B09T8PK6GY?tag=topinalambricos-21&linkCode=osi&th=1&psc=1","Images":{"Primary":{"Small":{"Height":75,"URL":"https://m.media-amazon.com/images/I/51tneD1zs9L._SL75_.jpg","Width":75}}},"ItemInfo":{"ByLineInfo":{"Brand":{"DisplayValue":"HNTR","Label":"Brand","Locale":"es_ES"},"Manufacturer":{"DisplayValue":"HNTR","Label":"Manufacturer","Locale":"es_ES"}},"Title":{"DisplayValue":"HNTR Pegatinas de cannabis Weed Get High – Paquete de pegatinas de vinilo Mega Diversión y creatividad para álbumes de recortes","Label":"Title","Locale":"es_ES"}},"Offers":{"Summaries":[{"Condition":{"Value":"New"},"LowestPrice":{"Amount":17.17,"Currency":"EUR","DisplayAmount":"17,17 € (0,34 € / unidad)","PricePerUnit":0.34}}]}},{"ASIN":"B08297GX94","DetailPageURL":"https://www.amazon.es/dp/B08297GX94?tag=topinalambricos-21&linkCode=osi&th=1&psc=1","Images":{"Primary":{"Small":{"Height":75,"URL":"https://m.media-amazon.com/images/I/51qX3QTO0iL._SL75_.jpg","Width":75}}},"ItemInfo":{"ByLineInfo":{"Brand":{"DisplayValue":"Destination Vinyl Ltd","Label":"Brand","Locale":"es_ES"},"Manufacturer":{"DisplayValue":"Destination Vinyl ltd","Label":"Manufacturer","Locale":"es_ES"}},"Title":{"DisplayValue":"Impresionantes pegatinas de vinilo (juego de 2) 7.5 cm – Calcomanías de marihuana con marihuana y marihuana para laptops, tabletas, equipaje, libros de recortes, regalo genial #1403114473, 23x17x1 cm","Label":"Title","Locale":"es_ES"}},"Offers":{"Summaries":[{"Condition":{"Value":"New"},"LowestPrice":{"Amount":13.75,"Currency":"EUR","DisplayAmount":"13,75 €"}}]}},{"ASIN":"B01AHJC9ZM","DetailPageURL":"https://www.amazon.es/dp/B01AHJC9ZM?tag=topinalambricos-21&linkCode=osi&th=1&psc=1","Images":{"Primary":{"Small":{"Height":75,"URL":"https://m.media-amazon.com/images/I/51W08-mMEfL._SL75_.jpg","Width":56}}},"ItemInfo":{"ByLineInfo":{"Brand":{"DisplayValue":"Charo","Label":"Brand","Locale":"es_ES"},"Manufacturer":{"DisplayValue":"Charo","Label":"Manufacturer","Locale":"es_ES"}},"Title":{"DisplayValue":"Pegatinas para plantas de cannabis, 20 unidades, 1 hoja, 135 mm x 100 mm, para manualidades, fiesta infantil, aspecto metálico","Label":"Title","Locale":"es_ES"}},"Offers":{"Summaries":[{"Condition":{"Value":"New"},"LowestPrice":{"Amount":2.99,"Currency":"EUR","DisplayAmount":"2,99 €"}}]}},{"ASIN":"B08K86S5L7","DetailPageURL":"https://www.amazon.es/dp/B08K86S5L7?tag=topinalambricos-21&linkCode=osi&th=1&psc=1","Images":{"Primary":{"Small":{"Height":52,"URL":"https://m.media-amazon.com/images/I/51aHVyxgnoL._SL75_.jpg","Width":75}}},"ItemInfo":{"ByLineInfo":{"Brand":{"DisplayValue":"Generisch","Label":"Brand","Locale":"es_ES"},"Manufacturer":{"DisplayValue":"Stickerfreaks","Label":"Manufacturer","Locale":"es_ES"}},"Title":{"DisplayValue":"Marihuana - Pegatinas para plantas (14 x 12 cm), diseño de flores","Label":"Title","Locale":"es_ES"}},"Offers":{"Summaries":[{"Condition":{"Value":"New"},"LowestPrice":{"Amount":4.75,"Currency":"EUR","DisplayAmount":"4,75 €"}}]}},{"ASIN":"B0BGC46S4R","DetailPageURL":"https://www.amazon.es/dp/B0BGC46S4R?tag=topinalambricos-21&linkCode=osi&th=1&psc=1","Images":{"Primary":{"Small":{"Height":75,"URL":"https://m.media-amazon.com/images/I/61gdoEUtbYL._SL75_.jpg","Width":75}}},"ItemInfo":{"ByLineInfo":{"Brand":{"DisplayValue":"QJFHURB","Label":"Brand","Locale":"es_ES"},"Manufacturer":{"DisplayValue":"QJFHURB","Label":"Manufacturer","Locale":"es_ES"}},"Title":{"DisplayValue":"Pegatinas De Marcas 251 piezas Pack Pegatinas Skate Pegatina Vinilo Chulas Famosas Stickers Decorativas Stikers Portatil Pegatina Vinilo para Ordenador Maletas Coche Moto Casco Bicicletas","Label":"Title","Locale":"es_ES"}},"Offers":{"Summaries":[{"Condition":{"Value":"New"},"LowestPrice":{"Amount":11.99,"Currency":"EUR","DisplayAmount":"11,99 € (6,00 € / unidad)","PricePerUnit":6.0}}]}},{"ASIN":"B09PBK5X2D","DetailPageURL":"https://www.amazon.es/dp/B09PBK5X2D?tag=topinalambricos-21&linkCode=osi&th=1&psc=1","Images":{"Primary":{"Small":{"Height":75,"URL":"https://m.media-amazon.com/images/I/61BcnLW1KXL._SL75_.jpg","Width":75}}},"ItemInfo":{"ByLineInfo":{"Brand":{"DisplayValue":"ACTTGGJ","Label":"Brand","Locale":"es_ES"},"Manufacturer":{"DisplayValue":"ACTTGGJ","Label":"Manufacturer","Locale":"es_ES"}},"Title":{"DisplayValue":"Pegatinas 100 Piezas Paquete de Pegatinas para Computadora Portátil Pegatinas de Vinilo Graffiti Sticker de Moda Pegatinas Geniales para Snowboard, Motocicleta,Guitarra Botella de Agua, Cuaderno","Label":"Title","Locale":"es_ES"}},"Offers":{"Summaries":[{"Condition":{"Value":"New"},"LowestPrice":{"Amount":9.99,"Currency":"EUR","DisplayAmount":"9,99 € (0,10 € / unidad)","PricePerUnit":0.1}}]}},{"ASIN":"B086J5TC35","DetailPageURL":"https://www.amazon.es/dp/B086J5TC35?tag=topinalambricos-21&linkCode=osi&th=1&psc=1","Images":{"Primary":{"Small":{"Height":75,"URL":"https://m.media-amazon.com/images/I/51M4O8NICOL._SL75_.jpg","Width":75}}},"ItemInfo":{"ByLineInfo":{"Brand":{"DisplayValue":"Destination Vinyl Ltd","Label":"Brand","Locale":"es_ES"},"Manufacturer":{"DisplayValue":"Destination Vinyl Ltd","Label":"Manufacturer","Locale":"es_ES"}},"Title":{"DisplayValue":"2 pegatinas de vinilo divertidas de 10 cm, diseño de marihuana de broma, cannabis y marihuana 10cm Wide","Label":"Title","Locale":"es_ES"}},"Offers":{"Summaries":[{"Condition":{"Value":"New"},"LowestPrice":{"Amount":13.02,"Currency":"EUR","DisplayAmount":"13,02 €"}}]}}],"SearchURL":"https://www.amazon.es/s?k=pegatinas+marihuana&rh=n%3A4358418031%2Cp_n_availability%3A-1&tag=topinalambricos-21&linkCode=osi","TotalResultCount":53}},"29":{"SearchResult":{"Items":[{"ASIN":"B0C6LPS2FS","DetailPageURL":"https://www.amazon.es/dp/B0C6LPS2FS?tag=topinalambricos-21&linkCode=osi&th=1&psc=1","Images":{"Primary":{"Small":{"Height":75,"URL":"https://m.media-amazon.com/images/I/61saj5jsPiL._SL75_.jpg","Width":75}}},"ItemInfo":{"ByLineInfo":{"Brand":{"DisplayValue":"NEULEBEN","Label":"Brand","Locale":"es_ES"}},"Title":{"DisplayValue":"Pegatinas divertidas de hierba, 150 pegatinas de dibujos animados de hojas de marihuana para adolescentes y adultos, pegatinas impermeables de vinilo de hojas mixtas, álbum de recortes y guitarra","Label":"Title","Locale":"es_ES"}},"Offers":{"Summaries":[{"Condition":{"Value":"New"},"LowestPrice":{"Amount":10.99,"Currency":"EUR","DisplayAmount":"10,99 €"}}]}},{"ASIN":"B0BMVH4J88","DetailPageURL":"https://www.amazon.es/dp/B0BMVH4J88?tag=topinalambricos-21&linkCode=osi&th=1&psc=1","Images":{"Primary":{"Small":{"Height":75,"URL":"https://m.media-amazon.com/images/I/61tGBZudfIL._SL75_.jpg","Width":75}}},"ItemInfo":{"ByLineInfo":{"Brand":{"DisplayValue":"AYODPE","Label":"Brand","Locale":"es_ES"},"Manufacturer":{"DisplayValue":"AYODPE","Label":"Manufacturer","Locale":"es_ES"}},"Title":{"DisplayValue":"AYODPE 100 pegatinas de malas hierbas, vinilo resistente al agua para bricolaje, portátil, equipaje, frigorífico, monopatín, coche, moto, bicicleta, pegatinas de marihuana, juego de pegatinas","Label":"Title","Locale":"es_ES"}},"Offers":{"Summaries":[{"Condition":{"Value":"New"},"LowestPrice":{"Amount":11.97,"Currency":"EUR","DisplayAmount":"11,97 € (0,12 € / unidad)","PricePerUnit":0.12}},{"Condition":{"Value":"Used"},"LowestPrice":{"Amount":8.52,"Currency":"EUR","DisplayAmount":"8,52 € (0,09 € / unidad)","PricePerUnit":0.09}}]}},{"ASIN":"B0C8ZF6PDL","DetailPageURL":"https://www.amazon.es/dp/B0C8ZF6PDL?tag=topinalambricos-21&linkCode=osi&th=1&psc=1","Images":{"Primary":{"Small":{"Height":75,"URL":"https://m.media-amazon.com/images/I/51nhVepA96L._SL75_.jpg","Width":75}}},"ItemInfo":{"ByLineInfo":{"Brand":{"DisplayValue":"AK Giftshop","Label":"Brand","Locale":"es_ES"},"Manufacturer":{"DisplayValue":"AK Giftshop","Label":"Manufacturer","Locale":"es_ES"}},"Title":{"DisplayValue":"Pegatinas personalizables con temática de hojas de marihuana de cannabis, etiquetas personalizadas, decoraciones para fiestas, cumpleaños, celebraciones (48 pegatinas)","Label":"Title","Locale":"es_ES"}},"Offers":{"Summaries":[{"Condition":{"Value":"New"},"LowestPrice":{"Amount":5.82,"Currency":"EUR","DisplayAmount":"5,82 €"}}]}},{"ASIN":"B09T8PK6GY","DetailPageURL":"https://www.amazon.es/dp/B09T8PK6GY?tag=topinalambricos-21&linkCode=osi&th=1&psc=1","Images":{"Primary":{"Small":{"Height":75,"URL":"https://m.media-amazon.com/images/I/51tneD1zs9L._SL75_.jpg","Width":75}}},"ItemInfo":{"ByLineInfo":{"Brand":{"DisplayValue":"HNTR","Label":"Brand","Locale":"es_ES"},"Manufacturer":{"DisplayValue":"HNTR","Label":"Manufacturer","Locale":"es_ES"}},"Title":{"DisplayValue":"HNTR Pegatinas de cannabis Weed Get High – Paquete de pegatinas de vinilo Mega Diversión y creatividad para álbumes de recortes","Label":"Title","Locale":"es_ES"}},"Offers":{"Summaries":[{"Condition":{"Value":"New"},"LowestPrice":{"Amount":17.17,"Currency":"EUR","DisplayAmount":"17,17 € (0,34 € / unidad)","PricePerUnit":0.34}}]}},{"ASIN":"B08297GX94","DetailPageURL":"https://www.amazon.es/dp/B08297GX94?tag=topinalambricos-21&linkCode=osi&th=1&psc=1","Images":{"Primary":{"Small":{"Height":75,"URL":"https://m.media-amazon.com/images/I/51qX3QTO0iL._SL75_.jpg","Width":75}}},"ItemInfo":{"ByLineInfo":{"Brand":{"DisplayValue":"Destination Vinyl Ltd","Label":"Brand","Locale":"es_ES"},"Manufacturer":{"DisplayValue":"Destination Vinyl ltd","Label":"Manufacturer","Locale":"es_ES"}},"Title":{"DisplayValue":"Impresionantes pegatinas de vinilo (juego de 2) 7.5 cm – Calcomanías de marihuana con marihuana y marihuana para laptops, tabletas, equipaje, libros de recortes, regalo genial #1403114473, 23x17x1 cm","Label":"Title","Locale":"es_ES"}},"Offers":{"Summaries":[{"Condition":{"Value":"New"},"LowestPrice":{"Amount":13.75,"Currency":"EUR","DisplayAmount":"13,75 €"}}]}},{"ASIN":"B01AHJC9ZM","DetailPageURL":"https://www.amazon.es/dp/B01AHJC9ZM?tag=topinalambricos-21&linkCode=osi&th=1&psc=1","Images":{"Primary":{"Small":{"Height":75,"URL":"https://m.media-amazon.com/images/I/51W08-mMEfL._SL75_.jpg","Width":56}}},"ItemInfo":{"ByLineInfo":{"Brand":{"DisplayValue":"Charo","Label":"Brand","Locale":"es_ES"},"Manufacturer":{"DisplayValue":"Charo","Label":"Manufacturer","Locale":"es_ES"}},"Title":{"DisplayValue":"Pegatinas para plantas de cannabis, 20 unidades, 1 hoja, 135 mm x 100 mm, para manualidades, fiesta infantil, aspecto metálico","Label":"Title","Locale":"es_ES"}},"Offers":{"Summaries":[{"Condition":{"Value":"New"},"LowestPrice":{"Amount":2.99,"Currency":"EUR","DisplayAmount":"2,99 €"}}]}},{"ASIN":"B08K86S5L7","DetailPageURL":"https://www.amazon.es/dp/B08K86S5L7?tag=topinalambricos-21&linkCode=osi&th=1&psc=1","Images":{"Primary":{"Small":{"Height":52,"URL":"https://m.media-amazon.com/images/I/51aHVyxgnoL._SL75_.jpg","Width":75}}},"ItemInfo":{"ByLineInfo":{"Brand":{"DisplayValue":"Generisch","Label":"Brand","Locale":"es_ES"},"Manufacturer":{"DisplayValue":"Stickerfreaks","Label":"Manufacturer","Locale":"es_ES"}},"Title":{"DisplayValue":"Marihuana - Pegatinas para plantas (14 x 12 cm), diseño de flores","Label":"Title","Locale":"es_ES"}},"Offers":{"Summaries":[{"Condition":{"Value":"New"},"LowestPrice":{"Amount":4.75,"Currency":"EUR","DisplayAmount":"4,75 €"}}]}},{"ASIN":"B0BGC46S4R","DetailPageURL":"https://www.amazon.es/dp/B0BGC46S4R?tag=topinalambricos-21&linkCode=osi&th=1&psc=1","Images":{"Primary":{"Small":{"Height":75,"URL":"https://m.media-amazon.com/images/I/61gdoEUtbYL._SL75_.jpg","Width":75}}},"ItemInfo":{"ByLineInfo":{"Brand":{"DisplayValue":"QJFHURB","Label":"Brand","Locale":"es_ES"},"Manufacturer":{"DisplayValue":"QJFHURB","Label":"Manufacturer","Locale":"es_ES"}},"Title":{"DisplayValue":"Pegatinas De Marcas 251 piezas Pack Pegatinas Skate Pegatina Vinilo Chulas Famosas Stickers Decorativas Stikers Portatil Pegatina Vinilo para Ordenador Maletas Coche Moto Casco Bicicletas","Label":"Title","Locale":"es_ES"}},"Offers":{"Summaries":[{"Condition":{"Value":"New"},"LowestPrice":{"Amount":11.99,"Currency":"EUR","DisplayAmount":"11,99 € (6,00 € / unidad)","PricePerUnit":6.0}}]}},{"ASIN":"B09PBK5X2D","DetailPageURL":"https://www.amazon.es/dp/B09PBK5X2D?tag=topinalambricos-21&linkCode=osi&th=1&psc=1","Images":{"Primary":{"Small":{"Height":75,"URL":"https://m.media-amazon.com/images/I/61BcnLW1KXL._SL75_.jpg","Width":75}}},"ItemInfo":{"ByLineInfo":{"Brand":{"DisplayValue":"ACTTGGJ","Label":"Brand","Locale":"es_ES"},"Manufacturer":{"DisplayValue":"ACTTGGJ","Label":"Manufacturer","Locale":"es_ES"}},"Title":{"DisplayValue":"Pegatinas 100 Piezas Paquete de Pegatinas para Computadora Portátil Pegatinas de Vinilo Graffiti Sticker de Moda Pegatinas Geniales para Snowboard, Motocicleta,Guitarra Botella de Agua, Cuaderno","Label":"Title","Locale":"es_ES"}},"Offers":{"Summaries":[{"Condition":{"Value":"New"},"LowestPrice":{"Amount":9.99,"Currency":"EUR","DisplayAmount":"9,99 € (0,10 € / unidad)","PricePerUnit":0.1}}]}},{"ASIN":"B086J5TC35","DetailPageURL":"https://www.amazon.es/dp/B086J5TC35?tag=topinalambricos-21&linkCode=osi&th=1&psc=1","Images":{"Primary":{"Small":{"Height":75,"URL":"https://m.media-amazon.com/images/I/51M4O8NICOL._SL75_.jpg","Width":75}}},"ItemInfo":{"ByLineInfo":{"Brand":{"DisplayValue":"Destination Vinyl Ltd","Label":"Brand","Locale":"es_ES"},"Manufacturer":{"DisplayValue":"Destination Vinyl Ltd","Label":"Manufacturer","Locale":"es_ES"}},"Title":{"DisplayValue":"2 pegatinas de vinilo divertidas de 10 cm, diseño de marihuana de broma, cannabis y marihuana 10cm Wide","Label":"Title","Locale":"es_ES"}},"Offers":{"Summaries":[{"Condition":{"Value":"New"},"LowestPrice":{"Amount":13.02,"Currency":"EUR","DisplayAmount":"13,02 €"}}]}}],"SearchURL":"https://www.amazon.es/s?k=pegatinas+marihuana&rh=n%3A4358418031%2Cp_n_availability%3A-1&tag=topinalambricos-21&linkCode=osi","TotalResultCount":53}},"30":{"SearchResult":{"Items":[{"ASIN":"B0C6LPS2FS","DetailPageURL":"https://www.amazon.es/dp/B0C6LPS2FS?tag=topinalambricos-21&linkCode=osi&th=1&psc=1","Images":{"Primary":{"Small":{"Height":75,"URL":"https://m.media-amazon.com/images/I/61saj5jsPiL._SL75_.jpg","Width":75}}},"ItemInfo":{"ByLineInfo":{"Brand":{"DisplayValue":"NEULEBEN","Label":"Brand","Locale":"es_ES"}},"Title":{"DisplayValue":"Pegatinas divertidas de hierba, 150 pegatinas de dibujos animados de hojas de marihuana para adolescentes y adultos, pegatinas impermeables de vinilo de hojas mixtas, álbum de recortes y guitarra","Label":"Title","Locale":"es_ES"}},"Offers":{"Summaries":[{"Condition":{"Value":"New"},"LowestPrice":{"Amount":10.99,"Currency":"EUR","DisplayAmount":"10,99 €"}}]}},{"ASIN":"B0BMVH4J88","DetailPageURL":"https://www.amazon.es/dp/B0BMVH4J88?tag=topinalambricos-21&linkCode=osi&th=1&psc=1","Images":{"Primary":{"Small":{"Height":75,"URL":"https://m.media-amazon.com/images/I/61tGBZudfIL._SL75_.jpg","Width":75}}},"ItemInfo":{"ByLineInfo":{"Brand":{"DisplayValue":"AYODPE","Label":"Brand","Locale":"es_ES"},"Manufacturer":{"DisplayValue":"AYODPE","Label":"Manufacturer","Locale":"es_ES"}},"Title":{"DisplayValue":"AYODPE 100 pegatinas de malas hierbas, vinilo resistente al agua para bricolaje, portátil, equipaje, frigorífico, monopatín, coche, moto, bicicleta, pegatinas de marihuana, juego de pegatinas","Label":"Title","Locale":"es_ES"}},"Offers":{"Summaries":[{"Condition":{"Value":"New"},"LowestPrice":{"Amount":11.97,"Currency":"EUR","DisplayAmount":"11,97 € (0,12 € / unidad)","PricePerUnit":0.12}},{"Condition":{"Value":"Used"},"LowestPrice":{"Amount":8.52,"Currency":"EUR","DisplayAmount":"8,52 € (0,09 € / unidad)","PricePerUnit":0.09}}]}},{"ASIN":"B0C8ZF6PDL","DetailPageURL":"https://www.amazon.es/dp/B0C8ZF6PDL?tag=topinalambricos-21&linkCode=osi&th=1&psc=1","Images":{"Primary":{"Small":{"Height":75,"URL":"https://m.media-amazon.com/images/I/51nhVepA96L._SL75_.jpg","Width":75}}},"ItemInfo":{"ByLineInfo":{"Brand":{"DisplayValue":"AK Giftshop","Label":"Brand","Locale":"es_ES"},"Manufacturer":{"DisplayValue":"AK Giftshop","Label":"Manufacturer","Locale":"es_ES"}},"Title":{"DisplayValue":"Pegatinas personalizables con temática de hojas de marihuana de cannabis, etiquetas personalizadas, decoraciones para fiestas, cumpleaños, celebraciones (48 pegatinas)","Label":"Title","Locale":"es_ES"}},"Offers":{"Summaries":[{"Condition":{"Value":"New"},"LowestPrice":{"Amount":5.82,"Currency":"EUR","DisplayAmount":"5,82 €"}}]}},{"ASIN":"B09T8PK6GY","DetailPageURL":"https://www.amazon.es/dp/B09T8PK6GY?tag=topinalambricos-21&linkCode=osi&th=1&psc=1","Images":{"Primary":{"Small":{"Height":75,"URL":"https://m.media-amazon.com/images/I/51tneD1zs9L._SL75_.jpg","Width":75}}},"ItemInfo":{"ByLineInfo":{"Brand":{"DisplayValue":"HNTR","Label":"Brand","Locale":"es_ES"},"Manufacturer":{"DisplayValue":"HNTR","Label":"Manufacturer","Locale":"es_ES"}},"Title":{"DisplayValue":"HNTR Pegatinas de cannabis Weed Get High – Paquete de pegatinas de vinilo Mega Diversión y creatividad para álbumes de recortes","Label":"Title","Locale":"es_ES"}},"Offers":{"Summaries":[{"Condition":{"Value":"New"},"LowestPrice":{"Amount":17.17,"Currency":"EUR","DisplayAmount":"17,17 € (0,34 € / unidad)","PricePerUnit":0.34}}]}},{"ASIN":"B08297GX94","DetailPageURL":"https://www.amazon.es/dp/B08297GX94?tag=topinalambricos-21&linkCode=osi&th=1&psc=1","Images":{"Primary":{"Small":{"Height":75,"URL":"https://m.media-amazon.com/images/I/51qX3QTO0iL._SL75_.jpg","Width":75}}},"ItemInfo":{"ByLineInfo":{"Brand":{"DisplayValue":"Destination Vinyl Ltd","Label":"Brand","Locale":"es_ES"},"Manufacturer":{"DisplayValue":"Destination Vinyl ltd","Label":"Manufacturer","Locale":"es_ES"}},"Title":{"DisplayValue":"Impresionantes pegatinas de vinilo (juego de 2) 7.5 cm – Calcomanías de marihuana con marihuana y marihuana para laptops, tabletas, equipaje, libros de recortes, regalo genial #1403114473, 23x17x1 cm","Label":"Title","Locale":"es_ES"}},"Offers":{"Summaries":[{"Condition":{"Value":"New"},"LowestPrice":{"Amount":13.75,"Currency":"EUR","DisplayAmount":"13,75 €"}}]}},{"ASIN":"B01AHJC9ZM","DetailPageURL":"https://www.amazon.es/dp/B01AHJC9ZM?tag=topinalambricos-21&linkCode=osi&th=1&psc=1","Images":{"Primary":{"Small":{"Height":75,"URL":"https://m.media-amazon.com/images/I/51W08-mMEfL._SL75_.jpg","Width":56}}},"ItemInfo":{"ByLineInfo":{"Brand":{"DisplayValue":"Charo","Label":"Brand","Locale":"es_ES"},"Manufacturer":{"DisplayValue":"Charo","Label":"Manufacturer","Locale":"es_ES"}},"Title":{"DisplayValue":"Pegatinas para plantas de cannabis, 20 unidades, 1 hoja, 135 mm x 100 mm, para manualidades, fiesta infantil, aspecto metálico","Label":"Title","Locale":"es_ES"}},"Offers":{"Summaries":[{"Condition":{"Value":"New"},"LowestPrice":{"Amount":2.99,"Currency":"EUR","DisplayAmount":"2,99 €"}}]}},{"ASIN":"B08K86S5L7","DetailPageURL":"https://www.amazon.es/dp/B08K86S5L7?tag=topinalambricos-21&linkCode=osi&th=1&psc=1","Images":{"Primary":{"Small":{"Height":52,"URL":"https://m.media-amazon.com/images/I/51aHVyxgnoL._SL75_.jpg","Width":75}}},"ItemInfo":{"ByLineInfo":{"Brand":{"DisplayValue":"Generisch","Label":"Brand","Locale":"es_ES"},"Manufacturer":{"DisplayValue":"Stickerfreaks","Label":"Manufacturer","Locale":"es_ES"}},"Title":{"DisplayValue":"Marihuana - Pegatinas para plantas (14 x 12 cm), diseño de flores","Label":"Title","Locale":"es_ES"}},"Offers":{"Summaries":[{"Condition":{"Value":"New"},"LowestPrice":{"Amount":4.75,"Currency":"EUR","DisplayAmount":"4,75 €"}}]}},{"ASIN":"B0BGC46S4R","DetailPageURL":"https://www.amazon.es/dp/B0BGC46S4R?tag=topinalambricos-21&linkCode=osi&th=1&psc=1","Images":{"Primary":{"Small":{"Height":75,"URL":"https://m.media-amazon.com/images/I/61gdoEUtbYL._SL75_.jpg","Width":75}}},"ItemInfo":{"ByLineInfo":{"Brand":{"DisplayValue":"QJFHURB","Label":"Brand","Locale":"es_ES"},"Manufacturer":{"DisplayValue":"QJFHURB","Label":"Manufacturer","Locale":"es_ES"}},"Title":{"DisplayValue":"Pegatinas De Marcas 251 piezas Pack Pegatinas Skate Pegatina Vinilo Chulas Famosas Stickers Decorativas Stikers Portatil Pegatina Vinilo para Ordenador Maletas Coche Moto Casco Bicicletas","Label":"Title","Locale":"es_ES"}},"Offers":{"Summaries":[{"Condition":{"Value":"New"},"LowestPrice":{"Amount":11.99,"Currency":"EUR","DisplayAmount":"11,99 € (6,00 € / unidad)","PricePerUnit":6.0}}]}},{"ASIN":"B09PBK5X2D","DetailPageURL":"https://www.amazon.es/dp/B09PBK5X2D?tag=topinalambricos-21&linkCode=osi&th=1&psc=1","Images":{"Primary":{"Small":{"Height":75,"URL":"https://m.media-amazon.com/images/I/61BcnLW1KXL._SL75_.jpg","Width":75}}},"ItemInfo":{"ByLineInfo":{"Brand":{"DisplayValue":"ACTTGGJ","Label":"Brand","Locale":"es_ES"},"Manufacturer":{"DisplayValue":"ACTTGGJ","Label":"Manufacturer","Locale":"es_ES"}},"Title":{"DisplayValue":"Pegatinas 100 Piezas Paquete de Pegatinas para Computadora Portátil Pegatinas de Vinilo Graffiti Sticker de Moda Pegatinas Geniales para Snowboard, Motocicleta,Guitarra Botella de Agua, Cuaderno","Label":"Title","Locale":"es_ES"}},"Offers":{"Summaries":[{"Condition":{"Value":"New"},"LowestPrice":{"Amount":9.99,"Currency":"EUR","DisplayAmount":"9,99 € (0,10 € / unidad)","PricePerUnit":0.1}}]}},{"ASIN":"B086J5TC35","DetailPageURL":"https://www.amazon.es/dp/B086J5TC35?tag=topinalambricos-21&linkCode=osi&th=1&psc=1","Images":{"Primary":{"Small":{"Height":75,"URL":"https://m.media-amazon.com/images/I/51M4O8NICOL._SL75_.jpg","Width":75}}},"ItemInfo":{"ByLineInfo":{"Brand":{"DisplayValue":"Destination Vinyl Ltd","Label":"Brand","Locale":"es_ES"},"Manufacturer":{"DisplayValue":"Destination Vinyl Ltd","Label":"Manufacturer","Locale":"es_ES"}},"Title":{"DisplayValue":"2 pegatinas de vinilo divertidas de 10 cm, diseño de marihuana de broma, cannabis y marihuana 10cm Wide","Label":"Title","Locale":"es_ES"}},"Offers":{"Summaries":[{"Condition":{"Value":"New"},"LowestPrice":{"Amount":13.02,"Currency":"EUR","DisplayAmount":"13,02 €"}}]}}],"SearchURL":"https://www.amazon.es/s?k=pegatinas+marihuana&rh=n%3A4358418031%2Cp_n_availability%3A-1&tag=topinalambricos-21&linkCode=osi","TotalResultCount":53}},"31":{"SearchResult":{"Items":[{"ASIN":"B0C6LPS2FS","DetailPageURL":"https://www.amazon.es/dp/B0C6LPS2FS?tag=topinalambricos-21&linkCode=osi&th=1&psc=1","Images":{"Primary":{"Small":{"Height":75,"URL":"https://m.media-amazon.com/images/I/61saj5jsPiL._SL75_.jpg","Width":75}}},"ItemInfo":{"ByLineInfo":{"Brand":{"DisplayValue":"NEULEBEN","Label":"Brand","Locale":"es_ES"}},"Title":{"DisplayValue":"Pegatinas divertidas de hierba, 150 pegatinas de dibujos animados de hojas de marihuana para adolescentes y adultos, pegatinas impermeables de vinilo de hojas mixtas, álbum de recortes y guitarra","Label":"Title","Locale":"es_ES"}},"Offers":{"Summaries":[{"Condition":{"Value":"New"},"LowestPrice":{"Amount":10.99,"Currency":"EUR","DisplayAmount":"10,99 €"}}]}},{"ASIN":"B0BMVH4J88","DetailPageURL":"https://www.amazon.es/dp/B0BMVH4J88?tag=topinalambricos-21&linkCode=osi&th=1&psc=1","Images":{"Primary":{"Small":{"Height":75,"URL":"https://m.media-amazon.com/images/I/61tGBZudfIL._SL75_.jpg","Width":75}}},"ItemInfo":{"ByLineInfo":{"Brand":{"DisplayValue":"AYODPE","Label":"Brand","Locale":"es_ES"},"Manufacturer":{"DisplayValue":"AYODPE","Label":"Manufacturer","Locale":"es_ES"}},"Title":{"DisplayValue":"AYODPE 100 pegatinas de malas hierbas, vinilo resistente al agua para bricolaje, portátil, equipaje, frigorífico, monopatín, coche, moto, bicicleta, pegatinas de marihuana, juego de pegatinas","Label":"Title","Locale":"es_ES"}},"Offers":{"Summaries":[{"Condition":{"Value":"New"},"LowestPrice":{"Amount":11.97,"Currency":"EUR","DisplayAmount":"11,97 € (0,12 € / unidad)","PricePerUnit":0.12}},{"Condition":{"Value":"Used"},"LowestPrice":{"Amount":8.52,"Currency":"EUR","DisplayAmount":"8,52 € (0,09 € / unidad)","PricePerUnit":0.09}}]}},{"ASIN":"B0C8ZF6PDL","DetailPageURL":"https://www.amazon.es/dp/B0C8ZF6PDL?tag=topinalambricos-21&linkCode=osi&th=1&psc=1","Images":{"Primary":{"Small":{"Height":75,"URL":"https://m.media-amazon.com/images/I/51nhVepA96L._SL75_.jpg","Width":75}}},"ItemInfo":{"ByLineInfo":{"Brand":{"DisplayValue":"AK Giftshop","Label":"Brand","Locale":"es_ES"},"Manufacturer":{"DisplayValue":"AK Giftshop","Label":"Manufacturer","Locale":"es_ES"}},"Title":{"DisplayValue":"Pegatinas personalizables con temática de hojas de marihuana de cannabis, etiquetas personalizadas, decoraciones para fiestas, cumpleaños, celebraciones (48 pegatinas)","Label":"Title","Locale":"es_ES"}},"Offers":{"Summaries":[{"Condition":{"Value":"New"},"LowestPrice":{"Amount":5.82,"Currency":"EUR","DisplayAmount":"5,82 €"}}]}},{"ASIN":"B09T8PK6GY","DetailPageURL":"https://www.amazon.es/dp/B09T8PK6GY?tag=topinalambricos-21&linkCode=osi&th=1&psc=1","Images":{"Primary":{"Small":{"Height":75,"URL":"https://m.media-amazon.com/images/I/51tneD1zs9L._SL75_.jpg","Width":75}}},"ItemInfo":{"ByLineInfo":{"Brand":{"DisplayValue":"HNTR","Label":"Brand","Locale":"es_ES"},"Manufacturer":{"DisplayValue":"HNTR","Label":"Manufacturer","Locale":"es_ES"}},"Title":{"DisplayValue":"HNTR Pegatinas de cannabis Weed Get High – Paquete de pegatinas de vinilo Mega Diversión y creatividad para álbumes de recortes","Label":"Title","Locale":"es_ES"}},"Offers":{"Summaries":[{"Condition":{"Value":"New"},"LowestPrice":{"Amount":17.17,"Currency":"EUR","DisplayAmount":"17,17 € (0,34 € / unidad)","PricePerUnit":0.34}}]}},{"ASIN":"B08297GX94","DetailPageURL":"https://www.amazon.es/dp/B08297GX94?tag=topinalambricos-21&linkCode=osi&th=1&psc=1","Images":{"Primary":{"Small":{"Height":75,"URL":"https://m.media-amazon.com/images/I/51qX3QTO0iL._SL75_.jpg","Width":75}}},"ItemInfo":{"ByLineInfo":{"Brand":{"DisplayValue":"Destination Vinyl Ltd","Label":"Brand","Locale":"es_ES"},"Manufacturer":{"DisplayValue":"Destination Vinyl ltd","Label":"Manufacturer","Locale":"es_ES"}},"Title":{"DisplayValue":"Impresionantes pegatinas de vinilo (juego de 2) 7.5 cm – Calcomanías de marihuana con marihuana y marihuana para laptops, tabletas, equipaje, libros de recortes, regalo genial #1403114473, 23x17x1 cm","Label":"Title","Locale":"es_ES"}},"Offers":{"Summaries":[{"Condition":{"Value":"New"},"LowestPrice":{"Amount":13.75,"Currency":"EUR","DisplayAmount":"13,75 €"}}]}},{"ASIN":"B01AHJC9ZM","DetailPageURL":"https://www.amazon.es/dp/B01AHJC9ZM?tag=topinalambricos-21&linkCode=osi&th=1&psc=1","Images":{"Primary":{"Small":{"Height":75,"URL":"https://m.media-amazon.com/images/I/51W08-mMEfL._SL75_.jpg","Width":56}}},"ItemInfo":{"ByLineInfo":{"Brand":{"DisplayValue":"Charo","Label":"Brand","Locale":"es_ES"},"Manufacturer":{"DisplayValue":"Charo","Label":"Manufacturer","Locale":"es_ES"}},"Title":{"DisplayValue":"Pegatinas para plantas de cannabis, 20 unidades, 1 hoja, 135 mm x 100 mm, para manualidades, fiesta infantil, aspecto metálico","Label":"Title","Locale":"es_ES"}},"Offers":{"Summaries":[{"Condition":{"Value":"New"},"LowestPrice":{"Amount":2.99,"Currency":"EUR","DisplayAmount":"2,99 €"}}]}},{"ASIN":"B08K86S5L7","DetailPageURL":"https://www.amazon.es/dp/B08K86S5L7?tag=topinalambricos-21&linkCode=osi&th=1&psc=1","Images":{"Primary":{"Small":{"Height":52,"URL":"https://m.media-amazon.com/images/I/51aHVyxgnoL._SL75_.jpg","Width":75}}},"ItemInfo":{"ByLineInfo":{"Brand":{"DisplayValue":"Generisch","Label":"Brand","Locale":"es_ES"},"Manufacturer":{"DisplayValue":"Stickerfreaks","Label":"Manufacturer","Locale":"es_ES"}},"Title":{"DisplayValue":"Marihuana - Pegatinas para plantas (14 x 12 cm), diseño de flores","Label":"Title","Locale":"es_ES"}},"Offers":{"Summaries":[{"Condition":{"Value":"New"},"LowestPrice":{"Amount":4.75,"Currency":"EUR","DisplayAmount":"4,75 €"}}]}},{"ASIN":"B0BGC46S4R","DetailPageURL":"https://www.amazon.es/dp/B0BGC46S4R?tag=topinalambricos-21&linkCode=osi&th=1&psc=1","Images":{"Primary":{"Small":{"Height":75,"URL":"https://m.media-amazon.com/images/I/61gdoEUtbYL._SL75_.jpg","Width":75}}},"ItemInfo":{"ByLineInfo":{"Brand":{"DisplayValue":"QJFHURB","Label":"Brand","Locale":"es_ES"},"Manufacturer":{"DisplayValue":"QJFHURB","Label":"Manufacturer","Locale":"es_ES"}},"Title":{"DisplayValue":"Pegatinas De Marcas 251 piezas Pack Pegatinas Skate Pegatina Vinilo Chulas Famosas Stickers Decorativas Stikers Portatil Pegatina Vinilo para Ordenador Maletas Coche Moto Casco Bicicletas","Label":"Title","Locale":"es_ES"}},"Offers":{"Summaries":[{"Condition":{"Value":"New"},"LowestPrice":{"Amount":11.99,"Currency":"EUR","DisplayAmount":"11,99 € (6,00 € / unidad)","PricePerUnit":6.0}}]}},{"ASIN":"B09PBK5X2D","DetailPageURL":"https://www.amazon.es/dp/B09PBK5X2D?tag=topinalambricos-21&linkCode=osi&th=1&psc=1","Images":{"Primary":{"Small":{"Height":75,"URL":"https://m.media-amazon.com/images/I/61BcnLW1KXL._SL75_.jpg","Width":75}}},"ItemInfo":{"ByLineInfo":{"Brand":{"DisplayValue":"ACTTGGJ","Label":"Brand","Locale":"es_ES"},"Manufacturer":{"DisplayValue":"ACTTGGJ","Label":"Manufacturer","Locale":"es_ES"}},"Title":{"DisplayValue":"Pegatinas 100 Piezas Paquete de Pegatinas para Computadora Portátil Pegatinas de Vinilo Graffiti Sticker de Moda Pegatinas Geniales para Snowboard, Motocicleta,Guitarra Botella de Agua, Cuaderno","Label":"Title","Locale":"es_ES"}},"Offers":{"Summaries":[{"Condition":{"Value":"New"},"LowestPrice":{"Amount":9.99,"Currency":"EUR","DisplayAmount":"9,99 € (0,10 € / unidad)","PricePerUnit":0.1}}]}},{"ASIN":"B086J5TC35","DetailPageURL":"https://www.amazon.es/dp/B086J5TC35?tag=topinalambricos-21&linkCode=osi&th=1&psc=1","Images":{"Primary":{"Small":{"Height":75,"URL":"https://m.media-amazon.com/images/I/51M4O8NICOL._SL75_.jpg","Width":75}}},"ItemInfo":{"ByLineInfo":{"Brand":{"DisplayValue":"Destination Vinyl Ltd","Label":"Brand","Locale":"es_ES"},"Manufacturer":{"DisplayValue":"Destination Vinyl Ltd","Label":"Manufacturer","Locale":"es_ES"}},"Title":{"DisplayValue":"2 pegatinas de vinilo divertidas de 10 cm, diseño de marihuana de broma, cannabis y marihuana 10cm Wide","Label":"Title","Locale":"es_ES"}},"Offers":{"Summaries":[{"Condition":{"Value":"New"},"LowestPrice":{"Amount":13.02,"Currency":"EUR","DisplayAmount":"13,02 €"}}]}}],"SearchURL":"https://www.amazon.es/s?k=pegatinas+marihuana&rh=n%3A4358418031%2Cp_n_availability%3A-1&tag=topinalambricos-21&linkCode=osi","TotalResultCount":53}},"33":{"SearchResult":{"Items":[{"ASIN":"B0C6LPS2FS","DetailPageURL":"https://www.amazon.es/dp/B0C6LPS2FS?tag=topinalambricos-21&linkCode=osi&th=1&psc=1","Images":{"Primary":{"Small":{"Height":75,"URL":"https://m.media-amazon.com/images/I/61saj5jsPiL._SL75_.jpg","Width":75}}},"ItemInfo":{"ByLineInfo":{"Brand":{"DisplayValue":"NEULEBEN","Label":"Brand","Locale":"es_ES"}},"Title":{"DisplayValue":"Pegatinas divertidas de hierba, 150 pegatinas de dibujos animados de hojas de marihuana para adolescentes y adultos, pegatinas impermeables de vinilo de hojas mixtas, álbum de recortes y guitarra","Label":"Title","Locale":"es_ES"}},"Offers":{"Summaries":[{"Condition":{"Value":"New"},"LowestPrice":{"Amount":10.99,"Currency":"EUR","DisplayAmount":"10,99 €"}}]}},{"ASIN":"B0BMVH4J88","DetailPageURL":"https://www.amazon.es/dp/B0BMVH4J88?tag=topinalambricos-21&linkCode=osi&th=1&psc=1","Images":{"Primary":{"Small":{"Height":75,"URL":"https://m.media-amazon.com/images/I/61tGBZudfIL._SL75_.jpg","Width":75}}},"ItemInfo":{"ByLineInfo":{"Brand":{"DisplayValue":"AYODPE","Label":"Brand","Locale":"es_ES"},"Manufacturer":{"DisplayValue":"AYODPE","Label":"Manufacturer","Locale":"es_ES"}},"Title":{"DisplayValue":"AYODPE 100 pegatinas de malas hierbas, vinilo resistente al agua para bricolaje, portátil, equipaje, frigorífico, monopatín, coche, moto, bicicleta, pegatinas de marihuana, juego de pegatinas","Label":"Title","Locale":"es_ES"}},"Offers":{"Summaries":[{"Condition":{"Value":"New"},"LowestPrice":{"Amount":11.97,"Currency":"EUR","DisplayAmount":"11,97 € (0,12 € / unidad)","PricePerUnit":0.12}},{"Condition":{"Value":"Used"},"LowestPrice":{"Amount":8.52,"Currency":"EUR","DisplayAmount":"8,52 € (0,09 € / unidad)","PricePerUnit":0.09}}]}},{"ASIN":"B0C8ZF6PDL","DetailPageURL":"https://www.amazon.es/dp/B0C8ZF6PDL?tag=topinalambricos-21&linkCode=osi&th=1&psc=1","Images":{"Primary":{"Small":{"Height":75,"URL":"https://m.media-amazon.com/images/I/51nhVepA96L._SL75_.jpg","Width":75}}},"ItemInfo":{"ByLineInfo":{"Brand":{"DisplayValue":"AK Giftshop","Label":"Brand","Locale":"es_ES"},"Manufacturer":{"DisplayValue":"AK Giftshop","Label":"Manufacturer","Locale":"es_ES"}},"Title":{"DisplayValue":"Pegatinas personalizables con temática de hojas de marihuana de cannabis, etiquetas personalizadas, decoraciones para fiestas, cumpleaños, celebraciones (48 pegatinas)","Label":"Title","Locale":"es_ES"}},"Offers":{"Summaries":[{"Condition":{"Value":"New"},"LowestPrice":{"Amount":5.82,"Currency":"EUR","DisplayAmount":"5,82 €"}}]}},{"ASIN":"B09T8PK6GY","DetailPageURL":"https://www.amazon.es/dp/B09T8PK6GY?tag=topinalambricos-21&linkCode=osi&th=1&psc=1","Images":{"Primary":{"Small":{"Height":75,"URL":"https://m.media-amazon.com/images/I/51tneD1zs9L._SL75_.jpg","Width":75}}},"ItemInfo":{"ByLineInfo":{"Brand":{"DisplayValue":"HNTR","Label":"Brand","Locale":"es_ES"},"Manufacturer":{"DisplayValue":"HNTR","Label":"Manufacturer","Locale":"es_ES"}},"Title":{"DisplayValue":"HNTR Pegatinas de cannabis Weed Get High – Paquete de pegatinas de vinilo Mega Diversión y creatividad para álbumes de recortes","Label":"Title","Locale":"es_ES"}},"Offers":{"Summaries":[{"Condition":{"Value":"New"},"LowestPrice":{"Amount":17.17,"Currency":"EUR","DisplayAmount":"17,17 € (0,34 € / unidad)","PricePerUnit":0.34}}]}},{"ASIN":"B08297GX94","DetailPageURL":"https://www.amazon.es/dp/B08297GX94?tag=topinalambricos-21&linkCode=osi&th=1&psc=1","Images":{"Primary":{"Small":{"Height":75,"URL":"https://m.media-amazon.com/images/I/51qX3QTO0iL._SL75_.jpg","Width":75}}},"ItemInfo":{"ByLineInfo":{"Brand":{"DisplayValue":"Destination Vinyl Ltd","Label":"Brand","Locale":"es_ES"},"Manufacturer":{"DisplayValue":"Destination Vinyl ltd","Label":"Manufacturer","Locale":"es_ES"}},"Title":{"DisplayValue":"Impresionantes pegatinas de vinilo (juego de 2) 7.5 cm – Calcomanías de marihuana con marihuana y marihuana para laptops, tabletas, equipaje, libros de recortes, regalo genial #1403114473, 23x17x1 cm","Label":"Title","Locale":"es_ES"}},"Offers":{"Summaries":[{"Condition":{"Value":"New"},"LowestPrice":{"Amount":13.75,"Currency":"EUR","DisplayAmount":"13,75 €"}}]}},{"ASIN":"B01AHJC9ZM","DetailPageURL":"https://www.amazon.es/dp/B01AHJC9ZM?tag=topinalambricos-21&linkCode=osi&th=1&psc=1","Images":{"Primary":{"Small":{"Height":75,"URL":"https://m.media-amazon.com/images/I/51W08-mMEfL._SL75_.jpg","Width":56}}},"ItemInfo":{"ByLineInfo":{"Brand":{"DisplayValue":"Charo","Label":"Brand","Locale":"es_ES"},"Manufacturer":{"DisplayValue":"Charo","Label":"Manufacturer","Locale":"es_ES"}},"Title":{"DisplayValue":"Pegatinas para plantas de cannabis, 20 unidades, 1 hoja, 135 mm x 100 mm, para manualidades, fiesta infantil, aspecto metálico","Label":"Title","Locale":"es_ES"}},"Offers":{"Summaries":[{"Condition":{"Value":"New"},"LowestPrice":{"Amount":2.99,"Currency":"EUR","DisplayAmount":"2,99 €"}}]}},{"ASIN":"B08K86S5L7","DetailPageURL":"https://www.amazon.es/dp/B08K86S5L7?tag=topinalambricos-21&linkCode=osi&th=1&psc=1","Images":{"Primary":{"Small":{"Height":52,"URL":"https://m.media-amazon.com/images/I/51aHVyxgnoL._SL75_.jpg","Width":75}}},"ItemInfo":{"ByLineInfo":{"Brand":{"DisplayValue":"Generisch","Label":"Brand","Locale":"es_ES"},"Manufacturer":{"DisplayValue":"Stickerfreaks","Label":"Manufacturer","Locale":"es_ES"}},"Title":{"DisplayValue":"Marihuana - Pegatinas para plantas (14 x 12 cm), diseño de flores","Label":"Title","Locale":"es_ES"}},"Offers":{"Summaries":[{"Condition":{"Value":"New"},"LowestPrice":{"Amount":4.75,"Currency":"EUR","DisplayAmount":"4,75 €"}}]}},{"ASIN":"B0BGC46S4R","DetailPageURL":"https://www.amazon.es/dp/B0BGC46S4R?tag=topinalambricos-21&linkCode=osi&th=1&psc=1","Images":{"Primary":{"Small":{"Height":75,"URL":"https://m.media-amazon.com/images/I/61gdoEUtbYL._SL75_.jpg","Width":75}}},"ItemInfo":{"ByLineInfo":{"Brand":{"DisplayValue":"QJFHURB","Label":"Brand","Locale":"es_ES"},"Manufacturer":{"DisplayValue":"QJFHURB","Label":"Manufacturer","Locale":"es_ES"}},"Title":{"DisplayValue":"Pegatinas De Marcas 251 piezas Pack Pegatinas Skate Pegatina Vinilo Chulas Famosas Stickers Decorativas Stikers Portatil Pegatina Vinilo para Ordenador Maletas Coche Moto Casco Bicicletas","Label":"Title","Locale":"es_ES"}},"Offers":{"Summaries":[{"Condition":{"Value":"New"},"LowestPrice":{"Amount":11.99,"Currency":"EUR","DisplayAmount":"11,99 € (6,00 € / unidad)","PricePerUnit":6.0}}]}},{"ASIN":"B09PBK5X2D","DetailPageURL":"https://www.amazon.es/dp/B09PBK5X2D?tag=topinalambricos-21&linkCode=osi&th=1&psc=1","Images":{"Primary":{"Small":{"Height":75,"URL":"https://m.media-amazon.com/images/I/61BcnLW1KXL._SL75_.jpg","Width":75}}},"ItemInfo":{"ByLineInfo":{"Brand":{"DisplayValue":"ACTTGGJ","Label":"Brand","Locale":"es_ES"},"Manufacturer":{"DisplayValue":"ACTTGGJ","Label":"Manufacturer","Locale":"es_ES"}},"Title":{"DisplayValue":"Pegatinas 100 Piezas Paquete de Pegatinas para Computadora Portátil Pegatinas de Vinilo Graffiti Sticker de Moda Pegatinas Geniales para Snowboard, Motocicleta,Guitarra Botella de Agua, Cuaderno","Label":"Title","Locale":"es_ES"}},"Offers":{"Summaries":[{"Condition":{"Value":"New"},"LowestPrice":{"Amount":9.99,"Currency":"EUR","DisplayAmount":"9,99 € (0,10 € / unidad)","PricePerUnit":0.1}}]}},{"ASIN":"B086J5TC35","DetailPageURL":"https://www.amazon.es/dp/B086J5TC35?tag=topinalambricos-21&linkCode=osi&th=1&psc=1","Images":{"Primary":{"Small":{"Height":75,"URL":"https://m.media-amazon.com/images/I/51M4O8NICOL._SL75_.jpg","Width":75}}},"ItemInfo":{"ByLineInfo":{"Brand":{"DisplayValue":"Destination Vinyl Ltd","Label":"Brand","Locale":"es_ES"},"Manufacturer":{"DisplayValue":"Destination Vinyl Ltd","Label":"Manufacturer","Locale":"es_ES"}},"Title":{"DisplayValue":"2 pegatinas de vinilo divertidas de 10 cm, diseño de marihuana de broma, cannabis y marihuana 10cm Wide","Label":"Title","Locale":"es_ES"}},"Offers":{"Summaries":[{"Condition":{"Value":"New"},"LowestPrice":{"Amount":13.02,"Currency":"EUR","DisplayAmount":"13,02 €"}}]}}],"SearchURL":"https://www.amazon.es/s?k=pegatinas+marihuana&rh=n%3A4358418031%2Cp_n_availability%3A-1&tag=topinalambricos-21&linkCode=osi","TotalResultCount":53}},"34":{"SearchResult":{"Items":[{"ASIN":"B0C6LPS2FS","DetailPageURL":"https://www.amazon.es/dp/B0C6LPS2FS?tag=topinalambricos-21&linkCode=osi&th=1&psc=1","Images":{"Primary":{"Small":{"Height":75,"URL":"https://m.media-amazon.com/images/I/61saj5jsPiL._SL75_.jpg","Width":75}}},"ItemInfo":{"ByLineInfo":{"Brand":{"DisplayValue":"NEULEBEN","Label":"Brand","Locale":"es_ES"}},"Title":{"DisplayValue":"Pegatinas divertidas de hierba, 150 pegatinas de dibujos animados de hojas de marihuana para adolescentes y adultos, pegatinas impermeables de vinilo de hojas mixtas, álbum de recortes y guitarra","Label":"Title","Locale":"es_ES"}},"Offers":{"Summaries":[{"Condition":{"Value":"New"},"LowestPrice":{"Amount":10.99,"Currency":"EUR","DisplayAmount":"10,99 €"}}]}},{"ASIN":"B0BMVH4J88","DetailPageURL":"https://www.amazon.es/dp/B0BMVH4J88?tag=topinalambricos-21&linkCode=osi&th=1&psc=1","Images":{"Primary":{"Small":{"Height":75,"URL":"https://m.media-amazon.com/images/I/61tGBZudfIL._SL75_.jpg","Width":75}}},"ItemInfo":{"ByLineInfo":{"Brand":{"DisplayValue":"AYODPE","Label":"Brand","Locale":"es_ES"},"Manufacturer":{"DisplayValue":"AYODPE","Label":"Manufacturer","Locale":"es_ES"}},"Title":{"DisplayValue":"AYODPE 100 pegatinas de malas hierbas, vinilo resistente al agua para bricolaje, portátil, equipaje, frigorífico, monopatín, coche, moto, bicicleta, pegatinas de marihuana, juego de pegatinas","Label":"Title","Locale":"es_ES"}},"Offers":{"Summaries":[{"Condition":{"Value":"New"},"LowestPrice":{"Amount":11.97,"Currency":"EUR","DisplayAmount":"11,97 € (0,12 € / unidad)","PricePerUnit":0.12}},{"Condition":{"Value":"Used"},"LowestPrice":{"Amount":8.52,"Currency":"EUR","DisplayAmount":"8,52 € (0,09 € / unidad)","PricePerUnit":0.09}}]}},{"ASIN":"B0C8ZF6PDL","DetailPageURL":"https://www.amazon.es/dp/B0C8ZF6PDL?tag=topinalambricos-21&linkCode=osi&th=1&psc=1","Images":{"Primary":{"Small":{"Height":75,"URL":"https://m.media-amazon.com/images/I/51nhVepA96L._SL75_.jpg","Width":75}}},"ItemInfo":{"ByLineInfo":{"Brand":{"DisplayValue":"AK Giftshop","Label":"Brand","Locale":"es_ES"},"Manufacturer":{"DisplayValue":"AK Giftshop","Label":"Manufacturer","Locale":"es_ES"}},"Title":{"DisplayValue":"Pegatinas personalizables con temática de hojas de marihuana de cannabis, etiquetas personalizadas, decoraciones para fiestas, cumpleaños, celebraciones (48 pegatinas)","Label":"Title","Locale":"es_ES"}},"Offers":{"Summaries":[{"Condition":{"Value":"New"},"LowestPrice":{"Amount":5.82,"Currency":"EUR","DisplayAmount":"5,82 €"}}]}},{"ASIN":"B09T8PK6GY","DetailPageURL":"https://www.amazon.es/dp/B09T8PK6GY?tag=topinalambricos-21&linkCode=osi&th=1&psc=1","Images":{"Primary":{"Small":{"Height":75,"URL":"https://m.media-amazon.com/images/I/51tneD1zs9L._SL75_.jpg","Width":75}}},"ItemInfo":{"ByLineInfo":{"Brand":{"DisplayValue":"HNTR","Label":"Brand","Locale":"es_ES"},"Manufacturer":{"DisplayValue":"HNTR","Label":"Manufacturer","Locale":"es_ES"}},"Title":{"DisplayValue":"HNTR Pegatinas de cannabis Weed Get High – Paquete de pegatinas de vinilo Mega Diversión y creatividad para álbumes de recortes","Label":"Title","Locale":"es_ES"}},"Offers":{"Summaries":[{"Condition":{"Value":"New"},"LowestPrice":{"Amount":17.17,"Currency":"EUR","DisplayAmount":"17,17 € (0,34 € / unidad)","PricePerUnit":0.34}}]}},{"ASIN":"B08297GX94","DetailPageURL":"https://www.amazon.es/dp/B08297GX94?tag=topinalambricos-21&linkCode=osi&th=1&psc=1","Images":{"Primary":{"Small":{"Height":75,"URL":"https://m.media-amazon.com/images/I/51qX3QTO0iL._SL75_.jpg","Width":75}}},"ItemInfo":{"ByLineInfo":{"Brand":{"DisplayValue":"Destination Vinyl Ltd","Label":"Brand","Locale":"es_ES"},"Manufacturer":{"DisplayValue":"Destination Vinyl ltd","Label":"Manufacturer","Locale":"es_ES"}},"Title":{"DisplayValue":"Impresionantes pegatinas de vinilo (juego de 2) 7.5 cm – Calcomanías de marihuana con marihuana y marihuana para laptops, tabletas, equipaje, libros de recortes, regalo genial #1403114473, 23x17x1 cm","Label":"Title","Locale":"es_ES"}},"Offers":{"Summaries":[{"Condition":{"Value":"New"},"LowestPrice":{"Amount":13.75,"Currency":"EUR","DisplayAmount":"13,75 €"}}]}},{"ASIN":"B01AHJC9ZM","DetailPageURL":"https://www.amazon.es/dp/B01AHJC9ZM?tag=topinalambricos-21&linkCode=osi&th=1&psc=1","Images":{"Primary":{"Small":{"Height":75,"URL":"https://m.media-amazon.com/images/I/51W08-mMEfL._SL75_.jpg","Width":56}}},"ItemInfo":{"ByLineInfo":{"Brand":{"DisplayValue":"Charo","Label":"Brand","Locale":"es_ES"},"Manufacturer":{"DisplayValue":"Charo","Label":"Manufacturer","Locale":"es_ES"}},"Title":{"DisplayValue":"Pegatinas para plantas de cannabis, 20 unidades, 1 hoja, 135 mm x 100 mm, para manualidades, fiesta infantil, aspecto metálico","Label":"Title","Locale":"es_ES"}},"Offers":{"Summaries":[{"Condition":{"Value":"New"},"LowestPrice":{"Amount":2.99,"Currency":"EUR","DisplayAmount":"2,99 €"}}]}},{"ASIN":"B08K86S5L7","DetailPageURL":"https://www.amazon.es/dp/B08K86S5L7?tag=topinalambricos-21&linkCode=osi&th=1&psc=1","Images":{"Primary":{"Small":{"Height":52,"URL":"https://m.media-amazon.com/images/I/51aHVyxgnoL._SL75_.jpg","Width":75}}},"ItemInfo":{"ByLineInfo":{"Brand":{"DisplayValue":"Generisch","Label":"Brand","Locale":"es_ES"},"Manufacturer":{"DisplayValue":"Stickerfreaks","Label":"Manufacturer","Locale":"es_ES"}},"Title":{"DisplayValue":"Marihuana - Pegatinas para plantas (14 x 12 cm), diseño de flores","Label":"Title","Locale":"es_ES"}},"Offers":{"Summaries":[{"Condition":{"Value":"New"},"LowestPrice":{"Amount":4.75,"Currency":"EUR","DisplayAmount":"4,75 €"}}]}},{"ASIN":"B0BGC46S4R","DetailPageURL":"https://www.amazon.es/dp/B0BGC46S4R?tag=topinalambricos-21&linkCode=osi&th=1&psc=1","Images":{"Primary":{"Small":{"Height":75,"URL":"https://m.media-amazon.com/images/I/61gdoEUtbYL._SL75_.jpg","Width":75}}},"ItemInfo":{"ByLineInfo":{"Brand":{"DisplayValue":"QJFHURB","Label":"Brand","Locale":"es_ES"},"Manufacturer":{"DisplayValue":"QJFHURB","Label":"Manufacturer","Locale":"es_ES"}},"Title":{"DisplayValue":"Pegatinas De Marcas 251 piezas Pack Pegatinas Skate Pegatina Vinilo Chulas Famosas Stickers Decorativas Stikers Portatil Pegatina Vinilo para Ordenador Maletas Coche Moto Casco Bicicletas","Label":"Title","Locale":"es_ES"}},"Offers":{"Summaries":[{"Condition":{"Value":"New"},"LowestPrice":{"Amount":11.99,"Currency":"EUR","DisplayAmount":"11,99 € (6,00 € / unidad)","PricePerUnit":6.0}}]}},{"ASIN":"B09PBK5X2D","DetailPageURL":"https://www.amazon.es/dp/B09PBK5X2D?tag=topinalambricos-21&linkCode=osi&th=1&psc=1","Images":{"Primary":{"Small":{"Height":75,"URL":"https://m.media-amazon.com/images/I/61BcnLW1KXL._SL75_.jpg","Width":75}}},"ItemInfo":{"ByLineInfo":{"Brand":{"DisplayValue":"ACTTGGJ","Label":"Brand","Locale":"es_ES"},"Manufacturer":{"DisplayValue":"ACTTGGJ","Label":"Manufacturer","Locale":"es_ES"}},"Title":{"DisplayValue":"Pegatinas 100 Piezas Paquete de Pegatinas para Computadora Portátil Pegatinas de Vinilo Graffiti Sticker de Moda Pegatinas Geniales para Snowboard, Motocicleta,Guitarra Botella de Agua, Cuaderno","Label":"Title","Locale":"es_ES"}},"Offers":{"Summaries":[{"Condition":{"Value":"New"},"LowestPrice":{"Amount":9.99,"Currency":"EUR","DisplayAmount":"9,99 € (0,10 € / unidad)","PricePerUnit":0.1}}]}},{"ASIN":"B086J5TC35","DetailPageURL":"https://www.amazon.es/dp/B086J5TC35?tag=topinalambricos-21&linkCode=osi&th=1&psc=1","Images":{"Primary":{"Small":{"Height":75,"URL":"https://m.media-amazon.com/images/I/51M4O8NICOL._SL75_.jpg","Width":75}}},"ItemInfo":{"ByLineInfo":{"Brand":{"DisplayValue":"Destination Vinyl Ltd","Label":"Brand","Locale":"es_ES"},"Manufacturer":{"DisplayValue":"Destination Vinyl Ltd","Label":"Manufacturer","Locale":"es_ES"}},"Title":{"DisplayValue":"2 pegatinas de vinilo divertidas de 10 cm, diseño de marihuana de broma, cannabis y marihuana 10cm Wide","Label":"Title","Locale":"es_ES"}},"Offers":{"Summaries":[{"Condition":{"Value":"New"},"LowestPrice":{"Amount":13.02,"Currency":"EUR","DisplayAmount":"13,02 €"}}]}}],"SearchURL":"https://www.amazon.es/s?k=pegatinas+marihuana&rh=n%3A4358418031%2Cp_n_availability%3A-1&tag=topinalambricos-21&linkCode=osi","TotalResultCount":53}},"35":{"SearchResult":{"Items":[{"ASIN":"B0C6LPS2FS","DetailPageURL":"https://www.amazon.es/dp/B0C6LPS2FS?tag=topinalambricos-21&linkCode=osi&th=1&psc=1","Images":{"Primary":{"Small":{"Height":75,"URL":"https://m.media-amazon.com/images/I/61saj5jsPiL._SL75_.jpg","Width":75}}},"ItemInfo":{"ByLineInfo":{"Brand":{"DisplayValue":"NEULEBEN","Label":"Brand","Locale":"es_ES"}},"Title":{"DisplayValue":"Pegatinas divertidas de hierba, 150 pegatinas de dibujos animados de hojas de marihuana para adolescentes y adultos, pegatinas impermeables de vinilo de hojas mixtas, álbum de recortes y guitarra","Label":"Title","Locale":"es_ES"}},"Offers":{"Summaries":[{"Condition":{"Value":"New"},"LowestPrice":{"Amount":10.99,"Currency":"EUR","DisplayAmount":"10,99 €"}}]}},{"ASIN":"B0BMVH4J88","DetailPageURL":"https://www.amazon.es/dp/B0BMVH4J88?tag=topinalambricos-21&linkCode=osi&th=1&psc=1","Images":{"Primary":{"Small":{"Height":75,"URL":"https://m.media-amazon.com/images/I/61tGBZudfIL._SL75_.jpg","Width":75}}},"ItemInfo":{"ByLineInfo":{"Brand":{"DisplayValue":"AYODPE","Label":"Brand","Locale":"es_ES"},"Manufacturer":{"DisplayValue":"AYODPE","Label":"Manufacturer","Locale":"es_ES"}},"Title":{"DisplayValue":"AYODPE 100 pegatinas de malas hierbas, vinilo resistente al agua para bricolaje, portátil, equipaje, frigorífico, monopatín, coche, moto, bicicleta, pegatinas de marihuana, juego de pegatinas","Label":"Title","Locale":"es_ES"}},"Offers":{"Summaries":[{"Condition":{"Value":"New"},"LowestPrice":{"Amount":11.97,"Currency":"EUR","DisplayAmount":"11,97 € (0,12 € / unidad)","PricePerUnit":0.12}},{"Condition":{"Value":"Used"},"LowestPrice":{"Amount":8.52,"Currency":"EUR","DisplayAmount":"8,52 € (0,09 € / unidad)","PricePerUnit":0.09}}]}},{"ASIN":"B0C8ZF6PDL","DetailPageURL":"https://www.amazon.es/dp/B0C8ZF6PDL?tag=topinalambricos-21&linkCode=osi&th=1&psc=1","Images":{"Primary":{"Small":{"Height":75,"URL":"https://m.media-amazon.com/images/I/51nhVepA96L._SL75_.jpg","Width":75}}},"ItemInfo":{"ByLineInfo":{"Brand":{"DisplayValue":"AK Giftshop","Label":"Brand","Locale":"es_ES"},"Manufacturer":{"DisplayValue":"AK Giftshop","Label":"Manufacturer","Locale":"es_ES"}},"Title":{"DisplayValue":"Pegatinas personalizables con temática de hojas de marihuana de cannabis, etiquetas personalizadas, decoraciones para fiestas, cumpleaños, celebraciones (48 pegatinas)","Label":"Title","Locale":"es_ES"}},"Offers":{"Summaries":[{"Condition":{"Value":"New"},"LowestPrice":{"Amount":5.82,"Currency":"EUR","DisplayAmount":"5,82 €"}}]}},{"ASIN":"B09T8PK6GY","DetailPageURL":"https://www.amazon.es/dp/B09T8PK6GY?tag=topinalambricos-21&linkCode=osi&th=1&psc=1","Images":{"Primary":{"Small":{"Height":75,"URL":"https://m.media-amazon.com/images/I/51tneD1zs9L._SL75_.jpg","Width":75}}},"ItemInfo":{"ByLineInfo":{"Brand":{"DisplayValue":"HNTR","Label":"Brand","Locale":"es_ES"},"Manufacturer":{"DisplayValue":"HNTR","Label":"Manufacturer","Locale":"es_ES"}},"Title":{"DisplayValue":"HNTR Pegatinas de cannabis Weed Get High – Paquete de pegatinas de vinilo Mega Diversión y creatividad para álbumes de recortes","Label":"Title","Locale":"es_ES"}},"Offers":{"Summaries":[{"Condition":{"Value":"New"},"LowestPrice":{"Amount":17.17,"Currency":"EUR","DisplayAmount":"17,17 € (0,34 € / unidad)","PricePerUnit":0.34}}]}},{"ASIN":"B08297GX94","DetailPageURL":"https://www.amazon.es/dp/B08297GX94?tag=topinalambricos-21&linkCode=osi&th=1&psc=1","Images":{"Primary":{"Small":{"Height":75,"URL":"https://m.media-amazon.com/images/I/51qX3QTO0iL._SL75_.jpg","Width":75}}},"ItemInfo":{"ByLineInfo":{"Brand":{"DisplayValue":"Destination Vinyl Ltd","Label":"Brand","Locale":"es_ES"},"Manufacturer":{"DisplayValue":"Destination Vinyl ltd","Label":"Manufacturer","Locale":"es_ES"}},"Title":{"DisplayValue":"Impresionantes pegatinas de vinilo (juego de 2) 7.5 cm – Calcomanías de marihuana con marihuana y marihuana para laptops, tabletas, equipaje, libros de recortes, regalo genial #1403114473, 23x17x1 cm","Label":"Title","Locale":"es_ES"}},"Offers":{"Summaries":[{"Condition":{"Value":"New"},"LowestPrice":{"Amount":13.75,"Currency":"EUR","DisplayAmount":"13,75 €"}}]}},{"ASIN":"B01AHJC9ZM","DetailPageURL":"https://www.amazon.es/dp/B01AHJC9ZM?tag=topinalambricos-21&linkCode=osi&th=1&psc=1","Images":{"Primary":{"Small":{"Height":75,"URL":"https://m.media-amazon.com/images/I/51W08-mMEfL._SL75_.jpg","Width":56}}},"ItemInfo":{"ByLineInfo":{"Brand":{"DisplayValue":"Charo","Label":"Brand","Locale":"es_ES"},"Manufacturer":{"DisplayValue":"Charo","Label":"Manufacturer","Locale":"es_ES"}},"Title":{"DisplayValue":"Pegatinas para plantas de cannabis, 20 unidades, 1 hoja, 135 mm x 100 mm, para manualidades, fiesta infantil, aspecto metálico","Label":"Title","Locale":"es_ES"}},"Offers":{"Summaries":[{"Condition":{"Value":"New"},"LowestPrice":{"Amount":2.99,"Currency":"EUR","DisplayAmount":"2,99 €"}}]}},{"ASIN":"B08K86S5L7","DetailPageURL":"https://www.amazon.es/dp/B08K86S5L7?tag=topinalambricos-21&linkCode=osi&th=1&psc=1","Images":{"Primary":{"Small":{"Height":52,"URL":"https://m.media-amazon.com/images/I/51aHVyxgnoL._SL75_.jpg","Width":75}}},"ItemInfo":{"ByLineInfo":{"Brand":{"DisplayValue":"Generisch","Label":"Brand","Locale":"es_ES"},"Manufacturer":{"DisplayValue":"Stickerfreaks","Label":"Manufacturer","Locale":"es_ES"}},"Title":{"DisplayValue":"Marihuana - Pegatinas para plantas (14 x 12 cm), diseño de flores","Label":"Title","Locale":"es_ES"}},"Offers":{"Summaries":[{"Condition":{"Value":"New"},"LowestPrice":{"Amount":4.75,"Currency":"EUR","DisplayAmount":"4,75 €"}}]}},{"ASIN":"B0BGC46S4R","DetailPageURL":"https://www.amazon.es/dp/B0BGC46S4R?tag=topinalambricos-21&linkCode=osi&th=1&psc=1","Images":{"Primary":{"Small":{"Height":75,"URL":"https://m.media-amazon.com/images/I/61gdoEUtbYL._SL75_.jpg","Width":75}}},"ItemInfo":{"ByLineInfo":{"Brand":{"DisplayValue":"QJFHURB","Label":"Brand","Locale":"es_ES"},"Manufacturer":{"DisplayValue":"QJFHURB","Label":"Manufacturer","Locale":"es_ES"}},"Title":{"DisplayValue":"Pegatinas De Marcas 251 piezas Pack Pegatinas Skate Pegatina Vinilo Chulas Famosas Stickers Decorativas Stikers Portatil Pegatina Vinilo para Ordenador Maletas Coche Moto Casco Bicicletas","Label":"Title","Locale":"es_ES"}},"Offers":{"Summaries":[{"Condition":{"Value":"New"},"LowestPrice":{"Amount":11.99,"Currency":"EUR","DisplayAmount":"11,99 € (6,00 € / unidad)","PricePerUnit":6.0}}]}},{"ASIN":"B09PBK5X2D","DetailPageURL":"https://www.amazon.es/dp/B09PBK5X2D?tag=topinalambricos-21&linkCode=osi&th=1&psc=1","Images":{"Primary":{"Small":{"Height":75,"URL":"https://m.media-amazon.com/images/I/61BcnLW1KXL._SL75_.jpg","Width":75}}},"ItemInfo":{"ByLineInfo":{"Brand":{"DisplayValue":"ACTTGGJ","Label":"Brand","Locale":"es_ES"},"Manufacturer":{"DisplayValue":"ACTTGGJ","Label":"Manufacturer","Locale":"es_ES"}},"Title":{"DisplayValue":"Pegatinas 100 Piezas Paquete de Pegatinas para Computadora Portátil Pegatinas de Vinilo Graffiti Sticker de Moda Pegatinas Geniales para Snowboard, Motocicleta,Guitarra Botella de Agua, Cuaderno","Label":"Title","Locale":"es_ES"}},"Offers":{"Summaries":[{"Condition":{"Value":"New"},"LowestPrice":{"Amount":9.99,"Currency":"EUR","DisplayAmount":"9,99 € (0,10 € / unidad)","PricePerUnit":0.1}}]}},{"ASIN":"B086J5TC35","DetailPageURL":"https://www.amazon.es/dp/B086J5TC35?tag=topinalambricos-21&linkCode=osi&th=1&psc=1","Images":{"Primary":{"Small":{"Height":75,"URL":"https://m.media-amazon.com/images/I/51M4O8NICOL._SL75_.jpg","Width":75}}},"ItemInfo":{"ByLineInfo":{"Brand":{"DisplayValue":"Destination Vinyl Ltd","Label":"Brand","Locale":"es_ES"},"Manufacturer":{"DisplayValue":"Destination Vinyl Ltd","Label":"Manufacturer","Locale":"es_ES"}},"Title":{"DisplayValue":"2 pegatinas de vinilo divertidas de 10 cm, diseño de marihuana de broma, cannabis y marihuana 10cm Wide","Label":"Title","Locale":"es_ES"}},"Offers":{"Summaries":[{"Condition":{"Value":"New"},"LowestPrice":{"Amount":13.02,"Currency":"EUR","DisplayAmount":"13,02 €"}}]}}],"SearchURL":"https://www.amazon.es/s?k=pegatinas+marihuana&rh=n%3A4358418031%2Cp_n_availability%3A-1&tag=topinalambricos-21&linkCode=osi","TotalResultCount":53}},"36":{"SearchResult":{"Items":[{"ASIN":"B0C6LPS2FS","DetailPageURL":"https://www.amazon.es/dp/B0C6LPS2FS?tag=topinalambricos-21&linkCode=osi&th=1&psc=1","Images":{"Primary":{"Small":{"Height":75,"URL":"https://m.media-amazon.com/images/I/61saj5jsPiL._SL75_.jpg","Width":75}}},"ItemInfo":{"ByLineInfo":{"Brand":{"DisplayValue":"NEULEBEN","Label":"Brand","Locale":"es_ES"}},"Title":{"DisplayValue":"Pegatinas divertidas de hierba, 150 pegatinas de dibujos animados de hojas de marihuana para adolescentes y adultos, pegatinas impermeables de vinilo de hojas mixtas, álbum de recortes y guitarra","Label":"Title","Locale":"es_ES"}},"Offers":{"Summaries":[{"Condition":{"Value":"New"},"LowestPrice":{"Amount":10.99,"Currency":"EUR","DisplayAmount":"10,99 €"}}]}},{"ASIN":"B0BMVH4J88","DetailPageURL":"https://www.amazon.es/dp/B0BMVH4J88?tag=topinalambricos-21&linkCode=osi&th=1&psc=1","Images":{"Primary":{"Small":{"Height":75,"URL":"https://m.media-amazon.com/images/I/61tGBZudfIL._SL75_.jpg","Width":75}}},"ItemInfo":{"ByLineInfo":{"Brand":{"DisplayValue":"AYODPE","Label":"Brand","Locale":"es_ES"},"Manufacturer":{"DisplayValue":"AYODPE","Label":"Manufacturer","Locale":"es_ES"}},"Title":{"DisplayValue":"AYODPE 100 pegatinas de malas hierbas, vinilo resistente al agua para bricolaje, portátil, equipaje, frigorífico, monopatín, coche, moto, bicicleta, pegatinas de marihuana, juego de pegatinas","Label":"Title","Locale":"es_ES"}},"Offers":{"Summaries":[{"Condition":{"Value":"New"},"LowestPrice":{"Amount":11.97,"Currency":"EUR","DisplayAmount":"11,97 € (0,12 € / unidad)","PricePerUnit":0.12}},{"Condition":{"Value":"Used"},"LowestPrice":{"Amount":8.52,"Currency":"EUR","DisplayAmount":"8,52 € (0,09 € / unidad)","PricePerUnit":0.09}}]}},{"ASIN":"B0C8ZF6PDL","DetailPageURL":"https://www.amazon.es/dp/B0C8ZF6PDL?tag=topinalambricos-21&linkCode=osi&th=1&psc=1","Images":{"Primary":{"Small":{"Height":75,"URL":"https://m.media-amazon.com/images/I/51nhVepA96L._SL75_.jpg","Width":75}}},"ItemInfo":{"ByLineInfo":{"Brand":{"DisplayValue":"AK Giftshop","Label":"Brand","Locale":"es_ES"},"Manufacturer":{"DisplayValue":"AK Giftshop","Label":"Manufacturer","Locale":"es_ES"}},"Title":{"DisplayValue":"Pegatinas personalizables con temática de hojas de marihuana de cannabis, etiquetas personalizadas, decoraciones para fiestas, cumpleaños, celebraciones (48 pegatinas)","Label":"Title","Locale":"es_ES"}},"Offers":{"Summaries":[{"Condition":{"Value":"New"},"LowestPrice":{"Amount":5.82,"Currency":"EUR","DisplayAmount":"5,82 €"}}]}},{"ASIN":"B09T8PK6GY","DetailPageURL":"https://www.amazon.es/dp/B09T8PK6GY?tag=topinalambricos-21&linkCode=osi&th=1&psc=1","Images":{"Primary":{"Small":{"Height":75,"URL":"https://m.media-amazon.com/images/I/51tneD1zs9L._SL75_.jpg","Width":75}}},"ItemInfo":{"ByLineInfo":{"Brand":{"DisplayValue":"HNTR","Label":"Brand","Locale":"es_ES"},"Manufacturer":{"DisplayValue":"HNTR","Label":"Manufacturer","Locale":"es_ES"}},"Title":{"DisplayValue":"HNTR Pegatinas de cannabis Weed Get High – Paquete de pegatinas de vinilo Mega Diversión y creatividad para álbumes de recortes","Label":"Title","Locale":"es_ES"}},"Offers":{"Summaries":[{"Condition":{"Value":"New"},"LowestPrice":{"Amount":17.17,"Currency":"EUR","DisplayAmount":"17,17 € (0,34 € / unidad)","PricePerUnit":0.34}}]}},{"ASIN":"B08297GX94","DetailPageURL":"https://www.amazon.es/dp/B08297GX94?tag=topinalambricos-21&linkCode=osi&th=1&psc=1","Images":{"Primary":{"Small":{"Height":75,"URL":"https://m.media-amazon.com/images/I/51qX3QTO0iL._SL75_.jpg","Width":75}}},"ItemInfo":{"ByLineInfo":{"Brand":{"DisplayValue":"Destination Vinyl Ltd","Label":"Brand","Locale":"es_ES"},"Manufacturer":{"DisplayValue":"Destination Vinyl ltd","Label":"Manufacturer","Locale":"es_ES"}},"Title":{"DisplayValue":"Impresionantes pegatinas de vinilo (juego de 2) 7.5 cm – Calcomanías de marihuana con marihuana y marihuana para laptops, tabletas, equipaje, libros de recortes, regalo genial #1403114473, 23x17x1 cm","Label":"Title","Locale":"es_ES"}},"Offers":{"Summaries":[{"Condition":{"Value":"New"},"LowestPrice":{"Amount":13.75,"Currency":"EUR","DisplayAmount":"13,75 €"}}]}},{"ASIN":"B01AHJC9ZM","DetailPageURL":"https://www.amazon.es/dp/B01AHJC9ZM?tag=topinalambricos-21&linkCode=osi&th=1&psc=1","Images":{"Primary":{"Small":{"Height":75,"URL":"https://m.media-amazon.com/images/I/51W08-mMEfL._SL75_.jpg","Width":56}}},"ItemInfo":{"ByLineInfo":{"Brand":{"DisplayValue":"Charo","Label":"Brand","Locale":"es_ES"},"Manufacturer":{"DisplayValue":"Charo","Label":"Manufacturer","Locale":"es_ES"}},"Title":{"DisplayValue":"Pegatinas para plantas de cannabis, 20 unidades, 1 hoja, 135 mm x 100 mm, para manualidades, fiesta infantil, aspecto metálico","Label":"Title","Locale":"es_ES"}},"Offers":{"Summaries":[{"Condition":{"Value":"New"},"LowestPrice":{"Amount":2.99,"Currency":"EUR","DisplayAmount":"2,99 €"}}]}},{"ASIN":"B08K86S5L7","DetailPageURL":"https://www.amazon.es/dp/B08K86S5L7?tag=topinalambricos-21&linkCode=osi&th=1&psc=1","Images":{"Primary":{"Small":{"Height":52,"URL":"https://m.media-amazon.com/images/I/51aHVyxgnoL._SL75_.jpg","Width":75}}},"ItemInfo":{"ByLineInfo":{"Brand":{"DisplayValue":"Generisch","Label":"Brand","Locale":"es_ES"},"Manufacturer":{"DisplayValue":"Stickerfreaks","Label":"Manufacturer","Locale":"es_ES"}},"Title":{"DisplayValue":"Marihuana - Pegatinas para plantas (14 x 12 cm), diseño de flores","Label":"Title","Locale":"es_ES"}},"Offers":{"Summaries":[{"Condition":{"Value":"New"},"LowestPrice":{"Amount":4.75,"Currency":"EUR","DisplayAmount":"4,75 €"}}]}},{"ASIN":"B0BGC46S4R","DetailPageURL":"https://www.amazon.es/dp/B0BGC46S4R?tag=topinalambricos-21&linkCode=osi&th=1&psc=1","Images":{"Primary":{"Small":{"Height":75,"URL":"https://m.media-amazon.com/images/I/61gdoEUtbYL._SL75_.jpg","Width":75}}},"ItemInfo":{"ByLineInfo":{"Brand":{"DisplayValue":"QJFHURB","Label":"Brand","Locale":"es_ES"},"Manufacturer":{"DisplayValue":"QJFHURB","Label":"Manufacturer","Locale":"es_ES"}},"Title":{"DisplayValue":"Pegatinas De Marcas 251 piezas Pack Pegatinas Skate Pegatina Vinilo Chulas Famosas Stickers Decorativas Stikers Portatil Pegatina Vinilo para Ordenador Maletas Coche Moto Casco Bicicletas","Label":"Title","Locale":"es_ES"}},"Offers":{"Summaries":[{"Condition":{"Value":"New"},"LowestPrice":{"Amount":11.99,"Currency":"EUR","DisplayAmount":"11,99 € (6,00 € / unidad)","PricePerUnit":6.0}}]}},{"ASIN":"B09PBK5X2D","DetailPageURL":"https://www.amazon.es/dp/B09PBK5X2D?tag=topinalambricos-21&linkCode=osi&th=1&psc=1","Images":{"Primary":{"Small":{"Height":75,"URL":"https://m.media-amazon.com/images/I/61BcnLW1KXL._SL75_.jpg","Width":75}}},"ItemInfo":{"ByLineInfo":{"Brand":{"DisplayValue":"ACTTGGJ","Label":"Brand","Locale":"es_ES"},"Manufacturer":{"DisplayValue":"ACTTGGJ","Label":"Manufacturer","Locale":"es_ES"}},"Title":{"DisplayValue":"Pegatinas 100 Piezas Paquete de Pegatinas para Computadora Portátil Pegatinas de Vinilo Graffiti Sticker de Moda Pegatinas Geniales para Snowboard, Motocicleta,Guitarra Botella de Agua, Cuaderno","Label":"Title","Locale":"es_ES"}},"Offers":{"Summaries":[{"Condition":{"Value":"New"},"LowestPrice":{"Amount":9.99,"Currency":"EUR","DisplayAmount":"9,99 € (0,10 € / unidad)","PricePerUnit":0.1}}]}},{"ASIN":"B086J5TC35","DetailPageURL":"https://www.amazon.es/dp/B086J5TC35?tag=topinalambricos-21&linkCode=osi&th=1&psc=1","Images":{"Primary":{"Small":{"Height":75,"URL":"https://m.media-amazon.com/images/I/51M4O8NICOL._SL75_.jpg","Width":75}}},"ItemInfo":{"ByLineInfo":{"Brand":{"DisplayValue":"Destination Vinyl Ltd","Label":"Brand","Locale":"es_ES"},"Manufacturer":{"DisplayValue":"Destination Vinyl Ltd","Label":"Manufacturer","Locale":"es_ES"}},"Title":{"DisplayValue":"2 pegatinas de vinilo divertidas de 10 cm, diseño de marihuana de broma, cannabis y marihuana 10cm Wide","Label":"Title","Locale":"es_ES"}},"Offers":{"Summaries":[{"Condition":{"Value":"New"},"LowestPrice":{"Amount":13.02,"Currency":"EUR","DisplayAmount":"13,02 €"}}]}}],"SearchURL":"https://www.amazon.es/s?k=pegatinas+marihuana&rh=n%3A4358418031%2Cp_n_availability%3A-1&tag=topinalambricos-21&linkCode=osi","TotalResultCount":53}},"37":{"SearchResult":{"Items":[{"ASIN":"B0C6LPS2FS","DetailPageURL":"https://www.amazon.es/dp/B0C6LPS2FS?tag=topinalambricos-21&linkCode=osi&th=1&psc=1","Images":{"Primary":{"Small":{"Height":75,"URL":"https://m.media-amazon.com/images/I/61saj5jsPiL._SL75_.jpg","Width":75}}},"ItemInfo":{"ByLineInfo":{"Brand":{"DisplayValue":"NEULEBEN","Label":"Brand","Locale":"es_ES"}},"Title":{"DisplayValue":"Pegatinas divertidas de hierba, 150 pegatinas de dibujos animados de hojas de marihuana para adolescentes y adultos, pegatinas impermeables de vinilo de hojas mixtas, álbum de recortes y guitarra","Label":"Title","Locale":"es_ES"}},"Offers":{"Summaries":[{"Condition":{"Value":"New"},"LowestPrice":{"Amount":10.99,"Currency":"EUR","DisplayAmount":"10,99 €"}}]}},{"ASIN":"B0BMVH4J88","DetailPageURL":"https://www.amazon.es/dp/B0BMVH4J88?tag=topinalambricos-21&linkCode=osi&th=1&psc=1","Images":{"Primary":{"Small":{"Height":75,"URL":"https://m.media-amazon.com/images/I/61tGBZudfIL._SL75_.jpg","Width":75}}},"ItemInfo":{"ByLineInfo":{"Brand":{"DisplayValue":"AYODPE","Label":"Brand","Locale":"es_ES"},"Manufacturer":{"DisplayValue":"AYODPE","Label":"Manufacturer","Locale":"es_ES"}},"Title":{"DisplayValue":"AYODPE 100 pegatinas de malas hierbas, vinilo resistente al agua para bricolaje, portátil, equipaje, frigorífico, monopatín, coche, moto, bicicleta, pegatinas de marihuana, juego de pegatinas","Label":"Title","Locale":"es_ES"}},"Offers":{"Summaries":[{"Condition":{"Value":"New"},"LowestPrice":{"Amount":11.97,"Currency":"EUR","DisplayAmount":"11,97 € (0,12 € / unidad)","PricePerUnit":0.12}},{"Condition":{"Value":"Used"},"LowestPrice":{"Amount":8.52,"Currency":"EUR","DisplayAmount":"8,52 € (0,09 € / unidad)","PricePerUnit":0.09}}]}},{"ASIN":"B0C8ZF6PDL","DetailPageURL":"https://www.amazon.es/dp/B0C8ZF6PDL?tag=topinalambricos-21&linkCode=osi&th=1&psc=1","Images":{"Primary":{"Small":{"Height":75,"URL":"https://m.media-amazon.com/images/I/51nhVepA96L._SL75_.jpg","Width":75}}},"ItemInfo":{"ByLineInfo":{"Brand":{"DisplayValue":"AK Giftshop","Label":"Brand","Locale":"es_ES"},"Manufacturer":{"DisplayValue":"AK Giftshop","Label":"Manufacturer","Locale":"es_ES"}},"Title":{"DisplayValue":"Pegatinas personalizables con temática de hojas de marihuana de cannabis, etiquetas personalizadas, decoraciones para fiestas, cumpleaños, celebraciones (48 pegatinas)","Label":"Title","Locale":"es_ES"}},"Offers":{"Summaries":[{"Condition":{"Value":"New"},"LowestPrice":{"Amount":5.82,"Currency":"EUR","DisplayAmount":"5,82 €"}}]}},{"ASIN":"B09T8PK6GY","DetailPageURL":"https://www.amazon.es/dp/B09T8PK6GY?tag=topinalambricos-21&linkCode=osi&th=1&psc=1","Images":{"Primary":{"Small":{"Height":75,"URL":"https://m.media-amazon.com/images/I/51tneD1zs9L._SL75_.jpg","Width":75}}},"ItemInfo":{"ByLineInfo":{"Brand":{"DisplayValue":"HNTR","Label":"Brand","Locale":"es_ES"},"Manufacturer":{"DisplayValue":"HNTR","Label":"Manufacturer","Locale":"es_ES"}},"Title":{"DisplayValue":"HNTR Pegatinas de cannabis Weed Get High – Paquete de pegatinas de vinilo Mega Diversión y creatividad para álbumes de recortes","Label":"Title","Locale":"es_ES"}},"Offers":{"Summaries":[{"Condition":{"Value":"New"},"LowestPrice":{"Amount":17.17,"Currency":"EUR","DisplayAmount":"17,17 € (0,34 € / unidad)","PricePerUnit":0.34}}]}},{"ASIN":"B08297GX94","DetailPageURL":"https://www.amazon.es/dp/B08297GX94?tag=topinalambricos-21&linkCode=osi&th=1&psc=1","Images":{"Primary":{"Small":{"Height":75,"URL":"https://m.media-amazon.com/images/I/51qX3QTO0iL._SL75_.jpg","Width":75}}},"ItemInfo":{"ByLineInfo":{"Brand":{"DisplayValue":"Destination Vinyl Ltd","Label":"Brand","Locale":"es_ES"},"Manufacturer":{"DisplayValue":"Destination Vinyl ltd","Label":"Manufacturer","Locale":"es_ES"}},"Title":{"DisplayValue":"Impresionantes pegatinas de vinilo (juego de 2) 7.5 cm – Calcomanías de marihuana con marihuana y marihuana para laptops, tabletas, equipaje, libros de recortes, regalo genial #1403114473, 23x17x1 cm","Label":"Title","Locale":"es_ES"}},"Offers":{"Summaries":[{"Condition":{"Value":"New"},"LowestPrice":{"Amount":13.75,"Currency":"EUR","DisplayAmount":"13,75 €"}}]}},{"ASIN":"B01AHJC9ZM","DetailPageURL":"https://www.amazon.es/dp/B01AHJC9ZM?tag=topinalambricos-21&linkCode=osi&th=1&psc=1","Images":{"Primary":{"Small":{"Height":75,"URL":"https://m.media-amazon.com/images/I/51W08-mMEfL._SL75_.jpg","Width":56}}},"ItemInfo":{"ByLineInfo":{"Brand":{"DisplayValue":"Charo","Label":"Brand","Locale":"es_ES"},"Manufacturer":{"DisplayValue":"Charo","Label":"Manufacturer","Locale":"es_ES"}},"Title":{"DisplayValue":"Pegatinas para plantas de cannabis, 20 unidades, 1 hoja, 135 mm x 100 mm, para manualidades, fiesta infantil, aspecto metálico","Label":"Title","Locale":"es_ES"}},"Offers":{"Summaries":[{"Condition":{"Value":"New"},"LowestPrice":{"Amount":2.99,"Currency":"EUR","DisplayAmount":"2,99 €"}}]}},{"ASIN":"B08K86S5L7","DetailPageURL":"https://www.amazon.es/dp/B08K86S5L7?tag=topinalambricos-21&linkCode=osi&th=1&psc=1","Images":{"Primary":{"Small":{"Height":52,"URL":"https://m.media-amazon.com/images/I/51aHVyxgnoL._SL75_.jpg","Width":75}}},"ItemInfo":{"ByLineInfo":{"Brand":{"DisplayValue":"Generisch","Label":"Brand","Locale":"es_ES"},"Manufacturer":{"DisplayValue":"Stickerfreaks","Label":"Manufacturer","Locale":"es_ES"}},"Title":{"DisplayValue":"Marihuana - Pegatinas para plantas (14 x 12 cm), diseño de flores","Label":"Title","Locale":"es_ES"}},"Offers":{"Summaries":[{"Condition":{"Value":"New"},"LowestPrice":{"Amount":4.75,"Currency":"EUR","DisplayAmount":"4,75 €"}}]}},{"ASIN":"B0BGC46S4R","DetailPageURL":"https://www.amazon.es/dp/B0BGC46S4R?tag=topinalambricos-21&linkCode=osi&th=1&psc=1","Images":{"Primary":{"Small":{"Height":75,"URL":"https://m.media-amazon.com/images/I/61gdoEUtbYL._SL75_.jpg","Width":75}}},"ItemInfo":{"ByLineInfo":{"Brand":{"DisplayValue":"QJFHURB","Label":"Brand","Locale":"es_ES"},"Manufacturer":{"DisplayValue":"QJFHURB","Label":"Manufacturer","Locale":"es_ES"}},"Title":{"DisplayValue":"Pegatinas De Marcas 251 piezas Pack Pegatinas Skate Pegatina Vinilo Chulas Famosas Stickers Decorativas Stikers Portatil Pegatina Vinilo para Ordenador Maletas Coche Moto Casco Bicicletas","Label":"Title","Locale":"es_ES"}},"Offers":{"Summaries":[{"Condition":{"Value":"New"},"LowestPrice":{"Amount":11.99,"Currency":"EUR","DisplayAmount":"11,99 € (6,00 € / unidad)","PricePerUnit":6.0}}]}},{"ASIN":"B09PBK5X2D","DetailPageURL":"https://www.amazon.es/dp/B09PBK5X2D?tag=topinalambricos-21&linkCode=osi&th=1&psc=1","Images":{"Primary":{"Small":{"Height":75,"URL":"https://m.media-amazon.com/images/I/61BcnLW1KXL._SL75_.jpg","Width":75}}},"ItemInfo":{"ByLineInfo":{"Brand":{"DisplayValue":"ACTTGGJ","Label":"Brand","Locale":"es_ES"},"Manufacturer":{"DisplayValue":"ACTTGGJ","Label":"Manufacturer","Locale":"es_ES"}},"Title":{"DisplayValue":"Pegatinas 100 Piezas Paquete de Pegatinas para Computadora Portátil Pegatinas de Vinilo Graffiti Sticker de Moda Pegatinas Geniales para Snowboard, Motocicleta,Guitarra Botella de Agua, Cuaderno","Label":"Title","Locale":"es_ES"}},"Offers":{"Summaries":[{"Condition":{"Value":"New"},"LowestPrice":{"Amount":9.99,"Currency":"EUR","DisplayAmount":"9,99 € (0,10 € / unidad)","PricePerUnit":0.1}}]}},{"ASIN":"B086J5TC35","DetailPageURL":"https://www.amazon.es/dp/B086J5TC35?tag=topinalambricos-21&linkCode=osi&th=1&psc=1","Images":{"Primary":{"Small":{"Height":75,"URL":"https://m.media-amazon.com/images/I/51M4O8NICOL._SL75_.jpg","Width":75}}},"ItemInfo":{"ByLineInfo":{"Brand":{"DisplayValue":"Destination Vinyl Ltd","Label":"Brand","Locale":"es_ES"},"Manufacturer":{"DisplayValue":"Destination Vinyl Ltd","Label":"Manufacturer","Locale":"es_ES"}},"Title":{"DisplayValue":"2 pegatinas de vinilo divertidas de 10 cm, diseño de marihuana de broma, cannabis y marihuana 10cm Wide","Label":"Title","Locale":"es_ES"}},"Offers":{"Summaries":[{"Condition":{"Value":"New"},"LowestPrice":{"Amount":13.02,"Currency":"EUR","DisplayAmount":"13,02 €"}}]}}],"SearchURL":"https://www.amazon.es/s?k=pegatinas+marihuana&rh=n%3A4358418031%2Cp_n_availability%3A-1&tag=topinalambricos-21&linkCode=osi","TotalResultCount":53}},"38":{"SearchResult":{"Items":[{"ASIN":"B0C6LPS2FS","DetailPageURL":"https://www.amazon.es/dp/B0C6LPS2FS?tag=topinalambricos-21&linkCode=osi&th=1&psc=1","Images":{"Primary":{"Small":{"Height":75,"URL":"https://m.media-amazon.com/images/I/61saj5jsPiL._SL75_.jpg","Width":75}}},"ItemInfo":{"ByLineInfo":{"Brand":{"DisplayValue":"NEULEBEN","Label":"Brand","Locale":"es_ES"}},"Title":{"DisplayValue":"Pegatinas divertidas de hierba, 150 pegatinas de dibujos animados de hojas de marihuana para adolescentes y adultos, pegatinas impermeables de vinilo de hojas mixtas, álbum de recortes y guitarra","Label":"Title","Locale":"es_ES"}},"Offers":{"Summaries":[{"Condition":{"Value":"New"},"LowestPrice":{"Amount":10.99,"Currency":"EUR","DisplayAmount":"10,99 €"}}]}},{"ASIN":"B0BMVH4J88","DetailPageURL":"https://www.amazon.es/dp/B0BMVH4J88?tag=topinalambricos-21&linkCode=osi&th=1&psc=1","Images":{"Primary":{"Small":{"Height":75,"URL":"https://m.media-amazon.com/images/I/61tGBZudfIL._SL75_.jpg","Width":75}}},"ItemInfo":{"ByLineInfo":{"Brand":{"DisplayValue":"AYODPE","Label":"Brand","Locale":"es_ES"},"Manufacturer":{"DisplayValue":"AYODPE","Label":"Manufacturer","Locale":"es_ES"}},"Title":{"DisplayValue":"AYODPE 100 pegatinas de malas hierbas, vinilo resistente al agua para bricolaje, portátil, equipaje, frigorífico, monopatín, coche, moto, bicicleta, pegatinas de marihuana, juego de pegatinas","Label":"Title","Locale":"es_ES"}},"Offers":{"Summaries":[{"Condition":{"Value":"New"},"LowestPrice":{"Amount":11.97,"Currency":"EUR","DisplayAmount":"11,97 € (0,12 € / unidad)","PricePerUnit":0.12}},{"Condition":{"Value":"Used"},"LowestPrice":{"Amount":8.52,"Currency":"EUR","DisplayAmount":"8,52 € (0,09 € / unidad)","PricePerUnit":0.09}}]}},{"ASIN":"B0C8ZF6PDL","DetailPageURL":"https://www.amazon.es/dp/B0C8ZF6PDL?tag=topinalambricos-21&linkCode=osi&th=1&psc=1","Images":{"Primary":{"Small":{"Height":75,"URL":"https://m.media-amazon.com/images/I/51nhVepA96L._SL75_.jpg","Width":75}}},"ItemInfo":{"ByLineInfo":{"Brand":{"DisplayValue":"AK Giftshop","Label":"Brand","Locale":"es_ES"},"Manufacturer":{"DisplayValue":"AK Giftshop","Label":"Manufacturer","Locale":"es_ES"}},"Title":{"DisplayValue":"Pegatinas personalizables con temática de hojas de marihuana de cannabis, etiquetas personalizadas, decoraciones para fiestas, cumpleaños, celebraciones (48 pegatinas)","Label":"Title","Locale":"es_ES"}},"Offers":{"Summaries":[{"Condition":{"Value":"New"},"LowestPrice":{"Amount":5.82,"Currency":"EUR","DisplayAmount":"5,82 €"}}]}},{"ASIN":"B09T8PK6GY","DetailPageURL":"https://www.amazon.es/dp/B09T8PK6GY?tag=topinalambricos-21&linkCode=osi&th=1&psc=1","Images":{"Primary":{"Small":{"Height":75,"URL":"https://m.media-amazon.com/images/I/51tneD1zs9L._SL75_.jpg","Width":75}}},"ItemInfo":{"ByLineInfo":{"Brand":{"DisplayValue":"HNTR","Label":"Brand","Locale":"es_ES"},"Manufacturer":{"DisplayValue":"HNTR","Label":"Manufacturer","Locale":"es_ES"}},"Title":{"DisplayValue":"HNTR Pegatinas de cannabis Weed Get High – Paquete de pegatinas de vinilo Mega Diversión y creatividad para álbumes de recortes","Label":"Title","Locale":"es_ES"}},"Offers":{"Summaries":[{"Condition":{"Value":"New"},"LowestPrice":{"Amount":17.17,"Currency":"EUR","DisplayAmount":"17,17 € (0,34 € / unidad)","PricePerUnit":0.34}}]}},{"ASIN":"B08297GX94","DetailPageURL":"https://www.amazon.es/dp/B08297GX94?tag=topinalambricos-21&linkCode=osi&th=1&psc=1","Images":{"Primary":{"Small":{"Height":75,"URL":"https://m.media-amazon.com/images/I/51qX3QTO0iL._SL75_.jpg","Width":75}}},"ItemInfo":{"ByLineInfo":{"Brand":{"DisplayValue":"Destination Vinyl Ltd","Label":"Brand","Locale":"es_ES"},"Manufacturer":{"DisplayValue":"Destination Vinyl ltd","Label":"Manufacturer","Locale":"es_ES"}},"Title":{"DisplayValue":"Impresionantes pegatinas de vinilo (juego de 2) 7.5 cm – Calcomanías de marihuana con marihuana y marihuana para laptops, tabletas, equipaje, libros de recortes, regalo genial #1403114473, 23x17x1 cm","Label":"Title","Locale":"es_ES"}},"Offers":{"Summaries":[{"Condition":{"Value":"New"},"LowestPrice":{"Amount":13.75,"Currency":"EUR","DisplayAmount":"13,75 €"}}]}},{"ASIN":"B01AHJC9ZM","DetailPageURL":"https://www.amazon.es/dp/B01AHJC9ZM?tag=topinalambricos-21&linkCode=osi&th=1&psc=1","Images":{"Primary":{"Small":{"Height":75,"URL":"https://m.media-amazon.com/images/I/51W08-mMEfL._SL75_.jpg","Width":56}}},"ItemInfo":{"ByLineInfo":{"Brand":{"DisplayValue":"Charo","Label":"Brand","Locale":"es_ES"},"Manufacturer":{"DisplayValue":"Charo","Label":"Manufacturer","Locale":"es_ES"}},"Title":{"DisplayValue":"Pegatinas para plantas de cannabis, 20 unidades, 1 hoja, 135 mm x 100 mm, para manualidades, fiesta infantil, aspecto metálico","Label":"Title","Locale":"es_ES"}},"Offers":{"Summaries":[{"Condition":{"Value":"New"},"LowestPrice":{"Amount":2.99,"Currency":"EUR","DisplayAmount":"2,99 €"}}]}},{"ASIN":"B08K86S5L7","DetailPageURL":"https://www.amazon.es/dp/B08K86S5L7?tag=topinalambricos-21&linkCode=osi&th=1&psc=1","Images":{"Primary":{"Small":{"Height":52,"URL":"https://m.media-amazon.com/images/I/51aHVyxgnoL._SL75_.jpg","Width":75}}},"ItemInfo":{"ByLineInfo":{"Brand":{"DisplayValue":"Generisch","Label":"Brand","Locale":"es_ES"},"Manufacturer":{"DisplayValue":"Stickerfreaks","Label":"Manufacturer","Locale":"es_ES"}},"Title":{"DisplayValue":"Marihuana - Pegatinas para plantas (14 x 12 cm), diseño de flores","Label":"Title","Locale":"es_ES"}},"Offers":{"Summaries":[{"Condition":{"Value":"New"},"LowestPrice":{"Amount":4.75,"Currency":"EUR","DisplayAmount":"4,75 €"}}]}},{"ASIN":"B0BGC46S4R","DetailPageURL":"https://www.amazon.es/dp/B0BGC46S4R?tag=topinalambricos-21&linkCode=osi&th=1&psc=1","Images":{"Primary":{"Small":{"Height":75,"URL":"https://m.media-amazon.com/images/I/61gdoEUtbYL._SL75_.jpg","Width":75}}},"ItemInfo":{"ByLineInfo":{"Brand":{"DisplayValue":"QJFHURB","Label":"Brand","Locale":"es_ES"},"Manufacturer":{"DisplayValue":"QJFHURB","Label":"Manufacturer","Locale":"es_ES"}},"Title":{"DisplayValue":"Pegatinas De Marcas 251 piezas Pack Pegatinas Skate Pegatina Vinilo Chulas Famosas Stickers Decorativas Stikers Portatil Pegatina Vinilo para Ordenador Maletas Coche Moto Casco Bicicletas","Label":"Title","Locale":"es_ES"}},"Offers":{"Summaries":[{"Condition":{"Value":"New"},"LowestPrice":{"Amount":11.99,"Currency":"EUR","DisplayAmount":"11,99 € (6,00 € / unidad)","PricePerUnit":6.0}}]}},{"ASIN":"B09PBK5X2D","DetailPageURL":"https://www.amazon.es/dp/B09PBK5X2D?tag=topinalambricos-21&linkCode=osi&th=1&psc=1","Images":{"Primary":{"Small":{"Height":75,"URL":"https://m.media-amazon.com/images/I/61BcnLW1KXL._SL75_.jpg","Width":75}}},"ItemInfo":{"ByLineInfo":{"Brand":{"DisplayValue":"ACTTGGJ","Label":"Brand","Locale":"es_ES"},"Manufacturer":{"DisplayValue":"ACTTGGJ","Label":"Manufacturer","Locale":"es_ES"}},"Title":{"DisplayValue":"Pegatinas 100 Piezas Paquete de Pegatinas para Computadora Portátil Pegatinas de Vinilo Graffiti Sticker de Moda Pegatinas Geniales para Snowboard, Motocicleta,Guitarra Botella de Agua, Cuaderno","Label":"Title","Locale":"es_ES"}},"Offers":{"Summaries":[{"Condition":{"Value":"New"},"LowestPrice":{"Amount":9.99,"Currency":"EUR","DisplayAmount":"9,99 € (0,10 € / unidad)","PricePerUnit":0.1}}]}},{"ASIN":"B086J5TC35","DetailPageURL":"https://www.amazon.es/dp/B086J5TC35?tag=topinalambricos-21&linkCode=osi&th=1&psc=1","Images":{"Primary":{"Small":{"Height":75,"URL":"https://m.media-amazon.com/images/I/51M4O8NICOL._SL75_.jpg","Width":75}}},"ItemInfo":{"ByLineInfo":{"Brand":{"DisplayValue":"Destination Vinyl Ltd","Label":"Brand","Locale":"es_ES"},"Manufacturer":{"DisplayValue":"Destination Vinyl Ltd","Label":"Manufacturer","Locale":"es_ES"}},"Title":{"DisplayValue":"2 pegatinas de vinilo divertidas de 10 cm, diseño de marihuana de broma, cannabis y marihuana 10cm Wide","Label":"Title","Locale":"es_ES"}},"Offers":{"Summaries":[{"Condition":{"Value":"New"},"LowestPrice":{"Amount":13.02,"Currency":"EUR","DisplayAmount":"13,02 €"}}]}}],"SearchURL":"https://www.amazon.es/s?k=pegatinas+marihuana&rh=n%3A4358418031%2Cp_n_availability%3A-1&tag=topinalambricos-21&linkCode=osi","TotalResultCount":53}},"39":{"SearchResult":{"Items":[{"ASIN":"B0C6LPS2FS","DetailPageURL":"https://www.amazon.es/dp/B0C6LPS2FS?tag=topinalambricos-21&linkCode=osi&th=1&psc=1","Images":{"Primary":{"Small":{"Height":75,"URL":"https://m.media-amazon.com/images/I/61saj5jsPiL._SL75_.jpg","Width":75}}},"ItemInfo":{"ByLineInfo":{"Brand":{"DisplayValue":"NEULEBEN","Label":"Brand","Locale":"es_ES"}},"Title":{"DisplayValue":"Pegatinas divertidas de hierba, 150 pegatinas de dibujos animados de hojas de marihuana para adolescentes y adultos, pegatinas impermeables de vinilo de hojas mixtas, álbum de recortes y guitarra","Label":"Title","Locale":"es_ES"}},"Offers":{"Summaries":[{"Condition":{"Value":"New"},"LowestPrice":{"Amount":10.99,"Currency":"EUR","DisplayAmount":"10,99 €"}}]}},{"ASIN":"B0BMVH4J88","DetailPageURL":"https://www.amazon.es/dp/B0BMVH4J88?tag=topinalambricos-21&linkCode=osi&th=1&psc=1","Images":{"Primary":{"Small":{"Height":75,"URL":"https://m.media-amazon.com/images/I/61tGBZudfIL._SL75_.jpg","Width":75}}},"ItemInfo":{"ByLineInfo":{"Brand":{"DisplayValue":"AYODPE","Label":"Brand","Locale":"es_ES"},"Manufacturer":{"DisplayValue":"AYODPE","Label":"Manufacturer","Locale":"es_ES"}},"Title":{"DisplayValue":"AYODPE 100 pegatinas de malas hierbas, vinilo resistente al agua para bricolaje, portátil, equipaje, frigorífico, monopatín, coche, moto, bicicleta, pegatinas de marihuana, juego de pegatinas","Label":"Title","Locale":"es_ES"}},"Offers":{"Summaries":[{"Condition":{"Value":"New"},"LowestPrice":{"Amount":11.97,"Currency":"EUR","DisplayAmount":"11,97 € (0,12 € / unidad)","PricePerUnit":0.12}},{"Condition":{"Value":"Used"},"LowestPrice":{"Amount":8.52,"Currency":"EUR","DisplayAmount":"8,52 € (0,09 € / unidad)","PricePerUnit":0.09}}]}},{"ASIN":"B0C8ZF6PDL","DetailPageURL":"https://www.amazon.es/dp/B0C8ZF6PDL?tag=topinalambricos-21&linkCode=osi&th=1&psc=1","Images":{"Primary":{"Small":{"Height":75,"URL":"https://m.media-amazon.com/images/I/51nhVepA96L._SL75_.jpg","Width":75}}},"ItemInfo":{"ByLineInfo":{"Brand":{"DisplayValue":"AK Giftshop","Label":"Brand","Locale":"es_ES"},"Manufacturer":{"DisplayValue":"AK Giftshop","Label":"Manufacturer","Locale":"es_ES"}},"Title":{"DisplayValue":"Pegatinas personalizables con temática de hojas de marihuana de cannabis, etiquetas personalizadas, decoraciones para fiestas, cumpleaños, celebraciones (48 pegatinas)","Label":"Title","Locale":"es_ES"}},"Offers":{"Summaries":[{"Condition":{"Value":"New"},"LowestPrice":{"Amount":5.82,"Currency":"EUR","DisplayAmount":"5,82 €"}}]}},{"ASIN":"B09T8PK6GY","DetailPageURL":"https://www.amazon.es/dp/B09T8PK6GY?tag=topinalambricos-21&linkCode=osi&th=1&psc=1","Images":{"Primary":{"Small":{"Height":75,"URL":"https://m.media-amazon.com/images/I/51tneD1zs9L._SL75_.jpg","Width":75}}},"ItemInfo":{"ByLineInfo":{"Brand":{"DisplayValue":"HNTR","Label":"Brand","Locale":"es_ES"},"Manufacturer":{"DisplayValue":"HNTR","Label":"Manufacturer","Locale":"es_ES"}},"Title":{"DisplayValue":"HNTR Pegatinas de cannabis Weed Get High – Paquete de pegatinas de vinilo Mega Diversión y creatividad para álbumes de recortes","Label":"Title","Locale":"es_ES"}},"Offers":{"Summaries":[{"Condition":{"Value":"New"},"LowestPrice":{"Amount":17.17,"Currency":"EUR","DisplayAmount":"17,17 € (0,34 € / unidad)","PricePerUnit":0.34}}]}},{"ASIN":"B08297GX94","DetailPageURL":"https://www.amazon.es/dp/B08297GX94?tag=topinalambricos-21&linkCode=osi&th=1&psc=1","Images":{"Primary":{"Small":{"Height":75,"URL":"https://m.media-amazon.com/images/I/51qX3QTO0iL._SL75_.jpg","Width":75}}},"ItemInfo":{"ByLineInfo":{"Brand":{"DisplayValue":"Destination Vinyl Ltd","Label":"Brand","Locale":"es_ES"},"Manufacturer":{"DisplayValue":"Destination Vinyl ltd","Label":"Manufacturer","Locale":"es_ES"}},"Title":{"DisplayValue":"Impresionantes pegatinas de vinilo (juego de 2) 7.5 cm – Calcomanías de marihuana con marihuana y marihuana para laptops, tabletas, equipaje, libros de recortes, regalo genial #1403114473, 23x17x1 cm","Label":"Title","Locale":"es_ES"}},"Offers":{"Summaries":[{"Condition":{"Value":"New"},"LowestPrice":{"Amount":13.75,"Currency":"EUR","DisplayAmount":"13,75 €"}}]}},{"ASIN":"B01AHJC9ZM","DetailPageURL":"https://www.amazon.es/dp/B01AHJC9ZM?tag=topinalambricos-21&linkCode=osi&th=1&psc=1","Images":{"Primary":{"Small":{"Height":75,"URL":"https://m.media-amazon.com/images/I/51W08-mMEfL._SL75_.jpg","Width":56}}},"ItemInfo":{"ByLineInfo":{"Brand":{"DisplayValue":"Charo","Label":"Brand","Locale":"es_ES"},"Manufacturer":{"DisplayValue":"Charo","Label":"Manufacturer","Locale":"es_ES"}},"Title":{"DisplayValue":"Pegatinas para plantas de cannabis, 20 unidades, 1 hoja, 135 mm x 100 mm, para manualidades, fiesta infantil, aspecto metálico","Label":"Title","Locale":"es_ES"}},"Offers":{"Summaries":[{"Condition":{"Value":"New"},"LowestPrice":{"Amount":2.99,"Currency":"EUR","DisplayAmount":"2,99 €"}}]}},{"ASIN":"B08K86S5L7","DetailPageURL":"https://www.amazon.es/dp/B08K86S5L7?tag=topinalambricos-21&linkCode=osi&th=1&psc=1","Images":{"Primary":{"Small":{"Height":52,"URL":"https://m.media-amazon.com/images/I/51aHVyxgnoL._SL75_.jpg","Width":75}}},"ItemInfo":{"ByLineInfo":{"Brand":{"DisplayValue":"Generisch","Label":"Brand","Locale":"es_ES"},"Manufacturer":{"DisplayValue":"Stickerfreaks","Label":"Manufacturer","Locale":"es_ES"}},"Title":{"DisplayValue":"Marihuana - Pegatinas para plantas (14 x 12 cm), diseño de flores","Label":"Title","Locale":"es_ES"}},"Offers":{"Summaries":[{"Condition":{"Value":"New"},"LowestPrice":{"Amount":4.75,"Currency":"EUR","DisplayAmount":"4,75 €"}}]}},{"ASIN":"B0BGC46S4R","DetailPageURL":"https://www.amazon.es/dp/B0BGC46S4R?tag=topinalambricos-21&linkCode=osi&th=1&psc=1","Images":{"Primary":{"Small":{"Height":75,"URL":"https://m.media-amazon.com/images/I/61gdoEUtbYL._SL75_.jpg","Width":75}}},"ItemInfo":{"ByLineInfo":{"Brand":{"DisplayValue":"QJFHURB","Label":"Brand","Locale":"es_ES"},"Manufacturer":{"DisplayValue":"QJFHURB","Label":"Manufacturer","Locale":"es_ES"}},"Title":{"DisplayValue":"Pegatinas De Marcas 251 piezas Pack Pegatinas Skate Pegatina Vinilo Chulas Famosas Stickers Decorativas Stikers Portatil Pegatina Vinilo para Ordenador Maletas Coche Moto Casco Bicicletas","Label":"Title","Locale":"es_ES"}},"Offers":{"Summaries":[{"Condition":{"Value":"New"},"LowestPrice":{"Amount":11.99,"Currency":"EUR","DisplayAmount":"11,99 € (6,00 € / unidad)","PricePerUnit":6.0}}]}},{"ASIN":"B09PBK5X2D","DetailPageURL":"https://www.amazon.es/dp/B09PBK5X2D?tag=topinalambricos-21&linkCode=osi&th=1&psc=1","Images":{"Primary":{"Small":{"Height":75,"URL":"https://m.media-amazon.com/images/I/61BcnLW1KXL._SL75_.jpg","Width":75}}},"ItemInfo":{"ByLineInfo":{"Brand":{"DisplayValue":"ACTTGGJ","Label":"Brand","Locale":"es_ES"},"Manufacturer":{"DisplayValue":"ACTTGGJ","Label":"Manufacturer","Locale":"es_ES"}},"Title":{"DisplayValue":"Pegatinas 100 Piezas Paquete de Pegatinas para Computadora Portátil Pegatinas de Vinilo Graffiti Sticker de Moda Pegatinas Geniales para Snowboard, Motocicleta,Guitarra Botella de Agua, Cuaderno","Label":"Title","Locale":"es_ES"}},"Offers":{"Summaries":[{"Condition":{"Value":"New"},"LowestPrice":{"Amount":9.99,"Currency":"EUR","DisplayAmount":"9,99 € (0,10 € / unidad)","PricePerUnit":0.1}}]}},{"ASIN":"B086J5TC35","DetailPageURL":"https://www.amazon.es/dp/B086J5TC35?tag=topinalambricos-21&linkCode=osi&th=1&psc=1","Images":{"Primary":{"Small":{"Height":75,"URL":"https://m.media-amazon.com/images/I/51M4O8NICOL._SL75_.jpg","Width":75}}},"ItemInfo":{"ByLineInfo":{"Brand":{"DisplayValue":"Destination Vinyl Ltd","Label":"Brand","Locale":"es_ES"},"Manufacturer":{"DisplayValue":"Destination Vinyl Ltd","Label":"Manufacturer","Locale":"es_ES"}},"Title":{"DisplayValue":"2 pegatinas de vinilo divertidas de 10 cm, diseño de marihuana de broma, cannabis y marihuana 10cm Wide","Label":"Title","Locale":"es_ES"}},"Offers":{"Summaries":[{"Condition":{"Value":"New"},"LowestPrice":{"Amount":13.02,"Currency":"EUR","DisplayAmount":"13,02 €"}}]}}],"SearchURL":"https://www.amazon.es/s?k=pegatinas+marihuana&rh=n%3A4358418031%2Cp_n_availability%3A-1&tag=topinalambricos-21&linkCode=osi","TotalResultCount":53}},"40":{"SearchResult":{"Items":[{"ASIN":"B0C6LPS2FS","DetailPageURL":"https://www.amazon.es/dp/B0C6LPS2FS?tag=topinalambricos-21&linkCode=osi&th=1&psc=1","Images":{"Primary":{"Small":{"Height":75,"URL":"https://m.media-amazon.com/images/I/61saj5jsPiL._SL75_.jpg","Width":75}}},"ItemInfo":{"ByLineInfo":{"Brand":{"DisplayValue":"NEULEBEN","Label":"Brand","Locale":"es_ES"}},"Title":{"DisplayValue":"Pegatinas divertidas de hierba, 150 pegatinas de dibujos animados de hojas de marihuana para adolescentes y adultos, pegatinas impermeables de vinilo de hojas mixtas, álbum de recortes y guitarra","Label":"Title","Locale":"es_ES"}},"Offers":{"Summaries":[{"Condition":{"Value":"New"},"LowestPrice":{"Amount":10.99,"Currency":"EUR","DisplayAmount":"10,99 €"}}]}},{"ASIN":"B0BMVH4J88","DetailPageURL":"https://www.amazon.es/dp/B0BMVH4J88?tag=topinalambricos-21&linkCode=osi&th=1&psc=1","Images":{"Primary":{"Small":{"Height":75,"URL":"https://m.media-amazon.com/images/I/61tGBZudfIL._SL75_.jpg","Width":75}}},"ItemInfo":{"ByLineInfo":{"Brand":{"DisplayValue":"AYODPE","Label":"Brand","Locale":"es_ES"},"Manufacturer":{"DisplayValue":"AYODPE","Label":"Manufacturer","Locale":"es_ES"}},"Title":{"DisplayValue":"AYODPE 100 pegatinas de malas hierbas, vinilo resistente al agua para bricolaje, portátil, equipaje, frigorífico, monopatín, coche, moto, bicicleta, pegatinas de marihuana, juego de pegatinas","Label":"Title","Locale":"es_ES"}},"Offers":{"Summaries":[{"Condition":{"Value":"New"},"LowestPrice":{"Amount":11.97,"Currency":"EUR","DisplayAmount":"11,97 € (0,12 € / unidad)","PricePerUnit":0.12}},{"Condition":{"Value":"Used"},"LowestPrice":{"Amount":8.52,"Currency":"EUR","DisplayAmount":"8,52 € (0,09 € / unidad)","PricePerUnit":0.09}}]}},{"ASIN":"B0C8ZF6PDL","DetailPageURL":"https://www.amazon.es/dp/B0C8ZF6PDL?tag=topinalambricos-21&linkCode=osi&th=1&psc=1","Images":{"Primary":{"Small":{"Height":75,"URL":"https://m.media-amazon.com/images/I/51nhVepA96L._SL75_.jpg","Width":75}}},"ItemInfo":{"ByLineInfo":{"Brand":{"DisplayValue":"AK Giftshop","Label":"Brand","Locale":"es_ES"},"Manufacturer":{"DisplayValue":"AK Giftshop","Label":"Manufacturer","Locale":"es_ES"}},"Title":{"DisplayValue":"Pegatinas personalizables con temática de hojas de marihuana de cannabis, etiquetas personalizadas, decoraciones para fiestas, cumpleaños, celebraciones (48 pegatinas)","Label":"Title","Locale":"es_ES"}},"Offers":{"Summaries":[{"Condition":{"Value":"New"},"LowestPrice":{"Amount":5.82,"Currency":"EUR","DisplayAmount":"5,82 €"}}]}},{"ASIN":"B09T8PK6GY","DetailPageURL":"https://www.amazon.es/dp/B09T8PK6GY?tag=topinalambricos-21&linkCode=osi&th=1&psc=1","Images":{"Primary":{"Small":{"Height":75,"URL":"https://m.media-amazon.com/images/I/51tneD1zs9L._SL75_.jpg","Width":75}}},"ItemInfo":{"ByLineInfo":{"Brand":{"DisplayValue":"HNTR","Label":"Brand","Locale":"es_ES"},"Manufacturer":{"DisplayValue":"HNTR","Label":"Manufacturer","Locale":"es_ES"}},"Title":{"DisplayValue":"HNTR Pegatinas de cannabis Weed Get High – Paquete de pegatinas de vinilo Mega Diversión y creatividad para álbumes de recortes","Label":"Title","Locale":"es_ES"}},"Offers":{"Summaries":[{"Condition":{"Value":"New"},"LowestPrice":{"Amount":17.17,"Currency":"EUR","DisplayAmount":"17,17 € (0,34 € / unidad)","PricePerUnit":0.34}}]}},{"ASIN":"B08297GX94","DetailPageURL":"https://www.amazon.es/dp/B08297GX94?tag=topinalambricos-21&linkCode=osi&th=1&psc=1","Images":{"Primary":{"Small":{"Height":75,"URL":"https://m.media-amazon.com/images/I/51qX3QTO0iL._SL75_.jpg","Width":75}}},"ItemInfo":{"ByLineInfo":{"Brand":{"DisplayValue":"Destination Vinyl Ltd","Label":"Brand","Locale":"es_ES"},"Manufacturer":{"DisplayValue":"Destination Vinyl ltd","Label":"Manufacturer","Locale":"es_ES"}},"Title":{"DisplayValue":"Impresionantes pegatinas de vinilo (juego de 2) 7.5 cm – Calcomanías de marihuana con marihuana y marihuana para laptops, tabletas, equipaje, libros de recortes, regalo genial #1403114473, 23x17x1 cm","Label":"Title","Locale":"es_ES"}},"Offers":{"Summaries":[{"Condition":{"Value":"New"},"LowestPrice":{"Amount":13.75,"Currency":"EUR","DisplayAmount":"13,75 €"}}]}},{"ASIN":"B01AHJC9ZM","DetailPageURL":"https://www.amazon.es/dp/B01AHJC9ZM?tag=topinalambricos-21&linkCode=osi&th=1&psc=1","Images":{"Primary":{"Small":{"Height":75,"URL":"https://m.media-amazon.com/images/I/51W08-mMEfL._SL75_.jpg","Width":56}}},"ItemInfo":{"ByLineInfo":{"Brand":{"DisplayValue":"Charo","Label":"Brand","Locale":"es_ES"},"Manufacturer":{"DisplayValue":"Charo","Label":"Manufacturer","Locale":"es_ES"}},"Title":{"DisplayValue":"Pegatinas para plantas de cannabis, 20 unidades, 1 hoja, 135 mm x 100 mm, para manualidades, fiesta infantil, aspecto metálico","Label":"Title","Locale":"es_ES"}},"Offers":{"Summaries":[{"Condition":{"Value":"New"},"LowestPrice":{"Amount":2.99,"Currency":"EUR","DisplayAmount":"2,99 €"}}]}},{"ASIN":"B08K86S5L7","DetailPageURL":"https://www.amazon.es/dp/B08K86S5L7?tag=topinalambricos-21&linkCode=osi&th=1&psc=1","Images":{"Primary":{"Small":{"Height":52,"URL":"https://m.media-amazon.com/images/I/51aHVyxgnoL._SL75_.jpg","Width":75}}},"ItemInfo":{"ByLineInfo":{"Brand":{"DisplayValue":"Generisch","Label":"Brand","Locale":"es_ES"},"Manufacturer":{"DisplayValue":"Stickerfreaks","Label":"Manufacturer","Locale":"es_ES"}},"Title":{"DisplayValue":"Marihuana - Pegatinas para plantas (14 x 12 cm), diseño de flores","Label":"Title","Locale":"es_ES"}},"Offers":{"Summaries":[{"Condition":{"Value":"New"},"LowestPrice":{"Amount":4.75,"Currency":"EUR","DisplayAmount":"4,75 €"}}]}},{"ASIN":"B0BGC46S4R","DetailPageURL":"https://www.amazon.es/dp/B0BGC46S4R?tag=topinalambricos-21&linkCode=osi&th=1&psc=1","Images":{"Primary":{"Small":{"Height":75,"URL":"https://m.media-amazon.com/images/I/61gdoEUtbYL._SL75_.jpg","Width":75}}},"ItemInfo":{"ByLineInfo":{"Brand":{"DisplayValue":"QJFHURB","Label":"Brand","Locale":"es_ES"},"Manufacturer":{"DisplayValue":"QJFHURB","Label":"Manufacturer","Locale":"es_ES"}},"Title":{"DisplayValue":"Pegatinas De Marcas 251 piezas Pack Pegatinas Skate Pegatina Vinilo Chulas Famosas Stickers Decorativas Stikers Portatil Pegatina Vinilo para Ordenador Maletas Coche Moto Casco Bicicletas","Label":"Title","Locale":"es_ES"}},"Offers":{"Summaries":[{"Condition":{"Value":"New"},"LowestPrice":{"Amount":11.99,"Currency":"EUR","DisplayAmount":"11,99 € (6,00 € / unidad)","PricePerUnit":6.0}}]}},{"ASIN":"B09PBK5X2D","DetailPageURL":"https://www.amazon.es/dp/B09PBK5X2D?tag=topinalambricos-21&linkCode=osi&th=1&psc=1","Images":{"Primary":{"Small":{"Height":75,"URL":"https://m.media-amazon.com/images/I/61BcnLW1KXL._SL75_.jpg","Width":75}}},"ItemInfo":{"ByLineInfo":{"Brand":{"DisplayValue":"ACTTGGJ","Label":"Brand","Locale":"es_ES"},"Manufacturer":{"DisplayValue":"ACTTGGJ","Label":"Manufacturer","Locale":"es_ES"}},"Title":{"DisplayValue":"Pegatinas 100 Piezas Paquete de Pegatinas para Computadora Portátil Pegatinas de Vinilo Graffiti Sticker de Moda Pegatinas Geniales para Snowboard, Motocicleta,Guitarra Botella de Agua, Cuaderno","Label":"Title","Locale":"es_ES"}},"Offers":{"Summaries":[{"Condition":{"Value":"New"},"LowestPrice":{"Amount":9.99,"Currency":"EUR","DisplayAmount":"9,99 € (0,10 € / unidad)","PricePerUnit":0.1}}]}},{"ASIN":"B086J5TC35","DetailPageURL":"https://www.amazon.es/dp/B086J5TC35?tag=topinalambricos-21&linkCode=osi&th=1&psc=1","Images":{"Primary":{"Small":{"Height":75,"URL":"https://m.media-amazon.com/images/I/51M4O8NICOL._SL75_.jpg","Width":75}}},"ItemInfo":{"ByLineInfo":{"Brand":{"DisplayValue":"Destination Vinyl Ltd","Label":"Brand","Locale":"es_ES"},"Manufacturer":{"DisplayValue":"Destination Vinyl Ltd","Label":"Manufacturer","Locale":"es_ES"}},"Title":{"DisplayValue":"2 pegatinas de vinilo divertidas de 10 cm, diseño de marihuana de broma, cannabis y marihuana 10cm Wide","Label":"Title","Locale":"es_ES"}},"Offers":{"Summaries":[{"Condition":{"Value":"New"},"LowestPrice":{"Amount":13.02,"Currency":"EUR","DisplayAmount":"13,02 €"}}]}}],"SearchURL":"https://www.amazon.es/s?k=pegatinas+marihuana&rh=n%3A4358418031%2Cp_n_availability%3A-1&tag=topinalambricos-21&linkCode=osi","TotalResultCount":53}},"42":{"SearchResult":{"Items":[{"ASIN":"B0C6LPS2FS","DetailPageURL":"https://www.amazon.es/dp/B0C6LPS2FS?tag=topinalambricos-21&linkCode=osi&th=1&psc=1","Images":{"Primary":{"Small":{"Height":75,"URL":"https://m.media-amazon.com/images/I/61saj5jsPiL._SL75_.jpg","Width":75}}},"ItemInfo":{"ByLineInfo":{"Brand":{"DisplayValue":"NEULEBEN","Label":"Brand","Locale":"es_ES"}},"Title":{"DisplayValue":"Pegatinas divertidas de hierba, 150 pegatinas de dibujos animados de hojas de marihuana para adolescentes y adultos, pegatinas impermeables de vinilo de hojas mixtas, álbum de recortes y guitarra","Label":"Title","Locale":"es_ES"}},"Offers":{"Summaries":[{"Condition":{"Value":"New"},"LowestPrice":{"Amount":10.99,"Currency":"EUR","DisplayAmount":"10,99 €"}}]}},{"ASIN":"B0BMVH4J88","DetailPageURL":"https://www.amazon.es/dp/B0BMVH4J88?tag=topinalambricos-21&linkCode=osi&th=1&psc=1","Images":{"Primary":{"Small":{"Height":75,"URL":"https://m.media-amazon.com/images/I/61tGBZudfIL._SL75_.jpg","Width":75}}},"ItemInfo":{"ByLineInfo":{"Brand":{"DisplayValue":"AYODPE","Label":"Brand","Locale":"es_ES"},"Manufacturer":{"DisplayValue":"AYODPE","Label":"Manufacturer","Locale":"es_ES"}},"Title":{"DisplayValue":"AYODPE 100 pegatinas de malas hierbas, vinilo resistente al agua para bricolaje, portátil, equipaje, frigorífico, monopatín, coche, moto, bicicleta, pegatinas de marihuana, juego de pegatinas","Label":"Title","Locale":"es_ES"}},"Offers":{"Summaries":[{"Condition":{"Value":"New"},"LowestPrice":{"Amount":11.97,"Currency":"EUR","DisplayAmount":"11,97 € (0,12 € / unidad)","PricePerUnit":0.12}},{"Condition":{"Value":"Used"},"LowestPrice":{"Amount":8.52,"Currency":"EUR","DisplayAmount":"8,52 € (0,09 € / unidad)","PricePerUnit":0.09}}]}},{"ASIN":"B0C8ZF6PDL","DetailPageURL":"https://www.amazon.es/dp/B0C8ZF6PDL?tag=topinalambricos-21&linkCode=osi&th=1&psc=1","Images":{"Primary":{"Small":{"Height":75,"URL":"https://m.media-amazon.com/images/I/51nhVepA96L._SL75_.jpg","Width":75}}},"ItemInfo":{"ByLineInfo":{"Brand":{"DisplayValue":"AK Giftshop","Label":"Brand","Locale":"es_ES"},"Manufacturer":{"DisplayValue":"AK Giftshop","Label":"Manufacturer","Locale":"es_ES"}},"Title":{"DisplayValue":"Pegatinas personalizables con temática de hojas de marihuana de cannabis, etiquetas personalizadas, decoraciones para fiestas, cumpleaños, celebraciones (48 pegatinas)","Label":"Title","Locale":"es_ES"}},"Offers":{"Summaries":[{"Condition":{"Value":"New"},"LowestPrice":{"Amount":5.82,"Currency":"EUR","DisplayAmount":"5,82 €"}}]}},{"ASIN":"B09T8PK6GY","DetailPageURL":"https://www.amazon.es/dp/B09T8PK6GY?tag=topinalambricos-21&linkCode=osi&th=1&psc=1","Images":{"Primary":{"Small":{"Height":75,"URL":"https://m.media-amazon.com/images/I/51tneD1zs9L._SL75_.jpg","Width":75}}},"ItemInfo":{"ByLineInfo":{"Brand":{"DisplayValue":"HNTR","Label":"Brand","Locale":"es_ES"},"Manufacturer":{"DisplayValue":"HNTR","Label":"Manufacturer","Locale":"es_ES"}},"Title":{"DisplayValue":"HNTR Pegatinas de cannabis Weed Get High – Paquete de pegatinas de vinilo Mega Diversión y creatividad para álbumes de recortes","Label":"Title","Locale":"es_ES"}},"Offers":{"Summaries":[{"Condition":{"Value":"New"},"LowestPrice":{"Amount":17.17,"Currency":"EUR","DisplayAmount":"17,17 € (0,34 € / unidad)","PricePerUnit":0.34}}]}},{"ASIN":"B08297GX94","DetailPageURL":"https://www.amazon.es/dp/B08297GX94?tag=topinalambricos-21&linkCode=osi&th=1&psc=1","Images":{"Primary":{"Small":{"Height":75,"URL":"https://m.media-amazon.com/images/I/51qX3QTO0iL._SL75_.jpg","Width":75}}},"ItemInfo":{"ByLineInfo":{"Brand":{"DisplayValue":"Destination Vinyl Ltd","Label":"Brand","Locale":"es_ES"},"Manufacturer":{"DisplayValue":"Destination Vinyl ltd","Label":"Manufacturer","Locale":"es_ES"}},"Title":{"DisplayValue":"Impresionantes pegatinas de vinilo (juego de 2) 7.5 cm – Calcomanías de marihuana con marihuana y marihuana para laptops, tabletas, equipaje, libros de recortes, regalo genial #1403114473, 23x17x1 cm","Label":"Title","Locale":"es_ES"}},"Offers":{"Summaries":[{"Condition":{"Value":"New"},"LowestPrice":{"Amount":13.75,"Currency":"EUR","DisplayAmount":"13,75 €"}}]}},{"ASIN":"B01AHJC9ZM","DetailPageURL":"https://www.amazon.es/dp/B01AHJC9ZM?tag=topinalambricos-21&linkCode=osi&th=1&psc=1","Images":{"Primary":{"Small":{"Height":75,"URL":"https://m.media-amazon.com/images/I/51W08-mMEfL._SL75_.jpg","Width":56}}},"ItemInfo":{"ByLineInfo":{"Brand":{"DisplayValue":"Charo","Label":"Brand","Locale":"es_ES"},"Manufacturer":{"DisplayValue":"Charo","Label":"Manufacturer","Locale":"es_ES"}},"Title":{"DisplayValue":"Pegatinas para plantas de cannabis, 20 unidades, 1 hoja, 135 mm x 100 mm, para manualidades, fiesta infantil, aspecto metálico","Label":"Title","Locale":"es_ES"}},"Offers":{"Summaries":[{"Condition":{"Value":"New"},"LowestPrice":{"Amount":2.99,"Currency":"EUR","DisplayAmount":"2,99 €"}}]}},{"ASIN":"B08K86S5L7","DetailPageURL":"https://www.amazon.es/dp/B08K86S5L7?tag=topinalambricos-21&linkCode=osi&th=1&psc=1","Images":{"Primary":{"Small":{"Height":52,"URL":"https://m.media-amazon.com/images/I/51aHVyxgnoL._SL75_.jpg","Width":75}}},"ItemInfo":{"ByLineInfo":{"Brand":{"DisplayValue":"Generisch","Label":"Brand","Locale":"es_ES"},"Manufacturer":{"DisplayValue":"Stickerfreaks","Label":"Manufacturer","Locale":"es_ES"}},"Title":{"DisplayValue":"Marihuana - Pegatinas para plantas (14 x 12 cm), diseño de flores","Label":"Title","Locale":"es_ES"}},"Offers":{"Summaries":[{"Condition":{"Value":"New"},"LowestPrice":{"Amount":4.75,"Currency":"EUR","DisplayAmount":"4,75 €"}}]}},{"ASIN":"B0BGC46S4R","DetailPageURL":"https://www.amazon.es/dp/B0BGC46S4R?tag=topinalambricos-21&linkCode=osi&th=1&psc=1","Images":{"Primary":{"Small":{"Height":75,"URL":"https://m.media-amazon.com/images/I/61gdoEUtbYL._SL75_.jpg","Width":75}}},"ItemInfo":{"ByLineInfo":{"Brand":{"DisplayValue":"QJFHURB","Label":"Brand","Locale":"es_ES"},"Manufacturer":{"DisplayValue":"QJFHURB","Label":"Manufacturer","Locale":"es_ES"}},"Title":{"DisplayValue":"Pegatinas De Marcas 251 piezas Pack Pegatinas Skate Pegatina Vinilo Chulas Famosas Stickers Decorativas Stikers Portatil Pegatina Vinilo para Ordenador Maletas Coche Moto Casco Bicicletas","Label":"Title","Locale":"es_ES"}},"Offers":{"Summaries":[{"Condition":{"Value":"New"},"LowestPrice":{"Amount":11.99,"Currency":"EUR","DisplayAmount":"11,99 € (6,00 € / unidad)","PricePerUnit":6.0}}]}},{"ASIN":"B09PBK5X2D","DetailPageURL":"https://www.amazon.es/dp/B09PBK5X2D?tag=topinalambricos-21&linkCode=osi&th=1&psc=1","Images":{"Primary":{"Small":{"Height":75,"URL":"https://m.media-amazon.com/images/I/61BcnLW1KXL._SL75_.jpg","Width":75}}},"ItemInfo":{"ByLineInfo":{"Brand":{"DisplayValue":"ACTTGGJ","Label":"Brand","Locale":"es_ES"},"Manufacturer":{"DisplayValue":"ACTTGGJ","Label":"Manufacturer","Locale":"es_ES"}},"Title":{"DisplayValue":"Pegatinas 100 Piezas Paquete de Pegatinas para Computadora Portátil Pegatinas de Vinilo Graffiti Sticker de Moda Pegatinas Geniales para Snowboard, Motocicleta,Guitarra Botella de Agua, Cuaderno","Label":"Title","Locale":"es_ES"}},"Offers":{"Summaries":[{"Condition":{"Value":"New"},"LowestPrice":{"Amount":9.99,"Currency":"EUR","DisplayAmount":"9,99 € (0,10 € / unidad)","PricePerUnit":0.1}}]}},{"ASIN":"B086J5TC35","DetailPageURL":"https://www.amazon.es/dp/B086J5TC35?tag=topinalambricos-21&linkCode=osi&th=1&psc=1","Images":{"Primary":{"Small":{"Height":75,"URL":"https://m.media-amazon.com/images/I/51M4O8NICOL._SL75_.jpg","Width":75}}},"ItemInfo":{"ByLineInfo":{"Brand":{"DisplayValue":"Destination Vinyl Ltd","Label":"Brand","Locale":"es_ES"},"Manufacturer":{"DisplayValue":"Destination Vinyl Ltd","Label":"Manufacturer","Locale":"es_ES"}},"Title":{"DisplayValue":"2 pegatinas de vinilo divertidas de 10 cm, diseño de marihuana de broma, cannabis y marihuana 10cm Wide","Label":"Title","Locale":"es_ES"}},"Offers":{"Summaries":[{"Condition":{"Value":"New"},"LowestPrice":{"Amount":13.02,"Currency":"EUR","DisplayAmount":"13,02 €"}}]}}],"SearchURL":"https://www.amazon.es/s?k=pegatinas+marihuana&rh=n%3A4358418031%2Cp_n_availability%3A-1&tag=topinalambricos-21&linkCode=osi","TotalResultCount":53}},"44":{"SearchResult":{"Items":[{"ASIN":"B0C6LPS2FS","DetailPageURL":"https://www.amazon.es/dp/B0C6LPS2FS?tag=topinalambricos-21&linkCode=osi&th=1&psc=1","Images":{"Primary":{"Small":{"Height":75,"URL":"https://m.media-amazon.com/images/I/61saj5jsPiL._SL75_.jpg","Width":75}}},"ItemInfo":{"ByLineInfo":{"Brand":{"DisplayValue":"NEULEBEN","Label":"Brand","Locale":"es_ES"}},"Title":{"DisplayValue":"Pegatinas divertidas de hierba, 150 pegatinas de dibujos animados de hojas de marihuana para adolescentes y adultos, pegatinas impermeables de vinilo de hojas mixtas, álbum de recortes y guitarra","Label":"Title","Locale":"es_ES"}},"Offers":{"Summaries":[{"Condition":{"Value":"New"},"LowestPrice":{"Amount":10.99,"Currency":"EUR","DisplayAmount":"10,99 €"}}]}},{"ASIN":"B0BMVH4J88","DetailPageURL":"https://www.amazon.es/dp/B0BMVH4J88?tag=topinalambricos-21&linkCode=osi&th=1&psc=1","Images":{"Primary":{"Small":{"Height":75,"URL":"https://m.media-amazon.com/images/I/61tGBZudfIL._SL75_.jpg","Width":75}}},"ItemInfo":{"ByLineInfo":{"Brand":{"DisplayValue":"AYODPE","Label":"Brand","Locale":"es_ES"},"Manufacturer":{"DisplayValue":"AYODPE","Label":"Manufacturer","Locale":"es_ES"}},"Title":{"DisplayValue":"AYODPE 100 pegatinas de malas hierbas, vinilo resistente al agua para bricolaje, portátil, equipaje, frigorífico, monopatín, coche, moto, bicicleta, pegatinas de marihuana, juego de pegatinas","Label":"Title","Locale":"es_ES"}},"Offers":{"Summaries":[{"Condition":{"Value":"New"},"LowestPrice":{"Amount":11.97,"Currency":"EUR","DisplayAmount":"11,97 € (0,12 € / unidad)","PricePerUnit":0.12}},{"Condition":{"Value":"Used"},"LowestPrice":{"Amount":8.52,"Currency":"EUR","DisplayAmount":"8,52 € (0,09 € / unidad)","PricePerUnit":0.09}}]}},{"ASIN":"B0C8ZF6PDL","DetailPageURL":"https://www.amazon.es/dp/B0C8ZF6PDL?tag=topinalambricos-21&linkCode=osi&th=1&psc=1","Images":{"Primary":{"Small":{"Height":75,"URL":"https://m.media-amazon.com/images/I/51nhVepA96L._SL75_.jpg","Width":75}}},"ItemInfo":{"ByLineInfo":{"Brand":{"DisplayValue":"AK Giftshop","Label":"Brand","Locale":"es_ES"},"Manufacturer":{"DisplayValue":"AK Giftshop","Label":"Manufacturer","Locale":"es_ES"}},"Title":{"DisplayValue":"Pegatinas personalizables con temática de hojas de marihuana de cannabis, etiquetas personalizadas, decoraciones para fiestas, cumpleaños, celebraciones (48 pegatinas)","Label":"Title","Locale":"es_ES"}},"Offers":{"Summaries":[{"Condition":{"Value":"New"},"LowestPrice":{"Amount":5.82,"Currency":"EUR","DisplayAmount":"5,82 €"}}]}},{"ASIN":"B09T8PK6GY","DetailPageURL":"https://www.amazon.es/dp/B09T8PK6GY?tag=topinalambricos-21&linkCode=osi&th=1&psc=1","Images":{"Primary":{"Small":{"Height":75,"URL":"https://m.media-amazon.com/images/I/51tneD1zs9L._SL75_.jpg","Width":75}}},"ItemInfo":{"ByLineInfo":{"Brand":{"DisplayValue":"HNTR","Label":"Brand","Locale":"es_ES"},"Manufacturer":{"DisplayValue":"HNTR","Label":"Manufacturer","Locale":"es_ES"}},"Title":{"DisplayValue":"HNTR Pegatinas de cannabis Weed Get High – Paquete de pegatinas de vinilo Mega Diversión y creatividad para álbumes de recortes","Label":"Title","Locale":"es_ES"}},"Offers":{"Summaries":[{"Condition":{"Value":"New"},"LowestPrice":{"Amount":17.17,"Currency":"EUR","DisplayAmount":"17,17 € (0,34 € / unidad)","PricePerUnit":0.34}}]}},{"ASIN":"B08297GX94","DetailPageURL":"https://www.amazon.es/dp/B08297GX94?tag=topinalambricos-21&linkCode=osi&th=1&psc=1","Images":{"Primary":{"Small":{"Height":75,"URL":"https://m.media-amazon.com/images/I/51qX3QTO0iL._SL75_.jpg","Width":75}}},"ItemInfo":{"ByLineInfo":{"Brand":{"DisplayValue":"Destination Vinyl Ltd","Label":"Brand","Locale":"es_ES"},"Manufacturer":{"DisplayValue":"Destination Vinyl ltd","Label":"Manufacturer","Locale":"es_ES"}},"Title":{"DisplayValue":"Impresionantes pegatinas de vinilo (juego de 2) 7.5 cm – Calcomanías de marihuana con marihuana y marihuana para laptops, tabletas, equipaje, libros de recortes, regalo genial #1403114473, 23x17x1 cm","Label":"Title","Locale":"es_ES"}},"Offers":{"Summaries":[{"Condition":{"Value":"New"},"LowestPrice":{"Amount":13.75,"Currency":"EUR","DisplayAmount":"13,75 €"}}]}},{"ASIN":"B01AHJC9ZM","DetailPageURL":"https://www.amazon.es/dp/B01AHJC9ZM?tag=topinalambricos-21&linkCode=osi&th=1&psc=1","Images":{"Primary":{"Small":{"Height":75,"URL":"https://m.media-amazon.com/images/I/51W08-mMEfL._SL75_.jpg","Width":56}}},"ItemInfo":{"ByLineInfo":{"Brand":{"DisplayValue":"Charo","Label":"Brand","Locale":"es_ES"},"Manufacturer":{"DisplayValue":"Charo","Label":"Manufacturer","Locale":"es_ES"}},"Title":{"DisplayValue":"Pegatinas para plantas de cannabis, 20 unidades, 1 hoja, 135 mm x 100 mm, para manualidades, fiesta infantil, aspecto metálico","Label":"Title","Locale":"es_ES"}},"Offers":{"Summaries":[{"Condition":{"Value":"New"},"LowestPrice":{"Amount":2.99,"Currency":"EUR","DisplayAmount":"2,99 €"}}]}},{"ASIN":"B08K86S5L7","DetailPageURL":"https://www.amazon.es/dp/B08K86S5L7?tag=topinalambricos-21&linkCode=osi&th=1&psc=1","Images":{"Primary":{"Small":{"Height":52,"URL":"https://m.media-amazon.com/images/I/51aHVyxgnoL._SL75_.jpg","Width":75}}},"ItemInfo":{"ByLineInfo":{"Brand":{"DisplayValue":"Generisch","Label":"Brand","Locale":"es_ES"},"Manufacturer":{"DisplayValue":"Stickerfreaks","Label":"Manufacturer","Locale":"es_ES"}},"Title":{"DisplayValue":"Marihuana - Pegatinas para plantas (14 x 12 cm), diseño de flores","Label":"Title","Locale":"es_ES"}},"Offers":{"Summaries":[{"Condition":{"Value":"New"},"LowestPrice":{"Amount":4.75,"Currency":"EUR","DisplayAmount":"4,75 €"}}]}},{"ASIN":"B0BGC46S4R","DetailPageURL":"https://www.amazon.es/dp/B0BGC46S4R?tag=topinalambricos-21&linkCode=osi&th=1&psc=1","Images":{"Primary":{"Small":{"Height":75,"URL":"https://m.media-amazon.com/images/I/61gdoEUtbYL._SL75_.jpg","Width":75}}},"ItemInfo":{"ByLineInfo":{"Brand":{"DisplayValue":"QJFHURB","Label":"Brand","Locale":"es_ES"},"Manufacturer":{"DisplayValue":"QJFHURB","Label":"Manufacturer","Locale":"es_ES"}},"Title":{"DisplayValue":"Pegatinas De Marcas 251 piezas Pack Pegatinas Skate Pegatina Vinilo Chulas Famosas Stickers Decorativas Stikers Portatil Pegatina Vinilo para Ordenador Maletas Coche Moto Casco Bicicletas","Label":"Title","Locale":"es_ES"}},"Offers":{"Summaries":[{"Condition":{"Value":"New"},"LowestPrice":{"Amount":11.99,"Currency":"EUR","DisplayAmount":"11,99 € (6,00 € / unidad)","PricePerUnit":6.0}}]}},{"ASIN":"B09PBK5X2D","DetailPageURL":"https://www.amazon.es/dp/B09PBK5X2D?tag=topinalambricos-21&linkCode=osi&th=1&psc=1","Images":{"Primary":{"Small":{"Height":75,"URL":"https://m.media-amazon.com/images/I/61BcnLW1KXL._SL75_.jpg","Width":75}}},"ItemInfo":{"ByLineInfo":{"Brand":{"DisplayValue":"ACTTGGJ","Label":"Brand","Locale":"es_ES"},"Manufacturer":{"DisplayValue":"ACTTGGJ","Label":"Manufacturer","Locale":"es_ES"}},"Title":{"DisplayValue":"Pegatinas 100 Piezas Paquete de Pegatinas para Computadora Portátil Pegatinas de Vinilo Graffiti Sticker de Moda Pegatinas Geniales para Snowboard, Motocicleta,Guitarra Botella de Agua, Cuaderno","Label":"Title","Locale":"es_ES"}},"Offers":{"Summaries":[{"Condition":{"Value":"New"},"LowestPrice":{"Amount":9.99,"Currency":"EUR","DisplayAmount":"9,99 € (0,10 € / unidad)","PricePerUnit":0.1}}]}},{"ASIN":"B086J5TC35","DetailPageURL":"https://www.amazon.es/dp/B086J5TC35?tag=topinalambricos-21&linkCode=osi&th=1&psc=1","Images":{"Primary":{"Small":{"Height":75,"URL":"https://m.media-amazon.com/images/I/51M4O8NICOL._SL75_.jpg","Width":75}}},"ItemInfo":{"ByLineInfo":{"Brand":{"DisplayValue":"Destination Vinyl Ltd","Label":"Brand","Locale":"es_ES"},"Manufacturer":{"DisplayValue":"Destination Vinyl Ltd","Label":"Manufacturer","Locale":"es_ES"}},"Title":{"DisplayValue":"2 pegatinas de vinilo divertidas de 10 cm, diseño de marihuana de broma, cannabis y marihuana 10cm Wide","Label":"Title","Locale":"es_ES"}},"Offers":{"Summaries":[{"Condition":{"Value":"New"},"LowestPrice":{"Amount":13.02,"Currency":"EUR","DisplayAmount":"13,02 €"}}]}}],"SearchURL":"https://www.amazon.es/s?k=pegatinas+marihuana&rh=n%3A4358418031%2Cp_n_availability%3A-1&tag=topinalambricos-21&linkCode=osi","TotalResultCount":53}},"45":{"SearchResult":{"Items":[{"ASIN":"B0C6LPS2FS","DetailPageURL":"https://www.amazon.es/dp/B0C6LPS2FS?tag=topinalambricos-21&linkCode=osi&th=1&psc=1","Images":{"Primary":{"Small":{"Height":75,"URL":"https://m.media-amazon.com/images/I/61saj5jsPiL._SL75_.jpg","Width":75}}},"ItemInfo":{"ByLineInfo":{"Brand":{"DisplayValue":"NEULEBEN","Label":"Brand","Locale":"es_ES"}},"Title":{"DisplayValue":"Pegatinas divertidas de hierba, 150 pegatinas de dibujos animados de hojas de marihuana para adolescentes y adultos, pegatinas impermeables de vinilo de hojas mixtas, álbum de recortes y guitarra","Label":"Title","Locale":"es_ES"}},"Offers":{"Summaries":[{"Condition":{"Value":"New"},"LowestPrice":{"Amount":10.99,"Currency":"EUR","DisplayAmount":"10,99 €"}}]}},{"ASIN":"B0BMVH4J88","DetailPageURL":"https://www.amazon.es/dp/B0BMVH4J88?tag=topinalambricos-21&linkCode=osi&th=1&psc=1","Images":{"Primary":{"Small":{"Height":75,"URL":"https://m.media-amazon.com/images/I/61tGBZudfIL._SL75_.jpg","Width":75}}},"ItemInfo":{"ByLineInfo":{"Brand":{"DisplayValue":"AYODPE","Label":"Brand","Locale":"es_ES"},"Manufacturer":{"DisplayValue":"AYODPE","Label":"Manufacturer","Locale":"es_ES"}},"Title":{"DisplayValue":"AYODPE 100 pegatinas de malas hierbas, vinilo resistente al agua para bricolaje, portátil, equipaje, frigorífico, monopatín, coche, moto, bicicleta, pegatinas de marihuana, juego de pegatinas","Label":"Title","Locale":"es_ES"}},"Offers":{"Summaries":[{"Condition":{"Value":"New"},"LowestPrice":{"Amount":11.97,"Currency":"EUR","DisplayAmount":"11,97 € (0,12 € / unidad)","PricePerUnit":0.12}},{"Condition":{"Value":"Used"},"LowestPrice":{"Amount":8.52,"Currency":"EUR","DisplayAmount":"8,52 € (0,09 € / unidad)","PricePerUnit":0.09}}]}},{"ASIN":"B0C8ZF6PDL","DetailPageURL":"https://www.amazon.es/dp/B0C8ZF6PDL?tag=topinalambricos-21&linkCode=osi&th=1&psc=1","Images":{"Primary":{"Small":{"Height":75,"URL":"https://m.media-amazon.com/images/I/51nhVepA96L._SL75_.jpg","Width":75}}},"ItemInfo":{"ByLineInfo":{"Brand":{"DisplayValue":"AK Giftshop","Label":"Brand","Locale":"es_ES"},"Manufacturer":{"DisplayValue":"AK Giftshop","Label":"Manufacturer","Locale":"es_ES"}},"Title":{"DisplayValue":"Pegatinas personalizables con temática de hojas de marihuana de cannabis, etiquetas personalizadas, decoraciones para fiestas, cumpleaños, celebraciones (48 pegatinas)","Label":"Title","Locale":"es_ES"}},"Offers":{"Summaries":[{"Condition":{"Value":"New"},"LowestPrice":{"Amount":5.82,"Currency":"EUR","DisplayAmount":"5,82 €"}}]}},{"ASIN":"B09T8PK6GY","DetailPageURL":"https://www.amazon.es/dp/B09T8PK6GY?tag=topinalambricos-21&linkCode=osi&th=1&psc=1","Images":{"Primary":{"Small":{"Height":75,"URL":"https://m.media-amazon.com/images/I/51tneD1zs9L._SL75_.jpg","Width":75}}},"ItemInfo":{"ByLineInfo":{"Brand":{"DisplayValue":"HNTR","Label":"Brand","Locale":"es_ES"},"Manufacturer":{"DisplayValue":"HNTR","Label":"Manufacturer","Locale":"es_ES"}},"Title":{"DisplayValue":"HNTR Pegatinas de cannabis Weed Get High – Paquete de pegatinas de vinilo Mega Diversión y creatividad para álbumes de recortes","Label":"Title","Locale":"es_ES"}},"Offers":{"Summaries":[{"Condition":{"Value":"New"},"LowestPrice":{"Amount":17.17,"Currency":"EUR","DisplayAmount":"17,17 € (0,34 € / unidad)","PricePerUnit":0.34}}]}},{"ASIN":"B08297GX94","DetailPageURL":"https://www.amazon.es/dp/B08297GX94?tag=topinalambricos-21&linkCode=osi&th=1&psc=1","Images":{"Primary":{"Small":{"Height":75,"URL":"https://m.media-amazon.com/images/I/51qX3QTO0iL._SL75_.jpg","Width":75}}},"ItemInfo":{"ByLineInfo":{"Brand":{"DisplayValue":"Destination Vinyl Ltd","Label":"Brand","Locale":"es_ES"},"Manufacturer":{"DisplayValue":"Destination Vinyl ltd","Label":"Manufacturer","Locale":"es_ES"}},"Title":{"DisplayValue":"Impresionantes pegatinas de vinilo (juego de 2) 7.5 cm – Calcomanías de marihuana con marihuana y marihuana para laptops, tabletas, equipaje, libros de recortes, regalo genial #1403114473, 23x17x1 cm","Label":"Title","Locale":"es_ES"}},"Offers":{"Summaries":[{"Condition":{"Value":"New"},"LowestPrice":{"Amount":13.75,"Currency":"EUR","DisplayAmount":"13,75 €"}}]}},{"ASIN":"B01AHJC9ZM","DetailPageURL":"https://www.amazon.es/dp/B01AHJC9ZM?tag=topinalambricos-21&linkCode=osi&th=1&psc=1","Images":{"Primary":{"Small":{"Height":75,"URL":"https://m.media-amazon.com/images/I/51W08-mMEfL._SL75_.jpg","Width":56}}},"ItemInfo":{"ByLineInfo":{"Brand":{"DisplayValue":"Charo","Label":"Brand","Locale":"es_ES"},"Manufacturer":{"DisplayValue":"Charo","Label":"Manufacturer","Locale":"es_ES"}},"Title":{"DisplayValue":"Pegatinas para plantas de cannabis, 20 unidades, 1 hoja, 135 mm x 100 mm, para manualidades, fiesta infantil, aspecto metálico","Label":"Title","Locale":"es_ES"}},"Offers":{"Summaries":[{"Condition":{"Value":"New"},"LowestPrice":{"Amount":2.99,"Currency":"EUR","DisplayAmount":"2,99 €"}}]}},{"ASIN":"B08K86S5L7","DetailPageURL":"https://www.amazon.es/dp/B08K86S5L7?tag=topinalambricos-21&linkCode=osi&th=1&psc=1","Images":{"Primary":{"Small":{"Height":52,"URL":"https://m.media-amazon.com/images/I/51aHVyxgnoL._SL75_.jpg","Width":75}}},"ItemInfo":{"ByLineInfo":{"Brand":{"DisplayValue":"Generisch","Label":"Brand","Locale":"es_ES"},"Manufacturer":{"DisplayValue":"Stickerfreaks","Label":"Manufacturer","Locale":"es_ES"}},"Title":{"DisplayValue":"Marihuana - Pegatinas para plantas (14 x 12 cm), diseño de flores","Label":"Title","Locale":"es_ES"}},"Offers":{"Summaries":[{"Condition":{"Value":"New"},"LowestPrice":{"Amount":4.75,"Currency":"EUR","DisplayAmount":"4,75 €"}}]}},{"ASIN":"B0BGC46S4R","DetailPageURL":"https://www.amazon.es/dp/B0BGC46S4R?tag=topinalambricos-21&linkCode=osi&th=1&psc=1","Images":{"Primary":{"Small":{"Height":75,"URL":"https://m.media-amazon.com/images/I/61gdoEUtbYL._SL75_.jpg","Width":75}}},"ItemInfo":{"ByLineInfo":{"Brand":{"DisplayValue":"QJFHURB","Label":"Brand","Locale":"es_ES"},"Manufacturer":{"DisplayValue":"QJFHURB","Label":"Manufacturer","Locale":"es_ES"}},"Title":{"DisplayValue":"Pegatinas De Marcas 251 piezas Pack Pegatinas Skate Pegatina Vinilo Chulas Famosas Stickers Decorativas Stikers Portatil Pegatina Vinilo para Ordenador Maletas Coche Moto Casco Bicicletas","Label":"Title","Locale":"es_ES"}},"Offers":{"Summaries":[{"Condition":{"Value":"New"},"LowestPrice":{"Amount":11.99,"Currency":"EUR","DisplayAmount":"11,99 € (6,00 € / unidad)","PricePerUnit":6.0}}]}},{"ASIN":"B09PBK5X2D","DetailPageURL":"https://www.amazon.es/dp/B09PBK5X2D?tag=topinalambricos-21&linkCode=osi&th=1&psc=1","Images":{"Primary":{"Small":{"Height":75,"URL":"https://m.media-amazon.com/images/I/61BcnLW1KXL._SL75_.jpg","Width":75}}},"ItemInfo":{"ByLineInfo":{"Brand":{"DisplayValue":"ACTTGGJ","Label":"Brand","Locale":"es_ES"},"Manufacturer":{"DisplayValue":"ACTTGGJ","Label":"Manufacturer","Locale":"es_ES"}},"Title":{"DisplayValue":"Pegatinas 100 Piezas Paquete de Pegatinas para Computadora Portátil Pegatinas de Vinilo Graffiti Sticker de Moda Pegatinas Geniales para Snowboard, Motocicleta,Guitarra Botella de Agua, Cuaderno","Label":"Title","Locale":"es_ES"}},"Offers":{"Summaries":[{"Condition":{"Value":"New"},"LowestPrice":{"Amount":9.99,"Currency":"EUR","DisplayAmount":"9,99 € (0,10 € / unidad)","PricePerUnit":0.1}}]}},{"ASIN":"B086J5TC35","DetailPageURL":"https://www.amazon.es/dp/B086J5TC35?tag=topinalambricos-21&linkCode=osi&th=1&psc=1","Images":{"Primary":{"Small":{"Height":75,"URL":"https://m.media-amazon.com/images/I/51M4O8NICOL._SL75_.jpg","Width":75}}},"ItemInfo":{"ByLineInfo":{"Brand":{"DisplayValue":"Destination Vinyl Ltd","Label":"Brand","Locale":"es_ES"},"Manufacturer":{"DisplayValue":"Destination Vinyl Ltd","Label":"Manufacturer","Locale":"es_ES"}},"Title":{"DisplayValue":"2 pegatinas de vinilo divertidas de 10 cm, diseño de marihuana de broma, cannabis y marihuana 10cm Wide","Label":"Title","Locale":"es_ES"}},"Offers":{"Summaries":[{"Condition":{"Value":"New"},"LowestPrice":{"Amount":13.02,"Currency":"EUR","DisplayAmount":"13,02 €"}}]}}],"SearchURL":"https://www.amazon.es/s?k=pegatinas+marihuana&rh=n%3A4358418031%2Cp_n_availability%3A-1&tag=topinalambricos-21&linkCode=osi","TotalResultCount":53}},"47":{"SearchResult":{"Items":[{"ASIN":"B0C6LPS2FS","DetailPageURL":"https://www.amazon.es/dp/B0C6LPS2FS?tag=topinalambricos-21&linkCode=osi&th=1&psc=1","Images":{"Primary":{"Small":{"Height":75,"URL":"https://m.media-amazon.com/images/I/61saj5jsPiL._SL75_.jpg","Width":75}}},"ItemInfo":{"ByLineInfo":{"Brand":{"DisplayValue":"NEULEBEN","Label":"Brand","Locale":"es_ES"}},"Title":{"DisplayValue":"Pegatinas divertidas de hierba, 150 pegatinas de dibujos animados de hojas de marihuana para adolescentes y adultos, pegatinas impermeables de vinilo de hojas mixtas, álbum de recortes y guitarra","Label":"Title","Locale":"es_ES"}},"Offers":{"Summaries":[{"Condition":{"Value":"New"},"LowestPrice":{"Amount":10.99,"Currency":"EUR","DisplayAmount":"10,99 €"}}]}},{"ASIN":"B0BMVH4J88","DetailPageURL":"https://www.amazon.es/dp/B0BMVH4J88?tag=topinalambricos-21&linkCode=osi&th=1&psc=1","Images":{"Primary":{"Small":{"Height":75,"URL":"https://m.media-amazon.com/images/I/61tGBZudfIL._SL75_.jpg","Width":75}}},"ItemInfo":{"ByLineInfo":{"Brand":{"DisplayValue":"AYODPE","Label":"Brand","Locale":"es_ES"},"Manufacturer":{"DisplayValue":"AYODPE","Label":"Manufacturer","Locale":"es_ES"}},"Title":{"DisplayValue":"AYODPE 100 pegatinas de malas hierbas, vinilo resistente al agua para bricolaje, portátil, equipaje, frigorífico, monopatín, coche, moto, bicicleta, pegatinas de marihuana, juego de pegatinas","Label":"Title","Locale":"es_ES"}},"Offers":{"Summaries":[{"Condition":{"Value":"New"},"LowestPrice":{"Amount":11.97,"Currency":"EUR","DisplayAmount":"11,97 € (0,12 € / unidad)","PricePerUnit":0.12}},{"Condition":{"Value":"Used"},"LowestPrice":{"Amount":8.52,"Currency":"EUR","DisplayAmount":"8,52 € (0,09 € / unidad)","PricePerUnit":0.09}}]}},{"ASIN":"B0C8ZF6PDL","DetailPageURL":"https://www.amazon.es/dp/B0C8ZF6PDL?tag=topinalambricos-21&linkCode=osi&th=1&psc=1","Images":{"Primary":{"Small":{"Height":75,"URL":"https://m.media-amazon.com/images/I/51nhVepA96L._SL75_.jpg","Width":75}}},"ItemInfo":{"ByLineInfo":{"Brand":{"DisplayValue":"AK Giftshop","Label":"Brand","Locale":"es_ES"},"Manufacturer":{"DisplayValue":"AK Giftshop","Label":"Manufacturer","Locale":"es_ES"}},"Title":{"DisplayValue":"Pegatinas personalizables con temática de hojas de marihuana de cannabis, etiquetas personalizadas, decoraciones para fiestas, cumpleaños, celebraciones (48 pegatinas)","Label":"Title","Locale":"es_ES"}},"Offers":{"Summaries":[{"Condition":{"Value":"New"},"LowestPrice":{"Amount":5.82,"Currency":"EUR","DisplayAmount":"5,82 €"}}]}},{"ASIN":"B09T8PK6GY","DetailPageURL":"https://www.amazon.es/dp/B09T8PK6GY?tag=topinalambricos-21&linkCode=osi&th=1&psc=1","Images":{"Primary":{"Small":{"Height":75,"URL":"https://m.media-amazon.com/images/I/51tneD1zs9L._SL75_.jpg","Width":75}}},"ItemInfo":{"ByLineInfo":{"Brand":{"DisplayValue":"HNTR","Label":"Brand","Locale":"es_ES"},"Manufacturer":{"DisplayValue":"HNTR","Label":"Manufacturer","Locale":"es_ES"}},"Title":{"DisplayValue":"HNTR Pegatinas de cannabis Weed Get High – Paquete de pegatinas de vinilo Mega Diversión y creatividad para álbumes de recortes","Label":"Title","Locale":"es_ES"}},"Offers":{"Summaries":[{"Condition":{"Value":"New"},"LowestPrice":{"Amount":17.17,"Currency":"EUR","DisplayAmount":"17,17 € (0,34 € / unidad)","PricePerUnit":0.34}}]}},{"ASIN":"B08297GX94","DetailPageURL":"https://www.amazon.es/dp/B08297GX94?tag=topinalambricos-21&linkCode=osi&th=1&psc=1","Images":{"Primary":{"Small":{"Height":75,"URL":"https://m.media-amazon.com/images/I/51qX3QTO0iL._SL75_.jpg","Width":75}}},"ItemInfo":{"ByLineInfo":{"Brand":{"DisplayValue":"Destination Vinyl Ltd","Label":"Brand","Locale":"es_ES"},"Manufacturer":{"DisplayValue":"Destination Vinyl ltd","Label":"Manufacturer","Locale":"es_ES"}},"Title":{"DisplayValue":"Impresionantes pegatinas de vinilo (juego de 2) 7.5 cm – Calcomanías de marihuana con marihuana y marihuana para laptops, tabletas, equipaje, libros de recortes, regalo genial #1403114473, 23x17x1 cm","Label":"Title","Locale":"es_ES"}},"Offers":{"Summaries":[{"Condition":{"Value":"New"},"LowestPrice":{"Amount":13.75,"Currency":"EUR","DisplayAmount":"13,75 €"}}]}},{"ASIN":"B01AHJC9ZM","DetailPageURL":"https://www.amazon.es/dp/B01AHJC9ZM?tag=topinalambricos-21&linkCode=osi&th=1&psc=1","Images":{"Primary":{"Small":{"Height":75,"URL":"https://m.media-amazon.com/images/I/51W08-mMEfL._SL75_.jpg","Width":56}}},"ItemInfo":{"ByLineInfo":{"Brand":{"DisplayValue":"Charo","Label":"Brand","Locale":"es_ES"},"Manufacturer":{"DisplayValue":"Charo","Label":"Manufacturer","Locale":"es_ES"}},"Title":{"DisplayValue":"Pegatinas para plantas de cannabis, 20 unidades, 1 hoja, 135 mm x 100 mm, para manualidades, fiesta infantil, aspecto metálico","Label":"Title","Locale":"es_ES"}},"Offers":{"Summaries":[{"Condition":{"Value":"New"},"LowestPrice":{"Amount":2.99,"Currency":"EUR","DisplayAmount":"2,99 €"}}]}},{"ASIN":"B08K86S5L7","DetailPageURL":"https://www.amazon.es/dp/B08K86S5L7?tag=topinalambricos-21&linkCode=osi&th=1&psc=1","Images":{"Primary":{"Small":{"Height":52,"URL":"https://m.media-amazon.com/images/I/51aHVyxgnoL._SL75_.jpg","Width":75}}},"ItemInfo":{"ByLineInfo":{"Brand":{"DisplayValue":"Generisch","Label":"Brand","Locale":"es_ES"},"Manufacturer":{"DisplayValue":"Stickerfreaks","Label":"Manufacturer","Locale":"es_ES"}},"Title":{"DisplayValue":"Marihuana - Pegatinas para plantas (14 x 12 cm), diseño de flores","Label":"Title","Locale":"es_ES"}},"Offers":{"Summaries":[{"Condition":{"Value":"New"},"LowestPrice":{"Amount":4.75,"Currency":"EUR","DisplayAmount":"4,75 €"}}]}},{"ASIN":"B0BGC46S4R","DetailPageURL":"https://www.amazon.es/dp/B0BGC46S4R?tag=topinalambricos-21&linkCode=osi&th=1&psc=1","Images":{"Primary":{"Small":{"Height":75,"URL":"https://m.media-amazon.com/images/I/61gdoEUtbYL._SL75_.jpg","Width":75}}},"ItemInfo":{"ByLineInfo":{"Brand":{"DisplayValue":"QJFHURB","Label":"Brand","Locale":"es_ES"},"Manufacturer":{"DisplayValue":"QJFHURB","Label":"Manufacturer","Locale":"es_ES"}},"Title":{"DisplayValue":"Pegatinas De Marcas 251 piezas Pack Pegatinas Skate Pegatina Vinilo Chulas Famosas Stickers Decorativas Stikers Portatil Pegatina Vinilo para Ordenador Maletas Coche Moto Casco Bicicletas","Label":"Title","Locale":"es_ES"}},"Offers":{"Summaries":[{"Condition":{"Value":"New"},"LowestPrice":{"Amount":11.99,"Currency":"EUR","DisplayAmount":"11,99 € (6,00 € / unidad)","PricePerUnit":6.0}}]}},{"ASIN":"B09PBK5X2D","DetailPageURL":"https://www.amazon.es/dp/B09PBK5X2D?tag=topinalambricos-21&linkCode=osi&th=1&psc=1","Images":{"Primary":{"Small":{"Height":75,"URL":"https://m.media-amazon.com/images/I/61BcnLW1KXL._SL75_.jpg","Width":75}}},"ItemInfo":{"ByLineInfo":{"Brand":{"DisplayValue":"ACTTGGJ","Label":"Brand","Locale":"es_ES"},"Manufacturer":{"DisplayValue":"ACTTGGJ","Label":"Manufacturer","Locale":"es_ES"}},"Title":{"DisplayValue":"Pegatinas 100 Piezas Paquete de Pegatinas para Computadora Portátil Pegatinas de Vinilo Graffiti Sticker de Moda Pegatinas Geniales para Snowboard, Motocicleta,Guitarra Botella de Agua, Cuaderno","Label":"Title","Locale":"es_ES"}},"Offers":{"Summaries":[{"Condition":{"Value":"New"},"LowestPrice":{"Amount":9.99,"Currency":"EUR","DisplayAmount":"9,99 € (0,10 € / unidad)","PricePerUnit":0.1}}]}},{"ASIN":"B086J5TC35","DetailPageURL":"https://www.amazon.es/dp/B086J5TC35?tag=topinalambricos-21&linkCode=osi&th=1&psc=1","Images":{"Primary":{"Small":{"Height":75,"URL":"https://m.media-amazon.com/images/I/51M4O8NICOL._SL75_.jpg","Width":75}}},"ItemInfo":{"ByLineInfo":{"Brand":{"DisplayValue":"Destination Vinyl Ltd","Label":"Brand","Locale":"es_ES"},"Manufacturer":{"DisplayValue":"Destination Vinyl Ltd","Label":"Manufacturer","Locale":"es_ES"}},"Title":{"DisplayValue":"2 pegatinas de vinilo divertidas de 10 cm, diseño de marihuana de broma, cannabis y marihuana 10cm Wide","Label":"Title","Locale":"es_ES"}},"Offers":{"Summaries":[{"Condition":{"Value":"New"},"LowestPrice":{"Amount":13.02,"Currency":"EUR","DisplayAmount":"13,02 €"}}]}}],"SearchURL":"https://www.amazon.es/s?k=pegatinas+marihuana&rh=n%3A4358418031%2Cp_n_availability%3A-1&tag=topinalambricos-21&linkCode=osi","TotalResultCount":53}},"48":{"SearchResult":{"Items":[{"ASIN":"B0C6LPS2FS","DetailPageURL":"https://www.amazon.es/dp/B0C6LPS2FS?tag=topinalambricos-21&linkCode=osi&th=1&psc=1","Images":{"Primary":{"Small":{"Height":75,"URL":"https://m.media-amazon.com/images/I/61saj5jsPiL._SL75_.jpg","Width":75}}},"ItemInfo":{"ByLineInfo":{"Brand":{"DisplayValue":"NEULEBEN","Label":"Brand","Locale":"es_ES"}},"Title":{"DisplayValue":"Pegatinas divertidas de hierba, 150 pegatinas de dibujos animados de hojas de marihuana para adolescentes y adultos, pegatinas impermeables de vinilo de hojas mixtas, álbum de recortes y guitarra","Label":"Title","Locale":"es_ES"}},"Offers":{"Summaries":[{"Condition":{"Value":"New"},"LowestPrice":{"Amount":10.99,"Currency":"EUR","DisplayAmount":"10,99 €"}}]}},{"ASIN":"B0BMVH4J88","DetailPageURL":"https://www.amazon.es/dp/B0BMVH4J88?tag=topinalambricos-21&linkCode=osi&th=1&psc=1","Images":{"Primary":{"Small":{"Height":75,"URL":"https://m.media-amazon.com/images/I/61tGBZudfIL._SL75_.jpg","Width":75}}},"ItemInfo":{"ByLineInfo":{"Brand":{"DisplayValue":"AYODPE","Label":"Brand","Locale":"es_ES"},"Manufacturer":{"DisplayValue":"AYODPE","Label":"Manufacturer","Locale":"es_ES"}},"Title":{"DisplayValue":"AYODPE 100 pegatinas de malas hierbas, vinilo resistente al agua para bricolaje, portátil, equipaje, frigorífico, monopatín, coche, moto, bicicleta, pegatinas de marihuana, juego de pegatinas","Label":"Title","Locale":"es_ES"}},"Offers":{"Summaries":[{"Condition":{"Value":"New"},"LowestPrice":{"Amount":11.97,"Currency":"EUR","DisplayAmount":"11,97 € (0,12 € / unidad)","PricePerUnit":0.12}},{"Condition":{"Value":"Used"},"LowestPrice":{"Amount":8.52,"Currency":"EUR","DisplayAmount":"8,52 € (0,09 € / unidad)","PricePerUnit":0.09}}]}},{"ASIN":"B0C8ZF6PDL","DetailPageURL":"https://www.amazon.es/dp/B0C8ZF6PDL?tag=topinalambricos-21&linkCode=osi&th=1&psc=1","Images":{"Primary":{"Small":{"Height":75,"URL":"https://m.media-amazon.com/images/I/51nhVepA96L._SL75_.jpg","Width":75}}},"ItemInfo":{"ByLineInfo":{"Brand":{"DisplayValue":"AK Giftshop","Label":"Brand","Locale":"es_ES"},"Manufacturer":{"DisplayValue":"AK Giftshop","Label":"Manufacturer","Locale":"es_ES"}},"Title":{"DisplayValue":"Pegatinas personalizables con temática de hojas de marihuana de cannabis, etiquetas personalizadas, decoraciones para fiestas, cumpleaños, celebraciones (48 pegatinas)","Label":"Title","Locale":"es_ES"}},"Offers":{"Summaries":[{"Condition":{"Value":"New"},"LowestPrice":{"Amount":5.82,"Currency":"EUR","DisplayAmount":"5,82 €"}}]}},{"ASIN":"B09T8PK6GY","DetailPageURL":"https://www.amazon.es/dp/B09T8PK6GY?tag=topinalambricos-21&linkCode=osi&th=1&psc=1","Images":{"Primary":{"Small":{"Height":75,"URL":"https://m.media-amazon.com/images/I/51tneD1zs9L._SL75_.jpg","Width":75}}},"ItemInfo":{"ByLineInfo":{"Brand":{"DisplayValue":"HNTR","Label":"Brand","Locale":"es_ES"},"Manufacturer":{"DisplayValue":"HNTR","Label":"Manufacturer","Locale":"es_ES"}},"Title":{"DisplayValue":"HNTR Pegatinas de cannabis Weed Get High – Paquete de pegatinas de vinilo Mega Diversión y creatividad para álbumes de recortes","Label":"Title","Locale":"es_ES"}},"Offers":{"Summaries":[{"Condition":{"Value":"New"},"LowestPrice":{"Amount":17.17,"Currency":"EUR","DisplayAmount":"17,17 € (0,34 € / unidad)","PricePerUnit":0.34}}]}},{"ASIN":"B08297GX94","DetailPageURL":"https://www.amazon.es/dp/B08297GX94?tag=topinalambricos-21&linkCode=osi&th=1&psc=1","Images":{"Primary":{"Small":{"Height":75,"URL":"https://m.media-amazon.com/images/I/51qX3QTO0iL._SL75_.jpg","Width":75}}},"ItemInfo":{"ByLineInfo":{"Brand":{"DisplayValue":"Destination Vinyl Ltd","Label":"Brand","Locale":"es_ES"},"Manufacturer":{"DisplayValue":"Destination Vinyl ltd","Label":"Manufacturer","Locale":"es_ES"}},"Title":{"DisplayValue":"Impresionantes pegatinas de vinilo (juego de 2) 7.5 cm – Calcomanías de marihuana con marihuana y marihuana para laptops, tabletas, equipaje, libros de recortes, regalo genial #1403114473, 23x17x1 cm","Label":"Title","Locale":"es_ES"}},"Offers":{"Summaries":[{"Condition":{"Value":"New"},"LowestPrice":{"Amount":13.75,"Currency":"EUR","DisplayAmount":"13,75 €"}}]}},{"ASIN":"B01AHJC9ZM","DetailPageURL":"https://www.amazon.es/dp/B01AHJC9ZM?tag=topinalambricos-21&linkCode=osi&th=1&psc=1","Images":{"Primary":{"Small":{"Height":75,"URL":"https://m.media-amazon.com/images/I/51W08-mMEfL._SL75_.jpg","Width":56}}},"ItemInfo":{"ByLineInfo":{"Brand":{"DisplayValue":"Charo","Label":"Brand","Locale":"es_ES"},"Manufacturer":{"DisplayValue":"Charo","Label":"Manufacturer","Locale":"es_ES"}},"Title":{"DisplayValue":"Pegatinas para plantas de cannabis, 20 unidades, 1 hoja, 135 mm x 100 mm, para manualidades, fiesta infantil, aspecto metálico","Label":"Title","Locale":"es_ES"}},"Offers":{"Summaries":[{"Condition":{"Value":"New"},"LowestPrice":{"Amount":2.99,"Currency":"EUR","DisplayAmount":"2,99 €"}}]}},{"ASIN":"B08K86S5L7","DetailPageURL":"https://www.amazon.es/dp/B08K86S5L7?tag=topinalambricos-21&linkCode=osi&th=1&psc=1","Images":{"Primary":{"Small":{"Height":52,"URL":"https://m.media-amazon.com/images/I/51aHVyxgnoL._SL75_.jpg","Width":75}}},"ItemInfo":{"ByLineInfo":{"Brand":{"DisplayValue":"Generisch","Label":"Brand","Locale":"es_ES"},"Manufacturer":{"DisplayValue":"Stickerfreaks","Label":"Manufacturer","Locale":"es_ES"}},"Title":{"DisplayValue":"Marihuana - Pegatinas para plantas (14 x 12 cm), diseño de flores","Label":"Title","Locale":"es_ES"}},"Offers":{"Summaries":[{"Condition":{"Value":"New"},"LowestPrice":{"Amount":4.75,"Currency":"EUR","DisplayAmount":"4,75 €"}}]}},{"ASIN":"B0BGC46S4R","DetailPageURL":"https://www.amazon.es/dp/B0BGC46S4R?tag=topinalambricos-21&linkCode=osi&th=1&psc=1","Images":{"Primary":{"Small":{"Height":75,"URL":"https://m.media-amazon.com/images/I/61gdoEUtbYL._SL75_.jpg","Width":75}}},"ItemInfo":{"ByLineInfo":{"Brand":{"DisplayValue":"QJFHURB","Label":"Brand","Locale":"es_ES"},"Manufacturer":{"DisplayValue":"QJFHURB","Label":"Manufacturer","Locale":"es_ES"}},"Title":{"DisplayValue":"Pegatinas De Marcas 251 piezas Pack Pegatinas Skate Pegatina Vinilo Chulas Famosas Stickers Decorativas Stikers Portatil Pegatina Vinilo para Ordenador Maletas Coche Moto Casco Bicicletas","Label":"Title","Locale":"es_ES"}},"Offers":{"Summaries":[{"Condition":{"Value":"New"},"LowestPrice":{"Amount":11.99,"Currency":"EUR","DisplayAmount":"11,99 € (6,00 € / unidad)","PricePerUnit":6.0}}]}},{"ASIN":"B09PBK5X2D","DetailPageURL":"https://www.amazon.es/dp/B09PBK5X2D?tag=topinalambricos-21&linkCode=osi&th=1&psc=1","Images":{"Primary":{"Small":{"Height":75,"URL":"https://m.media-amazon.com/images/I/61BcnLW1KXL._SL75_.jpg","Width":75}}},"ItemInfo":{"ByLineInfo":{"Brand":{"DisplayValue":"ACTTGGJ","Label":"Brand","Locale":"es_ES"},"Manufacturer":{"DisplayValue":"ACTTGGJ","Label":"Manufacturer","Locale":"es_ES"}},"Title":{"DisplayValue":"Pegatinas 100 Piezas Paquete de Pegatinas para Computadora Portátil Pegatinas de Vinilo Graffiti Sticker de Moda Pegatinas Geniales para Snowboard, Motocicleta,Guitarra Botella de Agua, Cuaderno","Label":"Title","Locale":"es_ES"}},"Offers":{"Summaries":[{"Condition":{"Value":"New"},"LowestPrice":{"Amount":9.99,"Currency":"EUR","DisplayAmount":"9,99 € (0,10 € / unidad)","PricePerUnit":0.1}}]}},{"ASIN":"B086J5TC35","DetailPageURL":"https://www.amazon.es/dp/B086J5TC35?tag=topinalambricos-21&linkCode=osi&th=1&psc=1","Images":{"Primary":{"Small":{"Height":75,"URL":"https://m.media-amazon.com/images/I/51M4O8NICOL._SL75_.jpg","Width":75}}},"ItemInfo":{"ByLineInfo":{"Brand":{"DisplayValue":"Destination Vinyl Ltd","Label":"Brand","Locale":"es_ES"},"Manufacturer":{"DisplayValue":"Destination Vinyl Ltd","Label":"Manufacturer","Locale":"es_ES"}},"Title":{"DisplayValue":"2 pegatinas de vinilo divertidas de 10 cm, diseño de marihuana de broma, cannabis y marihuana 10cm Wide","Label":"Title","Locale":"es_ES"}},"Offers":{"Summaries":[{"Condition":{"Value":"New"},"LowestPrice":{"Amount":13.02,"Currency":"EUR","DisplayAmount":"13,02 €"}}]}}],"SearchURL":"https://www.amazon.es/s?k=pegatinas+marihuana&rh=n%3A4358418031%2Cp_n_availability%3A-1&tag=topinalambricos-21&linkCode=osi","TotalResultCount":53}},"49":{"SearchResult":{"Items":[{"ASIN":"B0C6LPS2FS","DetailPageURL":"https://www.amazon.es/dp/B0C6LPS2FS?tag=topinalambricos-21&linkCode=osi&th=1&psc=1","Images":{"Primary":{"Small":{"Height":75,"URL":"https://m.media-amazon.com/images/I/61saj5jsPiL._SL75_.jpg","Width":75}}},"ItemInfo":{"ByLineInfo":{"Brand":{"DisplayValue":"NEULEBEN","Label":"Brand","Locale":"es_ES"}},"Title":{"DisplayValue":"Pegatinas divertidas de hierba, 150 pegatinas de dibujos animados de hojas de marihuana para adolescentes y adultos, pegatinas impermeables de vinilo de hojas mixtas, álbum de recortes y guitarra","Label":"Title","Locale":"es_ES"}},"Offers":{"Summaries":[{"Condition":{"Value":"New"},"LowestPrice":{"Amount":10.99,"Currency":"EUR","DisplayAmount":"10,99 €"}}]}},{"ASIN":"B0BMVH4J88","DetailPageURL":"https://www.amazon.es/dp/B0BMVH4J88?tag=topinalambricos-21&linkCode=osi&th=1&psc=1","Images":{"Primary":{"Small":{"Height":75,"URL":"https://m.media-amazon.com/images/I/61tGBZudfIL._SL75_.jpg","Width":75}}},"ItemInfo":{"ByLineInfo":{"Brand":{"DisplayValue":"AYODPE","Label":"Brand","Locale":"es_ES"},"Manufacturer":{"DisplayValue":"AYODPE","Label":"Manufacturer","Locale":"es_ES"}},"Title":{"DisplayValue":"AYODPE 100 pegatinas de malas hierbas, vinilo resistente al agua para bricolaje, portátil, equipaje, frigorífico, monopatín, coche, moto, bicicleta, pegatinas de marihuana, juego de pegatinas","Label":"Title","Locale":"es_ES"}},"Offers":{"Summaries":[{"Condition":{"Value":"New"},"LowestPrice":{"Amount":11.97,"Currency":"EUR","DisplayAmount":"11,97 € (0,12 € / unidad)","PricePerUnit":0.12}},{"Condition":{"Value":"Used"},"LowestPrice":{"Amount":8.52,"Currency":"EUR","DisplayAmount":"8,52 € (0,09 € / unidad)","PricePerUnit":0.09}}]}},{"ASIN":"B0C8ZF6PDL","DetailPageURL":"https://www.amazon.es/dp/B0C8ZF6PDL?tag=topinalambricos-21&linkCode=osi&th=1&psc=1","Images":{"Primary":{"Small":{"Height":75,"URL":"https://m.media-amazon.com/images/I/51nhVepA96L._SL75_.jpg","Width":75}}},"ItemInfo":{"ByLineInfo":{"Brand":{"DisplayValue":"AK Giftshop","Label":"Brand","Locale":"es_ES"},"Manufacturer":{"DisplayValue":"AK Giftshop","Label":"Manufacturer","Locale":"es_ES"}},"Title":{"DisplayValue":"Pegatinas personalizables con temática de hojas de marihuana de cannabis, etiquetas personalizadas, decoraciones para fiestas, cumpleaños, celebraciones (48 pegatinas)","Label":"Title","Locale":"es_ES"}},"Offers":{"Summaries":[{"Condition":{"Value":"New"},"LowestPrice":{"Amount":5.82,"Currency":"EUR","DisplayAmount":"5,82 €"}}]}},{"ASIN":"B09T8PK6GY","DetailPageURL":"https://www.amazon.es/dp/B09T8PK6GY?tag=topinalambricos-21&linkCode=osi&th=1&psc=1","Images":{"Primary":{"Small":{"Height":75,"URL":"https://m.media-amazon.com/images/I/51tneD1zs9L._SL75_.jpg","Width":75}}},"ItemInfo":{"ByLineInfo":{"Brand":{"DisplayValue":"HNTR","Label":"Brand","Locale":"es_ES"},"Manufacturer":{"DisplayValue":"HNTR","Label":"Manufacturer","Locale":"es_ES"}},"Title":{"DisplayValue":"HNTR Pegatinas de cannabis Weed Get High – Paquete de pegatinas de vinilo Mega Diversión y creatividad para álbumes de recortes","Label":"Title","Locale":"es_ES"}},"Offers":{"Summaries":[{"Condition":{"Value":"New"},"LowestPrice":{"Amount":17.17,"Currency":"EUR","DisplayAmount":"17,17 € (0,34 € / unidad)","PricePerUnit":0.34}}]}},{"ASIN":"B08297GX94","DetailPageURL":"https://www.amazon.es/dp/B08297GX94?tag=topinalambricos-21&linkCode=osi&th=1&psc=1","Images":{"Primary":{"Small":{"Height":75,"URL":"https://m.media-amazon.com/images/I/51qX3QTO0iL._SL75_.jpg","Width":75}}},"ItemInfo":{"ByLineInfo":{"Brand":{"DisplayValue":"Destination Vinyl Ltd","Label":"Brand","Locale":"es_ES"},"Manufacturer":{"DisplayValue":"Destination Vinyl ltd","Label":"Manufacturer","Locale":"es_ES"}},"Title":{"DisplayValue":"Impresionantes pegatinas de vinilo (juego de 2) 7.5 cm – Calcomanías de marihuana con marihuana y marihuana para laptops, tabletas, equipaje, libros de recortes, regalo genial #1403114473, 23x17x1 cm","Label":"Title","Locale":"es_ES"}},"Offers":{"Summaries":[{"Condition":{"Value":"New"},"LowestPrice":{"Amount":13.75,"Currency":"EUR","DisplayAmount":"13,75 €"}}]}},{"ASIN":"B01AHJC9ZM","DetailPageURL":"https://www.amazon.es/dp/B01AHJC9ZM?tag=topinalambricos-21&linkCode=osi&th=1&psc=1","Images":{"Primary":{"Small":{"Height":75,"URL":"https://m.media-amazon.com/images/I/51W08-mMEfL._SL75_.jpg","Width":56}}},"ItemInfo":{"ByLineInfo":{"Brand":{"DisplayValue":"Charo","Label":"Brand","Locale":"es_ES"},"Manufacturer":{"DisplayValue":"Charo","Label":"Manufacturer","Locale":"es_ES"}},"Title":{"DisplayValue":"Pegatinas para plantas de cannabis, 20 unidades, 1 hoja, 135 mm x 100 mm, para manualidades, fiesta infantil, aspecto metálico","Label":"Title","Locale":"es_ES"}},"Offers":{"Summaries":[{"Condition":{"Value":"New"},"LowestPrice":{"Amount":2.99,"Currency":"EUR","DisplayAmount":"2,99 €"}}]}},{"ASIN":"B08K86S5L7","DetailPageURL":"https://www.amazon.es/dp/B08K86S5L7?tag=topinalambricos-21&linkCode=osi&th=1&psc=1","Images":{"Primary":{"Small":{"Height":52,"URL":"https://m.media-amazon.com/images/I/51aHVyxgnoL._SL75_.jpg","Width":75}}},"ItemInfo":{"ByLineInfo":{"Brand":{"DisplayValue":"Generisch","Label":"Brand","Locale":"es_ES"},"Manufacturer":{"DisplayValue":"Stickerfreaks","Label":"Manufacturer","Locale":"es_ES"}},"Title":{"DisplayValue":"Marihuana - Pegatinas para plantas (14 x 12 cm), diseño de flores","Label":"Title","Locale":"es_ES"}},"Offers":{"Summaries":[{"Condition":{"Value":"New"},"LowestPrice":{"Amount":4.75,"Currency":"EUR","DisplayAmount":"4,75 €"}}]}},{"ASIN":"B0BGC46S4R","DetailPageURL":"https://www.amazon.es/dp/B0BGC46S4R?tag=topinalambricos-21&linkCode=osi&th=1&psc=1","Images":{"Primary":{"Small":{"Height":75,"URL":"https://m.media-amazon.com/images/I/61gdoEUtbYL._SL75_.jpg","Width":75}}},"ItemInfo":{"ByLineInfo":{"Brand":{"DisplayValue":"QJFHURB","Label":"Brand","Locale":"es_ES"},"Manufacturer":{"DisplayValue":"QJFHURB","Label":"Manufacturer","Locale":"es_ES"}},"Title":{"DisplayValue":"Pegatinas De Marcas 251 piezas Pack Pegatinas Skate Pegatina Vinilo Chulas Famosas Stickers Decorativas Stikers Portatil Pegatina Vinilo para Ordenador Maletas Coche Moto Casco Bicicletas","Label":"Title","Locale":"es_ES"}},"Offers":{"Summaries":[{"Condition":{"Value":"New"},"LowestPrice":{"Amount":11.99,"Currency":"EUR","DisplayAmount":"11,99 € (6,00 € / unidad)","PricePerUnit":6.0}}]}},{"ASIN":"B09PBK5X2D","DetailPageURL":"https://www.amazon.es/dp/B09PBK5X2D?tag=topinalambricos-21&linkCode=osi&th=1&psc=1","Images":{"Primary":{"Small":{"Height":75,"URL":"https://m.media-amazon.com/images/I/61BcnLW1KXL._SL75_.jpg","Width":75}}},"ItemInfo":{"ByLineInfo":{"Brand":{"DisplayValue":"ACTTGGJ","Label":"Brand","Locale":"es_ES"},"Manufacturer":{"DisplayValue":"ACTTGGJ","Label":"Manufacturer","Locale":"es_ES"}},"Title":{"DisplayValue":"Pegatinas 100 Piezas Paquete de Pegatinas para Computadora Portátil Pegatinas de Vinilo Graffiti Sticker de Moda Pegatinas Geniales para Snowboard, Motocicleta,Guitarra Botella de Agua, Cuaderno","Label":"Title","Locale":"es_ES"}},"Offers":{"Summaries":[{"Condition":{"Value":"New"},"LowestPrice":{"Amount":9.99,"Currency":"EUR","DisplayAmount":"9,99 € (0,10 € / unidad)","PricePerUnit":0.1}}]}},{"ASIN":"B086J5TC35","DetailPageURL":"https://www.amazon.es/dp/B086J5TC35?tag=topinalambricos-21&linkCode=osi&th=1&psc=1","Images":{"Primary":{"Small":{"Height":75,"URL":"https://m.media-amazon.com/images/I/51M4O8NICOL._SL75_.jpg","Width":75}}},"ItemInfo":{"ByLineInfo":{"Brand":{"DisplayValue":"Destination Vinyl Ltd","Label":"Brand","Locale":"es_ES"},"Manufacturer":{"DisplayValue":"Destination Vinyl Ltd","Label":"Manufacturer","Locale":"es_ES"}},"Title":{"DisplayValue":"2 pegatinas de vinilo divertidas de 10 cm, diseño de marihuana de broma, cannabis y marihuana 10cm Wide","Label":"Title","Locale":"es_ES"}},"Offers":{"Summaries":[{"Condition":{"Value":"New"},"LowestPrice":{"Amount":13.02,"Currency":"EUR","DisplayAmount":"13,02 €"}}]}}],"SearchURL":"https://www.amazon.es/s?k=pegatinas+marihuana&rh=n%3A4358418031%2Cp_n_availability%3A-1&tag=topinalambricos-21&linkCode=osi","TotalResultCount":53}},"50":{"SearchResult":{"Items":[{"ASIN":"B0C6LPS2FS","DetailPageURL":"https://www.amazon.es/dp/B0C6LPS2FS?tag=topinalambricos-21&linkCode=osi&th=1&psc=1","Images":{"Primary":{"Small":{"Height":75,"URL":"https://m.media-amazon.com/images/I/61saj5jsPiL._SL75_.jpg","Width":75}}},"ItemInfo":{"ByLineInfo":{"Brand":{"DisplayValue":"NEULEBEN","Label":"Brand","Locale":"es_ES"}},"Title":{"DisplayValue":"Pegatinas divertidas de hierba, 150 pegatinas de dibujos animados de hojas de marihuana para adolescentes y adultos, pegatinas impermeables de vinilo de hojas mixtas, álbum de recortes y guitarra","Label":"Title","Locale":"es_ES"}},"Offers":{"Summaries":[{"Condition":{"Value":"New"},"LowestPrice":{"Amount":10.99,"Currency":"EUR","DisplayAmount":"10,99 €"}}]}},{"ASIN":"B0BMVH4J88","DetailPageURL":"https://www.amazon.es/dp/B0BMVH4J88?tag=topinalambricos-21&linkCode=osi&th=1&psc=1","Images":{"Primary":{"Small":{"Height":75,"URL":"https://m.media-amazon.com/images/I/61tGBZudfIL._SL75_.jpg","Width":75}}},"ItemInfo":{"ByLineInfo":{"Brand":{"DisplayValue":"AYODPE","Label":"Brand","Locale":"es_ES"},"Manufacturer":{"DisplayValue":"AYODPE","Label":"Manufacturer","Locale":"es_ES"}},"Title":{"DisplayValue":"AYODPE 100 pegatinas de malas hierbas, vinilo resistente al agua para bricolaje, portátil, equipaje, frigorífico, monopatín, coche, moto, bicicleta, pegatinas de marihuana, juego de pegatinas","Label":"Title","Locale":"es_ES"}},"Offers":{"Summaries":[{"Condition":{"Value":"New"},"LowestPrice":{"Amount":11.97,"Currency":"EUR","DisplayAmount":"11,97 € (0,12 € / unidad)","PricePerUnit":0.12}},{"Condition":{"Value":"Used"},"LowestPrice":{"Amount":8.52,"Currency":"EUR","DisplayAmount":"8,52 € (0,09 € / unidad)","PricePerUnit":0.09}}]}},{"ASIN":"B0C8ZF6PDL","DetailPageURL":"https://www.amazon.es/dp/B0C8ZF6PDL?tag=topinalambricos-21&linkCode=osi&th=1&psc=1","Images":{"Primary":{"Small":{"Height":75,"URL":"https://m.media-amazon.com/images/I/51nhVepA96L._SL75_.jpg","Width":75}}},"ItemInfo":{"ByLineInfo":{"Brand":{"DisplayValue":"AK Giftshop","Label":"Brand","Locale":"es_ES"},"Manufacturer":{"DisplayValue":"AK Giftshop","Label":"Manufacturer","Locale":"es_ES"}},"Title":{"DisplayValue":"Pegatinas personalizables con temática de hojas de marihuana de cannabis, etiquetas personalizadas, decoraciones para fiestas, cumpleaños, celebraciones (48 pegatinas)","Label":"Title","Locale":"es_ES"}},"Offers":{"Summaries":[{"Condition":{"Value":"New"},"LowestPrice":{"Amount":5.82,"Currency":"EUR","DisplayAmount":"5,82 €"}}]}},{"ASIN":"B09T8PK6GY","DetailPageURL":"https://www.amazon.es/dp/B09T8PK6GY?tag=topinalambricos-21&linkCode=osi&th=1&psc=1","Images":{"Primary":{"Small":{"Height":75,"URL":"https://m.media-amazon.com/images/I/51tneD1zs9L._SL75_.jpg","Width":75}}},"ItemInfo":{"ByLineInfo":{"Brand":{"DisplayValue":"HNTR","Label":"Brand","Locale":"es_ES"},"Manufacturer":{"DisplayValue":"HNTR","Label":"Manufacturer","Locale":"es_ES"}},"Title":{"DisplayValue":"HNTR Pegatinas de cannabis Weed Get High – Paquete de pegatinas de vinilo Mega Diversión y creatividad para álbumes de recortes","Label":"Title","Locale":"es_ES"}},"Offers":{"Summaries":[{"Condition":{"Value":"New"},"LowestPrice":{"Amount":17.17,"Currency":"EUR","DisplayAmount":"17,17 € (0,34 € / unidad)","PricePerUnit":0.34}}]}},{"ASIN":"B08297GX94","DetailPageURL":"https://www.amazon.es/dp/B08297GX94?tag=topinalambricos-21&linkCode=osi&th=1&psc=1","Images":{"Primary":{"Small":{"Height":75,"URL":"https://m.media-amazon.com/images/I/51qX3QTO0iL._SL75_.jpg","Width":75}}},"ItemInfo":{"ByLineInfo":{"Brand":{"DisplayValue":"Destination Vinyl Ltd","Label":"Brand","Locale":"es_ES"},"Manufacturer":{"DisplayValue":"Destination Vinyl ltd","Label":"Manufacturer","Locale":"es_ES"}},"Title":{"DisplayValue":"Impresionantes pegatinas de vinilo (juego de 2) 7.5 cm – Calcomanías de marihuana con marihuana y marihuana para laptops, tabletas, equipaje, libros de recortes, regalo genial #1403114473, 23x17x1 cm","Label":"Title","Locale":"es_ES"}},"Offers":{"Summaries":[{"Condition":{"Value":"New"},"LowestPrice":{"Amount":13.75,"Currency":"EUR","DisplayAmount":"13,75 €"}}]}},{"ASIN":"B01AHJC9ZM","DetailPageURL":"https://www.amazon.es/dp/B01AHJC9ZM?tag=topinalambricos-21&linkCode=osi&th=1&psc=1","Images":{"Primary":{"Small":{"Height":75,"URL":"https://m.media-amazon.com/images/I/51W08-mMEfL._SL75_.jpg","Width":56}}},"ItemInfo":{"ByLineInfo":{"Brand":{"DisplayValue":"Charo","Label":"Brand","Locale":"es_ES"},"Manufacturer":{"DisplayValue":"Charo","Label":"Manufacturer","Locale":"es_ES"}},"Title":{"DisplayValue":"Pegatinas para plantas de cannabis, 20 unidades, 1 hoja, 135 mm x 100 mm, para manualidades, fiesta infantil, aspecto metálico","Label":"Title","Locale":"es_ES"}},"Offers":{"Summaries":[{"Condition":{"Value":"New"},"LowestPrice":{"Amount":2.99,"Currency":"EUR","DisplayAmount":"2,99 €"}}]}},{"ASIN":"B08K86S5L7","DetailPageURL":"https://www.amazon.es/dp/B08K86S5L7?tag=topinalambricos-21&linkCode=osi&th=1&psc=1","Images":{"Primary":{"Small":{"Height":52,"URL":"https://m.media-amazon.com/images/I/51aHVyxgnoL._SL75_.jpg","Width":75}}},"ItemInfo":{"ByLineInfo":{"Brand":{"DisplayValue":"Generisch","Label":"Brand","Locale":"es_ES"},"Manufacturer":{"DisplayValue":"Stickerfreaks","Label":"Manufacturer","Locale":"es_ES"}},"Title":{"DisplayValue":"Marihuana - Pegatinas para plantas (14 x 12 cm), diseño de flores","Label":"Title","Locale":"es_ES"}},"Offers":{"Summaries":[{"Condition":{"Value":"New"},"LowestPrice":{"Amount":4.75,"Currency":"EUR","DisplayAmount":"4,75 €"}}]}},{"ASIN":"B0BGC46S4R","DetailPageURL":"https://www.amazon.es/dp/B0BGC46S4R?tag=topinalambricos-21&linkCode=osi&th=1&psc=1","Images":{"Primary":{"Small":{"Height":75,"URL":"https://m.media-amazon.com/images/I/61gdoEUtbYL._SL75_.jpg","Width":75}}},"ItemInfo":{"ByLineInfo":{"Brand":{"DisplayValue":"QJFHURB","Label":"Brand","Locale":"es_ES"},"Manufacturer":{"DisplayValue":"QJFHURB","Label":"Manufacturer","Locale":"es_ES"}},"Title":{"DisplayValue":"Pegatinas De Marcas 251 piezas Pack Pegatinas Skate Pegatina Vinilo Chulas Famosas Stickers Decorativas Stikers Portatil Pegatina Vinilo para Ordenador Maletas Coche Moto Casco Bicicletas","Label":"Title","Locale":"es_ES"}},"Offers":{"Summaries":[{"Condition":{"Value":"New"},"LowestPrice":{"Amount":11.99,"Currency":"EUR","DisplayAmount":"11,99 € (6,00 € / unidad)","PricePerUnit":6.0}}]}},{"ASIN":"B09PBK5X2D","DetailPageURL":"https://www.amazon.es/dp/B09PBK5X2D?tag=topinalambricos-21&linkCode=osi&th=1&psc=1","Images":{"Primary":{"Small":{"Height":75,"URL":"https://m.media-amazon.com/images/I/61BcnLW1KXL._SL75_.jpg","Width":75}}},"ItemInfo":{"ByLineInfo":{"Brand":{"DisplayValue":"ACTTGGJ","Label":"Brand","Locale":"es_ES"},"Manufacturer":{"DisplayValue":"ACTTGGJ","Label":"Manufacturer","Locale":"es_ES"}},"Title":{"DisplayValue":"Pegatinas 100 Piezas Paquete de Pegatinas para Computadora Portátil Pegatinas de Vinilo Graffiti Sticker de Moda Pegatinas Geniales para Snowboard, Motocicleta,Guitarra Botella de Agua, Cuaderno","Label":"Title","Locale":"es_ES"}},"Offers":{"Summaries":[{"Condition":{"Value":"New"},"LowestPrice":{"Amount":9.99,"Currency":"EUR","DisplayAmount":"9,99 € (0,10 € / unidad)","PricePerUnit":0.1}}]}},{"ASIN":"B086J5TC35","DetailPageURL":"https://www.amazon.es/dp/B086J5TC35?tag=topinalambricos-21&linkCode=osi&th=1&psc=1","Images":{"Primary":{"Small":{"Height":75,"URL":"https://m.media-amazon.com/images/I/51M4O8NICOL._SL75_.jpg","Width":75}}},"ItemInfo":{"ByLineInfo":{"Brand":{"DisplayValue":"Destination Vinyl Ltd","Label":"Brand","Locale":"es_ES"},"Manufacturer":{"DisplayValue":"Destination Vinyl Ltd","Label":"Manufacturer","Locale":"es_ES"}},"Title":{"DisplayValue":"2 pegatinas de vinilo divertidas de 10 cm, diseño de marihuana de broma, cannabis y marihuana 10cm Wide","Label":"Title","Locale":"es_ES"}},"Offers":{"Summaries":[{"Condition":{"Value":"New"},"LowestPrice":{"Amount":13.02,"Currency":"EUR","DisplayAmount":"13,02 €"}}]}}],"SearchURL":"https://www.amazon.es/s?k=pegatinas+marihuana&rh=n%3A4358418031%2Cp_n_availability%3A-1&tag=topinalambricos-21&linkCode=osi","TotalResultCount":53}},"51":{"SearchResult":{"Items":[{"ASIN":"B0C6LPS2FS","DetailPageURL":"https://www.amazon.es/dp/B0C6LPS2FS?tag=topinalambricos-21&linkCode=osi&th=1&psc=1","Images":{"Primary":{"Small":{"Height":75,"URL":"https://m.media-amazon.com/images/I/61saj5jsPiL._SL75_.jpg","Width":75}}},"ItemInfo":{"ByLineInfo":{"Brand":{"DisplayValue":"NEULEBEN","Label":"Brand","Locale":"es_ES"}},"Title":{"DisplayValue":"Pegatinas divertidas de hierba, 150 pegatinas de dibujos animados de hojas de marihuana para adolescentes y adultos, pegatinas impermeables de vinilo de hojas mixtas, álbum de recortes y guitarra","Label":"Title","Locale":"es_ES"}},"Offers":{"Summaries":[{"Condition":{"Value":"New"},"LowestPrice":{"Amount":10.99,"Currency":"EUR","DisplayAmount":"10,99 €"}}]}},{"ASIN":"B0BMVH4J88","DetailPageURL":"https://www.amazon.es/dp/B0BMVH4J88?tag=topinalambricos-21&linkCode=osi&th=1&psc=1","Images":{"Primary":{"Small":{"Height":75,"URL":"https://m.media-amazon.com/images/I/61tGBZudfIL._SL75_.jpg","Width":75}}},"ItemInfo":{"ByLineInfo":{"Brand":{"DisplayValue":"AYODPE","Label":"Brand","Locale":"es_ES"},"Manufacturer":{"DisplayValue":"AYODPE","Label":"Manufacturer","Locale":"es_ES"}},"Title":{"DisplayValue":"AYODPE 100 pegatinas de malas hierbas, vinilo resistente al agua para bricolaje, portátil, equipaje, frigorífico, monopatín, coche, moto, bicicleta, pegatinas de marihuana, juego de pegatinas","Label":"Title","Locale":"es_ES"}},"Offers":{"Summaries":[{"Condition":{"Value":"New"},"LowestPrice":{"Amount":11.97,"Currency":"EUR","DisplayAmount":"11,97 € (0,12 € / unidad)","PricePerUnit":0.12}},{"Condition":{"Value":"Used"},"LowestPrice":{"Amount":8.52,"Currency":"EUR","DisplayAmount":"8,52 € (0,09 € / unidad)","PricePerUnit":0.09}}]}},{"ASIN":"B0C8ZF6PDL","DetailPageURL":"https://www.amazon.es/dp/B0C8ZF6PDL?tag=topinalambricos-21&linkCode=osi&th=1&psc=1","Images":{"Primary":{"Small":{"Height":75,"URL":"https://m.media-amazon.com/images/I/51nhVepA96L._SL75_.jpg","Width":75}}},"ItemInfo":{"ByLineInfo":{"Brand":{"DisplayValue":"AK Giftshop","Label":"Brand","Locale":"es_ES"},"Manufacturer":{"DisplayValue":"AK Giftshop","Label":"Manufacturer","Locale":"es_ES"}},"Title":{"DisplayValue":"Pegatinas personalizables con temática de hojas de marihuana de cannabis, etiquetas personalizadas, decoraciones para fiestas, cumpleaños, celebraciones (48 pegatinas)","Label":"Title","Locale":"es_ES"}},"Offers":{"Summaries":[{"Condition":{"Value":"New"},"LowestPrice":{"Amount":5.82,"Currency":"EUR","DisplayAmount":"5,82 €"}}]}},{"ASIN":"B09T8PK6GY","DetailPageURL":"https://www.amazon.es/dp/B09T8PK6GY?tag=topinalambricos-21&linkCode=osi&th=1&psc=1","Images":{"Primary":{"Small":{"Height":75,"URL":"https://m.media-amazon.com/images/I/51tneD1zs9L._SL75_.jpg","Width":75}}},"ItemInfo":{"ByLineInfo":{"Brand":{"DisplayValue":"HNTR","Label":"Brand","Locale":"es_ES"},"Manufacturer":{"DisplayValue":"HNTR","Label":"Manufacturer","Locale":"es_ES"}},"Title":{"DisplayValue":"HNTR Pegatinas de cannabis Weed Get High – Paquete de pegatinas de vinilo Mega Diversión y creatividad para álbumes de recortes","Label":"Title","Locale":"es_ES"}},"Offers":{"Summaries":[{"Condition":{"Value":"New"},"LowestPrice":{"Amount":17.17,"Currency":"EUR","DisplayAmount":"17,17 € (0,34 € / unidad)","PricePerUnit":0.34}}]}},{"ASIN":"B08297GX94","DetailPageURL":"https://www.amazon.es/dp/B08297GX94?tag=topinalambricos-21&linkCode=osi&th=1&psc=1","Images":{"Primary":{"Small":{"Height":75,"URL":"https://m.media-amazon.com/images/I/51qX3QTO0iL._SL75_.jpg","Width":75}}},"ItemInfo":{"ByLineInfo":{"Brand":{"DisplayValue":"Destination Vinyl Ltd","Label":"Brand","Locale":"es_ES"},"Manufacturer":{"DisplayValue":"Destination Vinyl ltd","Label":"Manufacturer","Locale":"es_ES"}},"Title":{"DisplayValue":"Impresionantes pegatinas de vinilo (juego de 2) 7.5 cm – Calcomanías de marihuana con marihuana y marihuana para laptops, tabletas, equipaje, libros de recortes, regalo genial #1403114473, 23x17x1 cm","Label":"Title","Locale":"es_ES"}},"Offers":{"Summaries":[{"Condition":{"Value":"New"},"LowestPrice":{"Amount":13.75,"Currency":"EUR","DisplayAmount":"13,75 €"}}]}},{"ASIN":"B01AHJC9ZM","DetailPageURL":"https://www.amazon.es/dp/B01AHJC9ZM?tag=topinalambricos-21&linkCode=osi&th=1&psc=1","Images":{"Primary":{"Small":{"Height":75,"URL":"https://m.media-amazon.com/images/I/51W08-mMEfL._SL75_.jpg","Width":56}}},"ItemInfo":{"ByLineInfo":{"Brand":{"DisplayValue":"Charo","Label":"Brand","Locale":"es_ES"},"Manufacturer":{"DisplayValue":"Charo","Label":"Manufacturer","Locale":"es_ES"}},"Title":{"DisplayValue":"Pegatinas para plantas de cannabis, 20 unidades, 1 hoja, 135 mm x 100 mm, para manualidades, fiesta infantil, aspecto metálico","Label":"Title","Locale":"es_ES"}},"Offers":{"Summaries":[{"Condition":{"Value":"New"},"LowestPrice":{"Amount":2.99,"Currency":"EUR","DisplayAmount":"2,99 €"}}]}},{"ASIN":"B08K86S5L7","DetailPageURL":"https://www.amazon.es/dp/B08K86S5L7?tag=topinalambricos-21&linkCode=osi&th=1&psc=1","Images":{"Primary":{"Small":{"Height":52,"URL":"https://m.media-amazon.com/images/I/51aHVyxgnoL._SL75_.jpg","Width":75}}},"ItemInfo":{"ByLineInfo":{"Brand":{"DisplayValue":"Generisch","Label":"Brand","Locale":"es_ES"},"Manufacturer":{"DisplayValue":"Stickerfreaks","Label":"Manufacturer","Locale":"es_ES"}},"Title":{"DisplayValue":"Marihuana - Pegatinas para plantas (14 x 12 cm), diseño de flores","Label":"Title","Locale":"es_ES"}},"Offers":{"Summaries":[{"Condition":{"Value":"New"},"LowestPrice":{"Amount":4.75,"Currency":"EUR","DisplayAmount":"4,75 €"}}]}},{"ASIN":"B0BGC46S4R","DetailPageURL":"https://www.amazon.es/dp/B0BGC46S4R?tag=topinalambricos-21&linkCode=osi&th=1&psc=1","Images":{"Primary":{"Small":{"Height":75,"URL":"https://m.media-amazon.com/images/I/61gdoEUtbYL._SL75_.jpg","Width":75}}},"ItemInfo":{"ByLineInfo":{"Brand":{"DisplayValue":"QJFHURB","Label":"Brand","Locale":"es_ES"},"Manufacturer":{"DisplayValue":"QJFHURB","Label":"Manufacturer","Locale":"es_ES"}},"Title":{"DisplayValue":"Pegatinas De Marcas 251 piezas Pack Pegatinas Skate Pegatina Vinilo Chulas Famosas Stickers Decorativas Stikers Portatil Pegatina Vinilo para Ordenador Maletas Coche Moto Casco Bicicletas","Label":"Title","Locale":"es_ES"}},"Offers":{"Summaries":[{"Condition":{"Value":"New"},"LowestPrice":{"Amount":11.99,"Currency":"EUR","DisplayAmount":"11,99 € (6,00 € / unidad)","PricePerUnit":6.0}}]}},{"ASIN":"B09PBK5X2D","DetailPageURL":"https://www.amazon.es/dp/B09PBK5X2D?tag=topinalambricos-21&linkCode=osi&th=1&psc=1","Images":{"Primary":{"Small":{"Height":75,"URL":"https://m.media-amazon.com/images/I/61BcnLW1KXL._SL75_.jpg","Width":75}}},"ItemInfo":{"ByLineInfo":{"Brand":{"DisplayValue":"ACTTGGJ","Label":"Brand","Locale":"es_ES"},"Manufacturer":{"DisplayValue":"ACTTGGJ","Label":"Manufacturer","Locale":"es_ES"}},"Title":{"DisplayValue":"Pegatinas 100 Piezas Paquete de Pegatinas para Computadora Portátil Pegatinas de Vinilo Graffiti Sticker de Moda Pegatinas Geniales para Snowboard, Motocicleta,Guitarra Botella de Agua, Cuaderno","Label":"Title","Locale":"es_ES"}},"Offers":{"Summaries":[{"Condition":{"Value":"New"},"LowestPrice":{"Amount":9.99,"Currency":"EUR","DisplayAmount":"9,99 € (0,10 € / unidad)","PricePerUnit":0.1}}]}},{"ASIN":"B086J5TC35","DetailPageURL":"https://www.amazon.es/dp/B086J5TC35?tag=topinalambricos-21&linkCode=osi&th=1&psc=1","Images":{"Primary":{"Small":{"Height":75,"URL":"https://m.media-amazon.com/images/I/51M4O8NICOL._SL75_.jpg","Width":75}}},"ItemInfo":{"ByLineInfo":{"Brand":{"DisplayValue":"Destination Vinyl Ltd","Label":"Brand","Locale":"es_ES"},"Manufacturer":{"DisplayValue":"Destination Vinyl Ltd","Label":"Manufacturer","Locale":"es_ES"}},"Title":{"DisplayValue":"2 pegatinas de vinilo divertidas de 10 cm, diseño de marihuana de broma, cannabis y marihuana 10cm Wide","Label":"Title","Locale":"es_ES"}},"Offers":{"Summaries":[{"Condition":{"Value":"New"},"LowestPrice":{"Amount":13.02,"Currency":"EUR","DisplayAmount":"13,02 €"}}]}}],"SearchURL":"https://www.amazon.es/s?k=pegatinas+marihuana&rh=n%3A4358418031%2Cp_n_availability%3A-1&tag=topinalambricos-21&linkCode=osi","TotalResultCount":53}},"52":{"SearchResult":{"Items":[{"ASIN":"B0C6LPS2FS","DetailPageURL":"https://www.amazon.es/dp/B0C6LPS2FS?tag=topinalambricos-21&linkCode=osi&th=1&psc=1","Images":{"Primary":{"Small":{"Height":75,"URL":"https://m.media-amazon.com/images/I/61saj5jsPiL._SL75_.jpg","Width":75}}},"ItemInfo":{"ByLineInfo":{"Brand":{"DisplayValue":"NEULEBEN","Label":"Brand","Locale":"es_ES"}},"Title":{"DisplayValue":"Pegatinas divertidas de hierba, 150 pegatinas de dibujos animados de hojas de marihuana para adolescentes y adultos, pegatinas impermeables de vinilo de hojas mixtas, álbum de recortes y guitarra","Label":"Title","Locale":"es_ES"}},"Offers":{"Summaries":[{"Condition":{"Value":"New"},"LowestPrice":{"Amount":10.99,"Currency":"EUR","DisplayAmount":"10,99 €"}}]}},{"ASIN":"B0BMVH4J88","DetailPageURL":"https://www.amazon.es/dp/B0BMVH4J88?tag=topinalambricos-21&linkCode=osi&th=1&psc=1","Images":{"Primary":{"Small":{"Height":75,"URL":"https://m.media-amazon.com/images/I/61tGBZudfIL._SL75_.jpg","Width":75}}},"ItemInfo":{"ByLineInfo":{"Brand":{"DisplayValue":"AYODPE","Label":"Brand","Locale":"es_ES"},"Manufacturer":{"DisplayValue":"AYODPE","Label":"Manufacturer","Locale":"es_ES"}},"Title":{"DisplayValue":"AYODPE 100 pegatinas de malas hierbas, vinilo resistente al agua para bricolaje, portátil, equipaje, frigorífico, monopatín, coche, moto, bicicleta, pegatinas de marihuana, juego de pegatinas","Label":"Title","Locale":"es_ES"}},"Offers":{"Summaries":[{"Condition":{"Value":"New"},"LowestPrice":{"Amount":11.97,"Currency":"EUR","DisplayAmount":"11,97 € (0,12 € / unidad)","PricePerUnit":0.12}},{"Condition":{"Value":"Used"},"LowestPrice":{"Amount":8.52,"Currency":"EUR","DisplayAmount":"8,52 € (0,09 € / unidad)","PricePerUnit":0.09}}]}},{"ASIN":"B0C8ZF6PDL","DetailPageURL":"https://www.amazon.es/dp/B0C8ZF6PDL?tag=topinalambricos-21&linkCode=osi&th=1&psc=1","Images":{"Primary":{"Small":{"Height":75,"URL":"https://m.media-amazon.com/images/I/51nhVepA96L._SL75_.jpg","Width":75}}},"ItemInfo":{"ByLineInfo":{"Brand":{"DisplayValue":"AK Giftshop","Label":"Brand","Locale":"es_ES"},"Manufacturer":{"DisplayValue":"AK Giftshop","Label":"Manufacturer","Locale":"es_ES"}},"Title":{"DisplayValue":"Pegatinas personalizables con temática de hojas de marihuana de cannabis, etiquetas personalizadas, decoraciones para fiestas, cumpleaños, celebraciones (48 pegatinas)","Label":"Title","Locale":"es_ES"}},"Offers":{"Summaries":[{"Condition":{"Value":"New"},"LowestPrice":{"Amount":5.82,"Currency":"EUR","DisplayAmount":"5,82 €"}}]}},{"ASIN":"B09T8PK6GY","DetailPageURL":"https://www.amazon.es/dp/B09T8PK6GY?tag=topinalambricos-21&linkCode=osi&th=1&psc=1","Images":{"Primary":{"Small":{"Height":75,"URL":"https://m.media-amazon.com/images/I/51tneD1zs9L._SL75_.jpg","Width":75}}},"ItemInfo":{"ByLineInfo":{"Brand":{"DisplayValue":"HNTR","Label":"Brand","Locale":"es_ES"},"Manufacturer":{"DisplayValue":"HNTR","Label":"Manufacturer","Locale":"es_ES"}},"Title":{"DisplayValue":"HNTR Pegatinas de cannabis Weed Get High – Paquete de pegatinas de vinilo Mega Diversión y creatividad para álbumes de recortes","Label":"Title","Locale":"es_ES"}},"Offers":{"Summaries":[{"Condition":{"Value":"New"},"LowestPrice":{"Amount":17.17,"Currency":"EUR","DisplayAmount":"17,17 € (0,34 € / unidad)","PricePerUnit":0.34}}]}},{"ASIN":"B08297GX94","DetailPageURL":"https://www.amazon.es/dp/B08297GX94?tag=topinalambricos-21&linkCode=osi&th=1&psc=1","Images":{"Primary":{"Small":{"Height":75,"URL":"https://m.media-amazon.com/images/I/51qX3QTO0iL._SL75_.jpg","Width":75}}},"ItemInfo":{"ByLineInfo":{"Brand":{"DisplayValue":"Destination Vinyl Ltd","Label":"Brand","Locale":"es_ES"},"Manufacturer":{"DisplayValue":"Destination Vinyl ltd","Label":"Manufacturer","Locale":"es_ES"}},"Title":{"DisplayValue":"Impresionantes pegatinas de vinilo (juego de 2) 7.5 cm – Calcomanías de marihuana con marihuana y marihuana para laptops, tabletas, equipaje, libros de recortes, regalo genial #1403114473, 23x17x1 cm","Label":"Title","Locale":"es_ES"}},"Offers":{"Summaries":[{"Condition":{"Value":"New"},"LowestPrice":{"Amount":13.75,"Currency":"EUR","DisplayAmount":"13,75 €"}}]}},{"ASIN":"B01AHJC9ZM","DetailPageURL":"https://www.amazon.es/dp/B01AHJC9ZM?tag=topinalambricos-21&linkCode=osi&th=1&psc=1","Images":{"Primary":{"Small":{"Height":75,"URL":"https://m.media-amazon.com/images/I/51W08-mMEfL._SL75_.jpg","Width":56}}},"ItemInfo":{"ByLineInfo":{"Brand":{"DisplayValue":"Charo","Label":"Brand","Locale":"es_ES"},"Manufacturer":{"DisplayValue":"Charo","Label":"Manufacturer","Locale":"es_ES"}},"Title":{"DisplayValue":"Pegatinas para plantas de cannabis, 20 unidades, 1 hoja, 135 mm x 100 mm, para manualidades, fiesta infantil, aspecto metálico","Label":"Title","Locale":"es_ES"}},"Offers":{"Summaries":[{"Condition":{"Value":"New"},"LowestPrice":{"Amount":2.99,"Currency":"EUR","DisplayAmount":"2,99 €"}}]}},{"ASIN":"B08K86S5L7","DetailPageURL":"https://www.amazon.es/dp/B08K86S5L7?tag=topinalambricos-21&linkCode=osi&th=1&psc=1","Images":{"Primary":{"Small":{"Height":52,"URL":"https://m.media-amazon.com/images/I/51aHVyxgnoL._SL75_.jpg","Width":75}}},"ItemInfo":{"ByLineInfo":{"Brand":{"DisplayValue":"Generisch","Label":"Brand","Locale":"es_ES"},"Manufacturer":{"DisplayValue":"Stickerfreaks","Label":"Manufacturer","Locale":"es_ES"}},"Title":{"DisplayValue":"Marihuana - Pegatinas para plantas (14 x 12 cm), diseño de flores","Label":"Title","Locale":"es_ES"}},"Offers":{"Summaries":[{"Condition":{"Value":"New"},"LowestPrice":{"Amount":4.75,"Currency":"EUR","DisplayAmount":"4,75 €"}}]}},{"ASIN":"B0BGC46S4R","DetailPageURL":"https://www.amazon.es/dp/B0BGC46S4R?tag=topinalambricos-21&linkCode=osi&th=1&psc=1","Images":{"Primary":{"Small":{"Height":75,"URL":"https://m.media-amazon.com/images/I/61gdoEUtbYL._SL75_.jpg","Width":75}}},"ItemInfo":{"ByLineInfo":{"Brand":{"DisplayValue":"QJFHURB","Label":"Brand","Locale":"es_ES"},"Manufacturer":{"DisplayValue":"QJFHURB","Label":"Manufacturer","Locale":"es_ES"}},"Title":{"DisplayValue":"Pegatinas De Marcas 251 piezas Pack Pegatinas Skate Pegatina Vinilo Chulas Famosas Stickers Decorativas Stikers Portatil Pegatina Vinilo para Ordenador Maletas Coche Moto Casco Bicicletas","Label":"Title","Locale":"es_ES"}},"Offers":{"Summaries":[{"Condition":{"Value":"New"},"LowestPrice":{"Amount":11.99,"Currency":"EUR","DisplayAmount":"11,99 € (6,00 € / unidad)","PricePerUnit":6.0}}]}},{"ASIN":"B09PBK5X2D","DetailPageURL":"https://www.amazon.es/dp/B09PBK5X2D?tag=topinalambricos-21&linkCode=osi&th=1&psc=1","Images":{"Primary":{"Small":{"Height":75,"URL":"https://m.media-amazon.com/images/I/61BcnLW1KXL._SL75_.jpg","Width":75}}},"ItemInfo":{"ByLineInfo":{"Brand":{"DisplayValue":"ACTTGGJ","Label":"Brand","Locale":"es_ES"},"Manufacturer":{"DisplayValue":"ACTTGGJ","Label":"Manufacturer","Locale":"es_ES"}},"Title":{"DisplayValue":"Pegatinas 100 Piezas Paquete de Pegatinas para Computadora Portátil Pegatinas de Vinilo Graffiti Sticker de Moda Pegatinas Geniales para Snowboard, Motocicleta,Guitarra Botella de Agua, Cuaderno","Label":"Title","Locale":"es_ES"}},"Offers":{"Summaries":[{"Condition":{"Value":"New"},"LowestPrice":{"Amount":9.99,"Currency":"EUR","DisplayAmount":"9,99 € (0,10 € / unidad)","PricePerUnit":0.1}}]}},{"ASIN":"B086J5TC35","DetailPageURL":"https://www.amazon.es/dp/B086J5TC35?tag=topinalambricos-21&linkCode=osi&th=1&psc=1","Images":{"Primary":{"Small":{"Height":75,"URL":"https://m.media-amazon.com/images/I/51M4O8NICOL._SL75_.jpg","Width":75}}},"ItemInfo":{"ByLineInfo":{"Brand":{"DisplayValue":"Destination Vinyl Ltd","Label":"Brand","Locale":"es_ES"},"Manufacturer":{"DisplayValue":"Destination Vinyl Ltd","Label":"Manufacturer","Locale":"es_ES"}},"Title":{"DisplayValue":"2 pegatinas de vinilo divertidas de 10 cm, diseño de marihuana de broma, cannabis y marihuana 10cm Wide","Label":"Title","Locale":"es_ES"}},"Offers":{"Summaries":[{"Condition":{"Value":"New"},"LowestPrice":{"Amount":13.02,"Currency":"EUR","DisplayAmount":"13,02 €"}}]}}],"SearchURL":"https://www.amazon.es/s?k=pegatinas+marihuana&rh=n%3A4358418031%2Cp_n_availability%3A-1&tag=topinalambricos-21&linkCode=osi","TotalResultCount":53}},"53":{"SearchResult":{"Items":[{"ASIN":"B0C6LPS2FS","DetailPageURL":"https://www.amazon.es/dp/B0C6LPS2FS?tag=topinalambricos-21&linkCode=osi&th=1&psc=1","Images":{"Primary":{"Small":{"Height":75,"URL":"https://m.media-amazon.com/images/I/61saj5jsPiL._SL75_.jpg","Width":75}}},"ItemInfo":{"ByLineInfo":{"Brand":{"DisplayValue":"NEULEBEN","Label":"Brand","Locale":"es_ES"}},"Title":{"DisplayValue":"Pegatinas divertidas de hierba, 150 pegatinas de dibujos animados de hojas de marihuana para adolescentes y adultos, pegatinas impermeables de vinilo de hojas mixtas, álbum de recortes y guitarra","Label":"Title","Locale":"es_ES"}},"Offers":{"Summaries":[{"Condition":{"Value":"New"},"LowestPrice":{"Amount":10.99,"Currency":"EUR","DisplayAmount":"10,99 €"}}]}},{"ASIN":"B0BMVH4J88","DetailPageURL":"https://www.amazon.es/dp/B0BMVH4J88?tag=topinalambricos-21&linkCode=osi&th=1&psc=1","Images":{"Primary":{"Small":{"Height":75,"URL":"https://m.media-amazon.com/images/I/61tGBZudfIL._SL75_.jpg","Width":75}}},"ItemInfo":{"ByLineInfo":{"Brand":{"DisplayValue":"AYODPE","Label":"Brand","Locale":"es_ES"},"Manufacturer":{"DisplayValue":"AYODPE","Label":"Manufacturer","Locale":"es_ES"}},"Title":{"DisplayValue":"AYODPE 100 pegatinas de malas hierbas, vinilo resistente al agua para bricolaje, portátil, equipaje, frigorífico, monopatín, coche, moto, bicicleta, pegatinas de marihuana, juego de pegatinas","Label":"Title","Locale":"es_ES"}},"Offers":{"Summaries":[{"Condition":{"Value":"New"},"LowestPrice":{"Amount":11.97,"Currency":"EUR","DisplayAmount":"11,97 € (0,12 € / unidad)","PricePerUnit":0.12}},{"Condition":{"Value":"Used"},"LowestPrice":{"Amount":8.52,"Currency":"EUR","DisplayAmount":"8,52 € (0,09 € / unidad)","PricePerUnit":0.09}}]}},{"ASIN":"B0C8ZF6PDL","DetailPageURL":"https://www.amazon.es/dp/B0C8ZF6PDL?tag=topinalambricos-21&linkCode=osi&th=1&psc=1","Images":{"Primary":{"Small":{"Height":75,"URL":"https://m.media-amazon.com/images/I/51nhVepA96L._SL75_.jpg","Width":75}}},"ItemInfo":{"ByLineInfo":{"Brand":{"DisplayValue":"AK Giftshop","Label":"Brand","Locale":"es_ES"},"Manufacturer":{"DisplayValue":"AK Giftshop","Label":"Manufacturer","Locale":"es_ES"}},"Title":{"DisplayValue":"Pegatinas personalizables con temática de hojas de marihuana de cannabis, etiquetas personalizadas, decoraciones para fiestas, cumpleaños, celebraciones (48 pegatinas)","Label":"Title","Locale":"es_ES"}},"Offers":{"Summaries":[{"Condition":{"Value":"New"},"LowestPrice":{"Amount":5.82,"Currency":"EUR","DisplayAmount":"5,82 €"}}]}},{"ASIN":"B09T8PK6GY","DetailPageURL":"https://www.amazon.es/dp/B09T8PK6GY?tag=topinalambricos-21&linkCode=osi&th=1&psc=1","Images":{"Primary":{"Small":{"Height":75,"URL":"https://m.media-amazon.com/images/I/51tneD1zs9L._SL75_.jpg","Width":75}}},"ItemInfo":{"ByLineInfo":{"Brand":{"DisplayValue":"HNTR","Label":"Brand","Locale":"es_ES"},"Manufacturer":{"DisplayValue":"HNTR","Label":"Manufacturer","Locale":"es_ES"}},"Title":{"DisplayValue":"HNTR Pegatinas de cannabis Weed Get High – Paquete de pegatinas de vinilo Mega Diversión y creatividad para álbumes de recortes","Label":"Title","Locale":"es_ES"}},"Offers":{"Summaries":[{"Condition":{"Value":"New"},"LowestPrice":{"Amount":17.17,"Currency":"EUR","DisplayAmount":"17,17 € (0,34 € / unidad)","PricePerUnit":0.34}}]}},{"ASIN":"B08297GX94","DetailPageURL":"https://www.amazon.es/dp/B08297GX94?tag=topinalambricos-21&linkCode=osi&th=1&psc=1","Images":{"Primary":{"Small":{"Height":75,"URL":"https://m.media-amazon.com/images/I/51qX3QTO0iL._SL75_.jpg","Width":75}}},"ItemInfo":{"ByLineInfo":{"Brand":{"DisplayValue":"Destination Vinyl Ltd","Label":"Brand","Locale":"es_ES"},"Manufacturer":{"DisplayValue":"Destination Vinyl ltd","Label":"Manufacturer","Locale":"es_ES"}},"Title":{"DisplayValue":"Impresionantes pegatinas de vinilo (juego de 2) 7.5 cm – Calcomanías de marihuana con marihuana y marihuana para laptops, tabletas, equipaje, libros de recortes, regalo genial #1403114473, 23x17x1 cm","Label":"Title","Locale":"es_ES"}},"Offers":{"Summaries":[{"Condition":{"Value":"New"},"LowestPrice":{"Amount":13.75,"Currency":"EUR","DisplayAmount":"13,75 €"}}]}},{"ASIN":"B01AHJC9ZM","DetailPageURL":"https://www.amazon.es/dp/B01AHJC9ZM?tag=topinalambricos-21&linkCode=osi&th=1&psc=1","Images":{"Primary":{"Small":{"Height":75,"URL":"https://m.media-amazon.com/images/I/51W08-mMEfL._SL75_.jpg","Width":56}}},"ItemInfo":{"ByLineInfo":{"Brand":{"DisplayValue":"Charo","Label":"Brand","Locale":"es_ES"},"Manufacturer":{"DisplayValue":"Charo","Label":"Manufacturer","Locale":"es_ES"}},"Title":{"DisplayValue":"Pegatinas para plantas de cannabis, 20 unidades, 1 hoja, 135 mm x 100 mm, para manualidades, fiesta infantil, aspecto metálico","Label":"Title","Locale":"es_ES"}},"Offers":{"Summaries":[{"Condition":{"Value":"New"},"LowestPrice":{"Amount":2.99,"Currency":"EUR","DisplayAmount":"2,99 €"}}]}},{"ASIN":"B08K86S5L7","DetailPageURL":"https://www.amazon.es/dp/B08K86S5L7?tag=topinalambricos-21&linkCode=osi&th=1&psc=1","Images":{"Primary":{"Small":{"Height":52,"URL":"https://m.media-amazon.com/images/I/51aHVyxgnoL._SL75_.jpg","Width":75}}},"ItemInfo":{"ByLineInfo":{"Brand":{"DisplayValue":"Generisch","Label":"Brand","Locale":"es_ES"},"Manufacturer":{"DisplayValue":"Stickerfreaks","Label":"Manufacturer","Locale":"es_ES"}},"Title":{"DisplayValue":"Marihuana - Pegatinas para plantas (14 x 12 cm), diseño de flores","Label":"Title","Locale":"es_ES"}},"Offers":{"Summaries":[{"Condition":{"Value":"New"},"LowestPrice":{"Amount":4.75,"Currency":"EUR","DisplayAmount":"4,75 €"}}]}},{"ASIN":"B0BGC46S4R","DetailPageURL":"https://www.amazon.es/dp/B0BGC46S4R?tag=topinalambricos-21&linkCode=osi&th=1&psc=1","Images":{"Primary":{"Small":{"Height":75,"URL":"https://m.media-amazon.com/images/I/61gdoEUtbYL._SL75_.jpg","Width":75}}},"ItemInfo":{"ByLineInfo":{"Brand":{"DisplayValue":"QJFHURB","Label":"Brand","Locale":"es_ES"},"Manufacturer":{"DisplayValue":"QJFHURB","Label":"Manufacturer","Locale":"es_ES"}},"Title":{"DisplayValue":"Pegatinas De Marcas 251 piezas Pack Pegatinas Skate Pegatina Vinilo Chulas Famosas Stickers Decorativas Stikers Portatil Pegatina Vinilo para Ordenador Maletas Coche Moto Casco Bicicletas","Label":"Title","Locale":"es_ES"}},"Offers":{"Summaries":[{"Condition":{"Value":"New"},"LowestPrice":{"Amount":11.99,"Currency":"EUR","DisplayAmount":"11,99 € (6,00 € / unidad)","PricePerUnit":6.0}}]}},{"ASIN":"B09PBK5X2D","DetailPageURL":"https://www.amazon.es/dp/B09PBK5X2D?tag=topinalambricos-21&linkCode=osi&th=1&psc=1","Images":{"Primary":{"Small":{"Height":75,"URL":"https://m.media-amazon.com/images/I/61BcnLW1KXL._SL75_.jpg","Width":75}}},"ItemInfo":{"ByLineInfo":{"Brand":{"DisplayValue":"ACTTGGJ","Label":"Brand","Locale":"es_ES"},"Manufacturer":{"DisplayValue":"ACTTGGJ","Label":"Manufacturer","Locale":"es_ES"}},"Title":{"DisplayValue":"Pegatinas 100 Piezas Paquete de Pegatinas para Computadora Portátil Pegatinas de Vinilo Graffiti Sticker de Moda Pegatinas Geniales para Snowboard, Motocicleta,Guitarra Botella de Agua, Cuaderno","Label":"Title","Locale":"es_ES"}},"Offers":{"Summaries":[{"Condition":{"Value":"New"},"LowestPrice":{"Amount":9.99,"Currency":"EUR","DisplayAmount":"9,99 € (0,10 € / unidad)","PricePerUnit":0.1}}]}},{"ASIN":"B086J5TC35","DetailPageURL":"https://www.amazon.es/dp/B086J5TC35?tag=topinalambricos-21&linkCode=osi&th=1&psc=1","Images":{"Primary":{"Small":{"Height":75,"URL":"https://m.media-amazon.com/images/I/51M4O8NICOL._SL75_.jpg","Width":75}}},"ItemInfo":{"ByLineInfo":{"Brand":{"DisplayValue":"Destination Vinyl Ltd","Label":"Brand","Locale":"es_ES"},"Manufacturer":{"DisplayValue":"Destination Vinyl Ltd","Label":"Manufacturer","Locale":"es_ES"}},"Title":{"DisplayValue":"2 pegatinas de vinilo divertidas de 10 cm, diseño de marihuana de broma, cannabis y marihuana 10cm Wide","Label":"Title","Locale":"es_ES"}},"Offers":{"Summaries":[{"Condition":{"Value":"New"},"LowestPrice":{"Amount":13.02,"Currency":"EUR","DisplayAmount":"13,02 €"}}]}}],"SearchURL":"https://www.amazon.es/s?k=pegatinas+marihuana&rh=n%3A4358418031%2Cp_n_availability%3A-1&tag=topinalambricos-21&linkCode=osi","TotalResultCount":53}},"54":{"SearchResult":{"Items":[{"ASIN":"B0C6LPS2FS","DetailPageURL":"https://www.amazon.es/dp/B0C6LPS2FS?tag=topinalambricos-21&linkCode=osi&th=1&psc=1","Images":{"Primary":{"Small":{"Height":75,"URL":"https://m.media-amazon.com/images/I/61saj5jsPiL._SL75_.jpg","Width":75}}},"ItemInfo":{"ByLineInfo":{"Brand":{"DisplayValue":"NEULEBEN","Label":"Brand","Locale":"es_ES"}},"Title":{"DisplayValue":"Pegatinas divertidas de hierba, 150 pegatinas de dibujos animados de hojas de marihuana para adolescentes y adultos, pegatinas impermeables de vinilo de hojas mixtas, álbum de recortes y guitarra","Label":"Title","Locale":"es_ES"}},"Offers":{"Summaries":[{"Condition":{"Value":"New"},"LowestPrice":{"Amount":10.99,"Currency":"EUR","DisplayAmount":"10,99 €"}}]}},{"ASIN":"B0BMVH4J88","DetailPageURL":"https://www.amazon.es/dp/B0BMVH4J88?tag=topinalambricos-21&linkCode=osi&th=1&psc=1","Images":{"Primary":{"Small":{"Height":75,"URL":"https://m.media-amazon.com/images/I/61tGBZudfIL._SL75_.jpg","Width":75}}},"ItemInfo":{"ByLineInfo":{"Brand":{"DisplayValue":"AYODPE","Label":"Brand","Locale":"es_ES"},"Manufacturer":{"DisplayValue":"AYODPE","Label":"Manufacturer","Locale":"es_ES"}},"Title":{"DisplayValue":"AYODPE 100 pegatinas de malas hierbas, vinilo resistente al agua para bricolaje, portátil, equipaje, frigorífico, monopatín, coche, moto, bicicleta, pegatinas de marihuana, juego de pegatinas","Label":"Title","Locale":"es_ES"}},"Offers":{"Summaries":[{"Condition":{"Value":"New"},"LowestPrice":{"Amount":11.97,"Currency":"EUR","DisplayAmount":"11,97 € (0,12 € / unidad)","PricePerUnit":0.12}},{"Condition":{"Value":"Used"},"LowestPrice":{"Amount":8.52,"Currency":"EUR","DisplayAmount":"8,52 € (0,09 € / unidad)","PricePerUnit":0.09}}]}},{"ASIN":"B0C8ZF6PDL","DetailPageURL":"https://www.amazon.es/dp/B0C8ZF6PDL?tag=topinalambricos-21&linkCode=osi&th=1&psc=1","Images":{"Primary":{"Small":{"Height":75,"URL":"https://m.media-amazon.com/images/I/51nhVepA96L._SL75_.jpg","Width":75}}},"ItemInfo":{"ByLineInfo":{"Brand":{"DisplayValue":"AK Giftshop","Label":"Brand","Locale":"es_ES"},"Manufacturer":{"DisplayValue":"AK Giftshop","Label":"Manufacturer","Locale":"es_ES"}},"Title":{"DisplayValue":"Pegatinas personalizables con temática de hojas de marihuana de cannabis, etiquetas personalizadas, decoraciones para fiestas, cumpleaños, celebraciones (48 pegatinas)","Label":"Title","Locale":"es_ES"}},"Offers":{"Summaries":[{"Condition":{"Value":"New"},"LowestPrice":{"Amount":5.82,"Currency":"EUR","DisplayAmount":"5,82 €"}}]}},{"ASIN":"B09T8PK6GY","DetailPageURL":"https://www.amazon.es/dp/B09T8PK6GY?tag=topinalambricos-21&linkCode=osi&th=1&psc=1","Images":{"Primary":{"Small":{"Height":75,"URL":"https://m.media-amazon.com/images/I/51tneD1zs9L._SL75_.jpg","Width":75}}},"ItemInfo":{"ByLineInfo":{"Brand":{"DisplayValue":"HNTR","Label":"Brand","Locale":"es_ES"},"Manufacturer":{"DisplayValue":"HNTR","Label":"Manufacturer","Locale":"es_ES"}},"Title":{"DisplayValue":"HNTR Pegatinas de cannabis Weed Get High – Paquete de pegatinas de vinilo Mega Diversión y creatividad para álbumes de recortes","Label":"Title","Locale":"es_ES"}},"Offers":{"Summaries":[{"Condition":{"Value":"New"},"LowestPrice":{"Amount":17.17,"Currency":"EUR","DisplayAmount":"17,17 € (0,34 € / unidad)","PricePerUnit":0.34}}]}},{"ASIN":"B08297GX94","DetailPageURL":"https://www.amazon.es/dp/B08297GX94?tag=topinalambricos-21&linkCode=osi&th=1&psc=1","Images":{"Primary":{"Small":{"Height":75,"URL":"https://m.media-amazon.com/images/I/51qX3QTO0iL._SL75_.jpg","Width":75}}},"ItemInfo":{"ByLineInfo":{"Brand":{"DisplayValue":"Destination Vinyl Ltd","Label":"Brand","Locale":"es_ES"},"Manufacturer":{"DisplayValue":"Destination Vinyl ltd","Label":"Manufacturer","Locale":"es_ES"}},"Title":{"DisplayValue":"Impresionantes pegatinas de vinilo (juego de 2) 7.5 cm – Calcomanías de marihuana con marihuana y marihuana para laptops, tabletas, equipaje, libros de recortes, regalo genial #1403114473, 23x17x1 cm","Label":"Title","Locale":"es_ES"}},"Offers":{"Summaries":[{"Condition":{"Value":"New"},"LowestPrice":{"Amount":13.75,"Currency":"EUR","DisplayAmount":"13,75 €"}}]}},{"ASIN":"B01AHJC9ZM","DetailPageURL":"https://www.amazon.es/dp/B01AHJC9ZM?tag=topinalambricos-21&linkCode=osi&th=1&psc=1","Images":{"Primary":{"Small":{"Height":75,"URL":"https://m.media-amazon.com/images/I/51W08-mMEfL._SL75_.jpg","Width":56}}},"ItemInfo":{"ByLineInfo":{"Brand":{"DisplayValue":"Charo","Label":"Brand","Locale":"es_ES"},"Manufacturer":{"DisplayValue":"Charo","Label":"Manufacturer","Locale":"es_ES"}},"Title":{"DisplayValue":"Pegatinas para plantas de cannabis, 20 unidades, 1 hoja, 135 mm x 100 mm, para manualidades, fiesta infantil, aspecto metálico","Label":"Title","Locale":"es_ES"}},"Offers":{"Summaries":[{"Condition":{"Value":"New"},"LowestPrice":{"Amount":2.99,"Currency":"EUR","DisplayAmount":"2,99 €"}}]}},{"ASIN":"B08K86S5L7","DetailPageURL":"https://www.amazon.es/dp/B08K86S5L7?tag=topinalambricos-21&linkCode=osi&th=1&psc=1","Images":{"Primary":{"Small":{"Height":52,"URL":"https://m.media-amazon.com/images/I/51aHVyxgnoL._SL75_.jpg","Width":75}}},"ItemInfo":{"ByLineInfo":{"Brand":{"DisplayValue":"Generisch","Label":"Brand","Locale":"es_ES"},"Manufacturer":{"DisplayValue":"Stickerfreaks","Label":"Manufacturer","Locale":"es_ES"}},"Title":{"DisplayValue":"Marihuana - Pegatinas para plantas (14 x 12 cm), diseño de flores","Label":"Title","Locale":"es_ES"}},"Offers":{"Summaries":[{"Condition":{"Value":"New"},"LowestPrice":{"Amount":4.75,"Currency":"EUR","DisplayAmount":"4,75 €"}}]}},{"ASIN":"B0BGC46S4R","DetailPageURL":"https://www.amazon.es/dp/B0BGC46S4R?tag=topinalambricos-21&linkCode=osi&th=1&psc=1","Images":{"Primary":{"Small":{"Height":75,"URL":"https://m.media-amazon.com/images/I/61gdoEUtbYL._SL75_.jpg","Width":75}}},"ItemInfo":{"ByLineInfo":{"Brand":{"DisplayValue":"QJFHURB","Label":"Brand","Locale":"es_ES"},"Manufacturer":{"DisplayValue":"QJFHURB","Label":"Manufacturer","Locale":"es_ES"}},"Title":{"DisplayValue":"Pegatinas De Marcas 251 piezas Pack Pegatinas Skate Pegatina Vinilo Chulas Famosas Stickers Decorativas Stikers Portatil Pegatina Vinilo para Ordenador Maletas Coche Moto Casco Bicicletas","Label":"Title","Locale":"es_ES"}},"Offers":{"Summaries":[{"Condition":{"Value":"New"},"LowestPrice":{"Amount":11.99,"Currency":"EUR","DisplayAmount":"11,99 € (6,00 € / unidad)","PricePerUnit":6.0}}]}},{"ASIN":"B09PBK5X2D","DetailPageURL":"https://www.amazon.es/dp/B09PBK5X2D?tag=topinalambricos-21&linkCode=osi&th=1&psc=1","Images":{"Primary":{"Small":{"Height":75,"URL":"https://m.media-amazon.com/images/I/61BcnLW1KXL._SL75_.jpg","Width":75}}},"ItemInfo":{"ByLineInfo":{"Brand":{"DisplayValue":"ACTTGGJ","Label":"Brand","Locale":"es_ES"},"Manufacturer":{"DisplayValue":"ACTTGGJ","Label":"Manufacturer","Locale":"es_ES"}},"Title":{"DisplayValue":"Pegatinas 100 Piezas Paquete de Pegatinas para Computadora Portátil Pegatinas de Vinilo Graffiti Sticker de Moda Pegatinas Geniales para Snowboard, Motocicleta,Guitarra Botella de Agua, Cuaderno","Label":"Title","Locale":"es_ES"}},"Offers":{"Summaries":[{"Condition":{"Value":"New"},"LowestPrice":{"Amount":9.99,"Currency":"EUR","DisplayAmount":"9,99 € (0,10 € / unidad)","PricePerUnit":0.1}}]}},{"ASIN":"B086J5TC35","DetailPageURL":"https://www.amazon.es/dp/B086J5TC35?tag=topinalambricos-21&linkCode=osi&th=1&psc=1","Images":{"Primary":{"Small":{"Height":75,"URL":"https://m.media-amazon.com/images/I/51M4O8NICOL._SL75_.jpg","Width":75}}},"ItemInfo":{"ByLineInfo":{"Brand":{"DisplayValue":"Destination Vinyl Ltd","Label":"Brand","Locale":"es_ES"},"Manufacturer":{"DisplayValue":"Destination Vinyl Ltd","Label":"Manufacturer","Locale":"es_ES"}},"Title":{"DisplayValue":"2 pegatinas de vinilo divertidas de 10 cm, diseño de marihuana de broma, cannabis y marihuana 10cm Wide","Label":"Title","Locale":"es_ES"}},"Offers":{"Summaries":[{"Condition":{"Value":"New"},"LowestPrice":{"Amount":13.02,"Currency":"EUR","DisplayAmount":"13,02 €"}}]}}],"SearchURL":"https://www.amazon.es/s?k=pegatinas+marihuana&rh=n%3A4358418031%2Cp_n_availability%3A-1&tag=topinalambricos-21&linkCode=osi","TotalResultCount":53}},"56":{"SearchResult":{"Items":[{"ASIN":"B0C6LPS2FS","DetailPageURL":"https://www.amazon.es/dp/B0C6LPS2FS?tag=topinalambricos-21&linkCode=osi&th=1&psc=1","Images":{"Primary":{"Small":{"Height":75,"URL":"https://m.media-amazon.com/images/I/61saj5jsPiL._SL75_.jpg","Width":75}}},"ItemInfo":{"ByLineInfo":{"Brand":{"DisplayValue":"NEULEBEN","Label":"Brand","Locale":"es_ES"}},"Title":{"DisplayValue":"Pegatinas divertidas de hierba, 150 pegatinas de dibujos animados de hojas de marihuana para adolescentes y adultos, pegatinas impermeables de vinilo de hojas mixtas, álbum de recortes y guitarra","Label":"Title","Locale":"es_ES"}},"Offers":{"Summaries":[{"Condition":{"Value":"New"},"LowestPrice":{"Amount":10.99,"Currency":"EUR","DisplayAmount":"10,99 €"}}]}},{"ASIN":"B0BMVH4J88","DetailPageURL":"https://www.amazon.es/dp/B0BMVH4J88?tag=topinalambricos-21&linkCode=osi&th=1&psc=1","Images":{"Primary":{"Small":{"Height":75,"URL":"https://m.media-amazon.com/images/I/61tGBZudfIL._SL75_.jpg","Width":75}}},"ItemInfo":{"ByLineInfo":{"Brand":{"DisplayValue":"AYODPE","Label":"Brand","Locale":"es_ES"},"Manufacturer":{"DisplayValue":"AYODPE","Label":"Manufacturer","Locale":"es_ES"}},"Title":{"DisplayValue":"AYODPE 100 pegatinas de malas hierbas, vinilo resistente al agua para bricolaje, portátil, equipaje, frigorífico, monopatín, coche, moto, bicicleta, pegatinas de marihuana, juego de pegatinas","Label":"Title","Locale":"es_ES"}},"Offers":{"Summaries":[{"Condition":{"Value":"New"},"LowestPrice":{"Amount":11.97,"Currency":"EUR","DisplayAmount":"11,97 € (0,12 € / unidad)","PricePerUnit":0.12}},{"Condition":{"Value":"Used"},"LowestPrice":{"Amount":8.52,"Currency":"EUR","DisplayAmount":"8,52 € (0,09 € / unidad)","PricePerUnit":0.09}}]}},{"ASIN":"B0C8ZF6PDL","DetailPageURL":"https://www.amazon.es/dp/B0C8ZF6PDL?tag=topinalambricos-21&linkCode=osi&th=1&psc=1","Images":{"Primary":{"Small":{"Height":75,"URL":"https://m.media-amazon.com/images/I/51nhVepA96L._SL75_.jpg","Width":75}}},"ItemInfo":{"ByLineInfo":{"Brand":{"DisplayValue":"AK Giftshop","Label":"Brand","Locale":"es_ES"},"Manufacturer":{"DisplayValue":"AK Giftshop","Label":"Manufacturer","Locale":"es_ES"}},"Title":{"DisplayValue":"Pegatinas personalizables con temática de hojas de marihuana de cannabis, etiquetas personalizadas, decoraciones para fiestas, cumpleaños, celebraciones (48 pegatinas)","Label":"Title","Locale":"es_ES"}},"Offers":{"Summaries":[{"Condition":{"Value":"New"},"LowestPrice":{"Amount":5.82,"Currency":"EUR","DisplayAmount":"5,82 €"}}]}},{"ASIN":"B09T8PK6GY","DetailPageURL":"https://www.amazon.es/dp/B09T8PK6GY?tag=topinalambricos-21&linkCode=osi&th=1&psc=1","Images":{"Primary":{"Small":{"Height":75,"URL":"https://m.media-amazon.com/images/I/51tneD1zs9L._SL75_.jpg","Width":75}}},"ItemInfo":{"ByLineInfo":{"Brand":{"DisplayValue":"HNTR","Label":"Brand","Locale":"es_ES"},"Manufacturer":{"DisplayValue":"HNTR","Label":"Manufacturer","Locale":"es_ES"}},"Title":{"DisplayValue":"HNTR Pegatinas de cannabis Weed Get High – Paquete de pegatinas de vinilo Mega Diversión y creatividad para álbumes de recortes","Label":"Title","Locale":"es_ES"}},"Offers":{"Summaries":[{"Condition":{"Value":"New"},"LowestPrice":{"Amount":17.17,"Currency":"EUR","DisplayAmount":"17,17 € (0,34 € / unidad)","PricePerUnit":0.34}}]}},{"ASIN":"B08297GX94","DetailPageURL":"https://www.amazon.es/dp/B08297GX94?tag=topinalambricos-21&linkCode=osi&th=1&psc=1","Images":{"Primary":{"Small":{"Height":75,"URL":"https://m.media-amazon.com/images/I/51qX3QTO0iL._SL75_.jpg","Width":75}}},"ItemInfo":{"ByLineInfo":{"Brand":{"DisplayValue":"Destination Vinyl Ltd","Label":"Brand","Locale":"es_ES"},"Manufacturer":{"DisplayValue":"Destination Vinyl ltd","Label":"Manufacturer","Locale":"es_ES"}},"Title":{"DisplayValue":"Impresionantes pegatinas de vinilo (juego de 2) 7.5 cm – Calcomanías de marihuana con marihuana y marihuana para laptops, tabletas, equipaje, libros de recortes, regalo genial #1403114473, 23x17x1 cm","Label":"Title","Locale":"es_ES"}},"Offers":{"Summaries":[{"Condition":{"Value":"New"},"LowestPrice":{"Amount":13.75,"Currency":"EUR","DisplayAmount":"13,75 €"}}]}},{"ASIN":"B01AHJC9ZM","DetailPageURL":"https://www.amazon.es/dp/B01AHJC9ZM?tag=topinalambricos-21&linkCode=osi&th=1&psc=1","Images":{"Primary":{"Small":{"Height":75,"URL":"https://m.media-amazon.com/images/I/51W08-mMEfL._SL75_.jpg","Width":56}}},"ItemInfo":{"ByLineInfo":{"Brand":{"DisplayValue":"Charo","Label":"Brand","Locale":"es_ES"},"Manufacturer":{"DisplayValue":"Charo","Label":"Manufacturer","Locale":"es_ES"}},"Title":{"DisplayValue":"Pegatinas para plantas de cannabis, 20 unidades, 1 hoja, 135 mm x 100 mm, para manualidades, fiesta infantil, aspecto metálico","Label":"Title","Locale":"es_ES"}},"Offers":{"Summaries":[{"Condition":{"Value":"New"},"LowestPrice":{"Amount":2.99,"Currency":"EUR","DisplayAmount":"2,99 €"}}]}},{"ASIN":"B08K86S5L7","DetailPageURL":"https://www.amazon.es/dp/B08K86S5L7?tag=topinalambricos-21&linkCode=osi&th=1&psc=1","Images":{"Primary":{"Small":{"Height":52,"URL":"https://m.media-amazon.com/images/I/51aHVyxgnoL._SL75_.jpg","Width":75}}},"ItemInfo":{"ByLineInfo":{"Brand":{"DisplayValue":"Generisch","Label":"Brand","Locale":"es_ES"},"Manufacturer":{"DisplayValue":"Stickerfreaks","Label":"Manufacturer","Locale":"es_ES"}},"Title":{"DisplayValue":"Marihuana - Pegatinas para plantas (14 x 12 cm), diseño de flores","Label":"Title","Locale":"es_ES"}},"Offers":{"Summaries":[{"Condition":{"Value":"New"},"LowestPrice":{"Amount":4.75,"Currency":"EUR","DisplayAmount":"4,75 €"}}]}},{"ASIN":"B0BGC46S4R","DetailPageURL":"https://www.amazon.es/dp/B0BGC46S4R?tag=topinalambricos-21&linkCode=osi&th=1&psc=1","Images":{"Primary":{"Small":{"Height":75,"URL":"https://m.media-amazon.com/images/I/61gdoEUtbYL._SL75_.jpg","Width":75}}},"ItemInfo":{"ByLineInfo":{"Brand":{"DisplayValue":"QJFHURB","Label":"Brand","Locale":"es_ES"},"Manufacturer":{"DisplayValue":"QJFHURB","Label":"Manufacturer","Locale":"es_ES"}},"Title":{"DisplayValue":"Pegatinas De Marcas 251 piezas Pack Pegatinas Skate Pegatina Vinilo Chulas Famosas Stickers Decorativas Stikers Portatil Pegatina Vinilo para Ordenador Maletas Coche Moto Casco Bicicletas","Label":"Title","Locale":"es_ES"}},"Offers":{"Summaries":[{"Condition":{"Value":"New"},"LowestPrice":{"Amount":11.99,"Currency":"EUR","DisplayAmount":"11,99 € (6,00 € / unidad)","PricePerUnit":6.0}}]}},{"ASIN":"B09PBK5X2D","DetailPageURL":"https://www.amazon.es/dp/B09PBK5X2D?tag=topinalambricos-21&linkCode=osi&th=1&psc=1","Images":{"Primary":{"Small":{"Height":75,"URL":"https://m.media-amazon.com/images/I/61BcnLW1KXL._SL75_.jpg","Width":75}}},"ItemInfo":{"ByLineInfo":{"Brand":{"DisplayValue":"ACTTGGJ","Label":"Brand","Locale":"es_ES"},"Manufacturer":{"DisplayValue":"ACTTGGJ","Label":"Manufacturer","Locale":"es_ES"}},"Title":{"DisplayValue":"Pegatinas 100 Piezas Paquete de Pegatinas para Computadora Portátil Pegatinas de Vinilo Graffiti Sticker de Moda Pegatinas Geniales para Snowboard, Motocicleta,Guitarra Botella de Agua, Cuaderno","Label":"Title","Locale":"es_ES"}},"Offers":{"Summaries":[{"Condition":{"Value":"New"},"LowestPrice":{"Amount":9.99,"Currency":"EUR","DisplayAmount":"9,99 € (0,10 € / unidad)","PricePerUnit":0.1}}]}},{"ASIN":"B086J5TC35","DetailPageURL":"https://www.amazon.es/dp/B086J5TC35?tag=topinalambricos-21&linkCode=osi&th=1&psc=1","Images":{"Primary":{"Small":{"Height":75,"URL":"https://m.media-amazon.com/images/I/51M4O8NICOL._SL75_.jpg","Width":75}}},"ItemInfo":{"ByLineInfo":{"Brand":{"DisplayValue":"Destination Vinyl Ltd","Label":"Brand","Locale":"es_ES"},"Manufacturer":{"DisplayValue":"Destination Vinyl Ltd","Label":"Manufacturer","Locale":"es_ES"}},"Title":{"DisplayValue":"2 pegatinas de vinilo divertidas de 10 cm, diseño de marihuana de broma, cannabis y marihuana 10cm Wide","Label":"Title","Locale":"es_ES"}},"Offers":{"Summaries":[{"Condition":{"Value":"New"},"LowestPrice":{"Amount":13.02,"Currency":"EUR","DisplayAmount":"13,02 €"}}]}}],"SearchURL":"https://www.amazon.es/s?k=pegatinas+marihuana&rh=n%3A4358418031%2Cp_n_availability%3A-1&tag=topinalambricos-21&linkCode=osi","TotalResultCount":53}},"57":{"SearchResult":{"Items":[{"ASIN":"B0C6LPS2FS","DetailPageURL":"https://www.amazon.es/dp/B0C6LPS2FS?tag=topinalambricos-21&linkCode=osi&th=1&psc=1","Images":{"Primary":{"Small":{"Height":75,"URL":"https://m.media-amazon.com/images/I/61saj5jsPiL._SL75_.jpg","Width":75}}},"ItemInfo":{"ByLineInfo":{"Brand":{"DisplayValue":"NEULEBEN","Label":"Brand","Locale":"es_ES"}},"Title":{"DisplayValue":"Pegatinas divertidas de hierba, 150 pegatinas de dibujos animados de hojas de marihuana para adolescentes y adultos, pegatinas impermeables de vinilo de hojas mixtas, álbum de recortes y guitarra","Label":"Title","Locale":"es_ES"}},"Offers":{"Summaries":[{"Condition":{"Value":"New"},"LowestPrice":{"Amount":10.99,"Currency":"EUR","DisplayAmount":"10,99 €"}}]}},{"ASIN":"B0BMVH4J88","DetailPageURL":"https://www.amazon.es/dp/B0BMVH4J88?tag=topinalambricos-21&linkCode=osi&th=1&psc=1","Images":{"Primary":{"Small":{"Height":75,"URL":"https://m.media-amazon.com/images/I/61tGBZudfIL._SL75_.jpg","Width":75}}},"ItemInfo":{"ByLineInfo":{"Brand":{"DisplayValue":"AYODPE","Label":"Brand","Locale":"es_ES"},"Manufacturer":{"DisplayValue":"AYODPE","Label":"Manufacturer","Locale":"es_ES"}},"Title":{"DisplayValue":"AYODPE 100 pegatinas de malas hierbas, vinilo resistente al agua para bricolaje, portátil, equipaje, frigorífico, monopatín, coche, moto, bicicleta, pegatinas de marihuana, juego de pegatinas","Label":"Title","Locale":"es_ES"}},"Offers":{"Summaries":[{"Condition":{"Value":"New"},"LowestPrice":{"Amount":11.97,"Currency":"EUR","DisplayAmount":"11,97 € (0,12 € / unidad)","PricePerUnit":0.12}},{"Condition":{"Value":"Used"},"LowestPrice":{"Amount":8.52,"Currency":"EUR","DisplayAmount":"8,52 € (0,09 € / unidad)","PricePerUnit":0.09}}]}},{"ASIN":"B0C8ZF6PDL","DetailPageURL":"https://www.amazon.es/dp/B0C8ZF6PDL?tag=topinalambricos-21&linkCode=osi&th=1&psc=1","Images":{"Primary":{"Small":{"Height":75,"URL":"https://m.media-amazon.com/images/I/51nhVepA96L._SL75_.jpg","Width":75}}},"ItemInfo":{"ByLineInfo":{"Brand":{"DisplayValue":"AK Giftshop","Label":"Brand","Locale":"es_ES"},"Manufacturer":{"DisplayValue":"AK Giftshop","Label":"Manufacturer","Locale":"es_ES"}},"Title":{"DisplayValue":"Pegatinas personalizables con temática de hojas de marihuana de cannabis, etiquetas personalizadas, decoraciones para fiestas, cumpleaños, celebraciones (48 pegatinas)","Label":"Title","Locale":"es_ES"}},"Offers":{"Summaries":[{"Condition":{"Value":"New"},"LowestPrice":{"Amount":5.82,"Currency":"EUR","DisplayAmount":"5,82 €"}}]}},{"ASIN":"B09T8PK6GY","DetailPageURL":"https://www.amazon.es/dp/B09T8PK6GY?tag=topinalambricos-21&linkCode=osi&th=1&psc=1","Images":{"Primary":{"Small":{"Height":75,"URL":"https://m.media-amazon.com/images/I/51tneD1zs9L._SL75_.jpg","Width":75}}},"ItemInfo":{"ByLineInfo":{"Brand":{"DisplayValue":"HNTR","Label":"Brand","Locale":"es_ES"},"Manufacturer":{"DisplayValue":"HNTR","Label":"Manufacturer","Locale":"es_ES"}},"Title":{"DisplayValue":"HNTR Pegatinas de cannabis Weed Get High – Paquete de pegatinas de vinilo Mega Diversión y creatividad para álbumes de recortes","Label":"Title","Locale":"es_ES"}},"Offers":{"Summaries":[{"Condition":{"Value":"New"},"LowestPrice":{"Amount":17.17,"Currency":"EUR","DisplayAmount":"17,17 € (0,34 € / unidad)","PricePerUnit":0.34}}]}},{"ASIN":"B08297GX94","DetailPageURL":"https://www.amazon.es/dp/B08297GX94?tag=topinalambricos-21&linkCode=osi&th=1&psc=1","Images":{"Primary":{"Small":{"Height":75,"URL":"https://m.media-amazon.com/images/I/51qX3QTO0iL._SL75_.jpg","Width":75}}},"ItemInfo":{"ByLineInfo":{"Brand":{"DisplayValue":"Destination Vinyl Ltd","Label":"Brand","Locale":"es_ES"},"Manufacturer":{"DisplayValue":"Destination Vinyl ltd","Label":"Manufacturer","Locale":"es_ES"}},"Title":{"DisplayValue":"Impresionantes pegatinas de vinilo (juego de 2) 7.5 cm – Calcomanías de marihuana con marihuana y marihuana para laptops, tabletas, equipaje, libros de recortes, regalo genial #1403114473, 23x17x1 cm","Label":"Title","Locale":"es_ES"}},"Offers":{"Summaries":[{"Condition":{"Value":"New"},"LowestPrice":{"Amount":13.75,"Currency":"EUR","DisplayAmount":"13,75 €"}}]}},{"ASIN":"B01AHJC9ZM","DetailPageURL":"https://www.amazon.es/dp/B01AHJC9ZM?tag=topinalambricos-21&linkCode=osi&th=1&psc=1","Images":{"Primary":{"Small":{"Height":75,"URL":"https://m.media-amazon.com/images/I/51W08-mMEfL._SL75_.jpg","Width":56}}},"ItemInfo":{"ByLineInfo":{"Brand":{"DisplayValue":"Charo","Label":"Brand","Locale":"es_ES"},"Manufacturer":{"DisplayValue":"Charo","Label":"Manufacturer","Locale":"es_ES"}},"Title":{"DisplayValue":"Pegatinas para plantas de cannabis, 20 unidades, 1 hoja, 135 mm x 100 mm, para manualidades, fiesta infantil, aspecto metálico","Label":"Title","Locale":"es_ES"}},"Offers":{"Summaries":[{"Condition":{"Value":"New"},"LowestPrice":{"Amount":2.99,"Currency":"EUR","DisplayAmount":"2,99 €"}}]}},{"ASIN":"B08K86S5L7","DetailPageURL":"https://www.amazon.es/dp/B08K86S5L7?tag=topinalambricos-21&linkCode=osi&th=1&psc=1","Images":{"Primary":{"Small":{"Height":52,"URL":"https://m.media-amazon.com/images/I/51aHVyxgnoL._SL75_.jpg","Width":75}}},"ItemInfo":{"ByLineInfo":{"Brand":{"DisplayValue":"Generisch","Label":"Brand","Locale":"es_ES"},"Manufacturer":{"DisplayValue":"Stickerfreaks","Label":"Manufacturer","Locale":"es_ES"}},"Title":{"DisplayValue":"Marihuana - Pegatinas para plantas (14 x 12 cm), diseño de flores","Label":"Title","Locale":"es_ES"}},"Offers":{"Summaries":[{"Condition":{"Value":"New"},"LowestPrice":{"Amount":4.75,"Currency":"EUR","DisplayAmount":"4,75 €"}}]}},{"ASIN":"B0BGC46S4R","DetailPageURL":"https://www.amazon.es/dp/B0BGC46S4R?tag=topinalambricos-21&linkCode=osi&th=1&psc=1","Images":{"Primary":{"Small":{"Height":75,"URL":"https://m.media-amazon.com/images/I/61gdoEUtbYL._SL75_.jpg","Width":75}}},"ItemInfo":{"ByLineInfo":{"Brand":{"DisplayValue":"QJFHURB","Label":"Brand","Locale":"es_ES"},"Manufacturer":{"DisplayValue":"QJFHURB","Label":"Manufacturer","Locale":"es_ES"}},"Title":{"DisplayValue":"Pegatinas De Marcas 251 piezas Pack Pegatinas Skate Pegatina Vinilo Chulas Famosas Stickers Decorativas Stikers Portatil Pegatina Vinilo para Ordenador Maletas Coche Moto Casco Bicicletas","Label":"Title","Locale":"es_ES"}},"Offers":{"Summaries":[{"Condition":{"Value":"New"},"LowestPrice":{"Amount":11.99,"Currency":"EUR","DisplayAmount":"11,99 € (6,00 € / unidad)","PricePerUnit":6.0}}]}},{"ASIN":"B09PBK5X2D","DetailPageURL":"https://www.amazon.es/dp/B09PBK5X2D?tag=topinalambricos-21&linkCode=osi&th=1&psc=1","Images":{"Primary":{"Small":{"Height":75,"URL":"https://m.media-amazon.com/images/I/61BcnLW1KXL._SL75_.jpg","Width":75}}},"ItemInfo":{"ByLineInfo":{"Brand":{"DisplayValue":"ACTTGGJ","Label":"Brand","Locale":"es_ES"},"Manufacturer":{"DisplayValue":"ACTTGGJ","Label":"Manufacturer","Locale":"es_ES"}},"Title":{"DisplayValue":"Pegatinas 100 Piezas Paquete de Pegatinas para Computadora Portátil Pegatinas de Vinilo Graffiti Sticker de Moda Pegatinas Geniales para Snowboard, Motocicleta,Guitarra Botella de Agua, Cuaderno","Label":"Title","Locale":"es_ES"}},"Offers":{"Summaries":[{"Condition":{"Value":"New"},"LowestPrice":{"Amount":9.99,"Currency":"EUR","DisplayAmount":"9,99 € (0,10 € / unidad)","PricePerUnit":0.1}}]}},{"ASIN":"B086J5TC35","DetailPageURL":"https://www.amazon.es/dp/B086J5TC35?tag=topinalambricos-21&linkCode=osi&th=1&psc=1","Images":{"Primary":{"Small":{"Height":75,"URL":"https://m.media-amazon.com/images/I/51M4O8NICOL._SL75_.jpg","Width":75}}},"ItemInfo":{"ByLineInfo":{"Brand":{"DisplayValue":"Destination Vinyl Ltd","Label":"Brand","Locale":"es_ES"},"Manufacturer":{"DisplayValue":"Destination Vinyl Ltd","Label":"Manufacturer","Locale":"es_ES"}},"Title":{"DisplayValue":"2 pegatinas de vinilo divertidas de 10 cm, diseño de marihuana de broma, cannabis y marihuana 10cm Wide","Label":"Title","Locale":"es_ES"}},"Offers":{"Summaries":[{"Condition":{"Value":"New"},"LowestPrice":{"Amount":13.02,"Currency":"EUR","DisplayAmount":"13,02 €"}}]}}],"SearchURL":"https://www.amazon.es/s?k=pegatinas+marihuana&rh=n%3A4358418031%2Cp_n_availability%3A-1&tag=topinalambricos-21&linkCode=osi","TotalResultCount":53}},"58":{"SearchResult":{"Items":[{"ASIN":"B0C6LPS2FS","DetailPageURL":"https://www.amazon.es/dp/B0C6LPS2FS?tag=topinalambricos-21&linkCode=osi&th=1&psc=1","Images":{"Primary":{"Small":{"Height":75,"URL":"https://m.media-amazon.com/images/I/61saj5jsPiL._SL75_.jpg","Width":75}}},"ItemInfo":{"ByLineInfo":{"Brand":{"DisplayValue":"NEULEBEN","Label":"Brand","Locale":"es_ES"}},"Title":{"DisplayValue":"Pegatinas divertidas de hierba, 150 pegatinas de dibujos animados de hojas de marihuana para adolescentes y adultos, pegatinas impermeables de vinilo de hojas mixtas, álbum de recortes y guitarra","Label":"Title","Locale":"es_ES"}},"Offers":{"Summaries":[{"Condition":{"Value":"New"},"LowestPrice":{"Amount":10.99,"Currency":"EUR","DisplayAmount":"10,99 €"}}]}},{"ASIN":"B0BMVH4J88","DetailPageURL":"https://www.amazon.es/dp/B0BMVH4J88?tag=topinalambricos-21&linkCode=osi&th=1&psc=1","Images":{"Primary":{"Small":{"Height":75,"URL":"https://m.media-amazon.com/images/I/61tGBZudfIL._SL75_.jpg","Width":75}}},"ItemInfo":{"ByLineInfo":{"Brand":{"DisplayValue":"AYODPE","Label":"Brand","Locale":"es_ES"},"Manufacturer":{"DisplayValue":"AYODPE","Label":"Manufacturer","Locale":"es_ES"}},"Title":{"DisplayValue":"AYODPE 100 pegatinas de malas hierbas, vinilo resistente al agua para bricolaje, portátil, equipaje, frigorífico, monopatín, coche, moto, bicicleta, pegatinas de marihuana, juego de pegatinas","Label":"Title","Locale":"es_ES"}},"Offers":{"Summaries":[{"Condition":{"Value":"New"},"LowestPrice":{"Amount":11.97,"Currency":"EUR","DisplayAmount":"11,97 € (0,12 € / unidad)","PricePerUnit":0.12}},{"Condition":{"Value":"Used"},"LowestPrice":{"Amount":8.52,"Currency":"EUR","DisplayAmount":"8,52 € (0,09 € / unidad)","PricePerUnit":0.09}}]}},{"ASIN":"B0C8ZF6PDL","DetailPageURL":"https://www.amazon.es/dp/B0C8ZF6PDL?tag=topinalambricos-21&linkCode=osi&th=1&psc=1","Images":{"Primary":{"Small":{"Height":75,"URL":"https://m.media-amazon.com/images/I/51nhVepA96L._SL75_.jpg","Width":75}}},"ItemInfo":{"ByLineInfo":{"Brand":{"DisplayValue":"AK Giftshop","Label":"Brand","Locale":"es_ES"},"Manufacturer":{"DisplayValue":"AK Giftshop","Label":"Manufacturer","Locale":"es_ES"}},"Title":{"DisplayValue":"Pegatinas personalizables con temática de hojas de marihuana de cannabis, etiquetas personalizadas, decoraciones para fiestas, cumpleaños, celebraciones (48 pegatinas)","Label":"Title","Locale":"es_ES"}},"Offers":{"Summaries":[{"Condition":{"Value":"New"},"LowestPrice":{"Amount":5.82,"Currency":"EUR","DisplayAmount":"5,82 €"}}]}},{"ASIN":"B09T8PK6GY","DetailPageURL":"https://www.amazon.es/dp/B09T8PK6GY?tag=topinalambricos-21&linkCode=osi&th=1&psc=1","Images":{"Primary":{"Small":{"Height":75,"URL":"https://m.media-amazon.com/images/I/51tneD1zs9L._SL75_.jpg","Width":75}}},"ItemInfo":{"ByLineInfo":{"Brand":{"DisplayValue":"HNTR","Label":"Brand","Locale":"es_ES"},"Manufacturer":{"DisplayValue":"HNTR","Label":"Manufacturer","Locale":"es_ES"}},"Title":{"DisplayValue":"HNTR Pegatinas de cannabis Weed Get High – Paquete de pegatinas de vinilo Mega Diversión y creatividad para álbumes de recortes","Label":"Title","Locale":"es_ES"}},"Offers":{"Summaries":[{"Condition":{"Value":"New"},"LowestPrice":{"Amount":17.17,"Currency":"EUR","DisplayAmount":"17,17 € (0,34 € / unidad)","PricePerUnit":0.34}}]}},{"ASIN":"B08297GX94","DetailPageURL":"https://www.amazon.es/dp/B08297GX94?tag=topinalambricos-21&linkCode=osi&th=1&psc=1","Images":{"Primary":{"Small":{"Height":75,"URL":"https://m.media-amazon.com/images/I/51qX3QTO0iL._SL75_.jpg","Width":75}}},"ItemInfo":{"ByLineInfo":{"Brand":{"DisplayValue":"Destination Vinyl Ltd","Label":"Brand","Locale":"es_ES"},"Manufacturer":{"DisplayValue":"Destination Vinyl ltd","Label":"Manufacturer","Locale":"es_ES"}},"Title":{"DisplayValue":"Impresionantes pegatinas de vinilo (juego de 2) 7.5 cm – Calcomanías de marihuana con marihuana y marihuana para laptops, tabletas, equipaje, libros de recortes, regalo genial #1403114473, 23x17x1 cm","Label":"Title","Locale":"es_ES"}},"Offers":{"Summaries":[{"Condition":{"Value":"New"},"LowestPrice":{"Amount":13.75,"Currency":"EUR","DisplayAmount":"13,75 €"}}]}},{"ASIN":"B01AHJC9ZM","DetailPageURL":"https://www.amazon.es/dp/B01AHJC9ZM?tag=topinalambricos-21&linkCode=osi&th=1&psc=1","Images":{"Primary":{"Small":{"Height":75,"URL":"https://m.media-amazon.com/images/I/51W08-mMEfL._SL75_.jpg","Width":56}}},"ItemInfo":{"ByLineInfo":{"Brand":{"DisplayValue":"Charo","Label":"Brand","Locale":"es_ES"},"Manufacturer":{"DisplayValue":"Charo","Label":"Manufacturer","Locale":"es_ES"}},"Title":{"DisplayValue":"Pegatinas para plantas de cannabis, 20 unidades, 1 hoja, 135 mm x 100 mm, para manualidades, fiesta infantil, aspecto metálico","Label":"Title","Locale":"es_ES"}},"Offers":{"Summaries":[{"Condition":{"Value":"New"},"LowestPrice":{"Amount":2.99,"Currency":"EUR","DisplayAmount":"2,99 €"}}]}},{"ASIN":"B08K86S5L7","DetailPageURL":"https://www.amazon.es/dp/B08K86S5L7?tag=topinalambricos-21&linkCode=osi&th=1&psc=1","Images":{"Primary":{"Small":{"Height":52,"URL":"https://m.media-amazon.com/images/I/51aHVyxgnoL._SL75_.jpg","Width":75}}},"ItemInfo":{"ByLineInfo":{"Brand":{"DisplayValue":"Generisch","Label":"Brand","Locale":"es_ES"},"Manufacturer":{"DisplayValue":"Stickerfreaks","Label":"Manufacturer","Locale":"es_ES"}},"Title":{"DisplayValue":"Marihuana - Pegatinas para plantas (14 x 12 cm), diseño de flores","Label":"Title","Locale":"es_ES"}},"Offers":{"Summaries":[{"Condition":{"Value":"New"},"LowestPrice":{"Amount":4.75,"Currency":"EUR","DisplayAmount":"4,75 €"}}]}},{"ASIN":"B0BGC46S4R","DetailPageURL":"https://www.amazon.es/dp/B0BGC46S4R?tag=topinalambricos-21&linkCode=osi&th=1&psc=1","Images":{"Primary":{"Small":{"Height":75,"URL":"https://m.media-amazon.com/images/I/61gdoEUtbYL._SL75_.jpg","Width":75}}},"ItemInfo":{"ByLineInfo":{"Brand":{"DisplayValue":"QJFHURB","Label":"Brand","Locale":"es_ES"},"Manufacturer":{"DisplayValue":"QJFHURB","Label":"Manufacturer","Locale":"es_ES"}},"Title":{"DisplayValue":"Pegatinas De Marcas 251 piezas Pack Pegatinas Skate Pegatina Vinilo Chulas Famosas Stickers Decorativas Stikers Portatil Pegatina Vinilo para Ordenador Maletas Coche Moto Casco Bicicletas","Label":"Title","Locale":"es_ES"}},"Offers":{"Summaries":[{"Condition":{"Value":"New"},"LowestPrice":{"Amount":11.99,"Currency":"EUR","DisplayAmount":"11,99 € (6,00 € / unidad)","PricePerUnit":6.0}}]}},{"ASIN":"B09PBK5X2D","DetailPageURL":"https://www.amazon.es/dp/B09PBK5X2D?tag=topinalambricos-21&linkCode=osi&th=1&psc=1","Images":{"Primary":{"Small":{"Height":75,"URL":"https://m.media-amazon.com/images/I/61BcnLW1KXL._SL75_.jpg","Width":75}}},"ItemInfo":{"ByLineInfo":{"Brand":{"DisplayValue":"ACTTGGJ","Label":"Brand","Locale":"es_ES"},"Manufacturer":{"DisplayValue":"ACTTGGJ","Label":"Manufacturer","Locale":"es_ES"}},"Title":{"DisplayValue":"Pegatinas 100 Piezas Paquete de Pegatinas para Computadora Portátil Pegatinas de Vinilo Graffiti Sticker de Moda Pegatinas Geniales para Snowboard, Motocicleta,Guitarra Botella de Agua, Cuaderno","Label":"Title","Locale":"es_ES"}},"Offers":{"Summaries":[{"Condition":{"Value":"New"},"LowestPrice":{"Amount":9.99,"Currency":"EUR","DisplayAmount":"9,99 € (0,10 € / unidad)","PricePerUnit":0.1}}]}},{"ASIN":"B086J5TC35","DetailPageURL":"https://www.amazon.es/dp/B086J5TC35?tag=topinalambricos-21&linkCode=osi&th=1&psc=1","Images":{"Primary":{"Small":{"Height":75,"URL":"https://m.media-amazon.com/images/I/51M4O8NICOL._SL75_.jpg","Width":75}}},"ItemInfo":{"ByLineInfo":{"Brand":{"DisplayValue":"Destination Vinyl Ltd","Label":"Brand","Locale":"es_ES"},"Manufacturer":{"DisplayValue":"Destination Vinyl Ltd","Label":"Manufacturer","Locale":"es_ES"}},"Title":{"DisplayValue":"2 pegatinas de vinilo divertidas de 10 cm, diseño de marihuana de broma, cannabis y marihuana 10cm Wide","Label":"Title","Locale":"es_ES"}},"Offers":{"Summaries":[{"Condition":{"Value":"New"},"LowestPrice":{"Amount":13.02,"Currency":"EUR","DisplayAmount":"13,02 €"}}]}}],"SearchURL":"https://www.amazon.es/s?k=pegatinas+marihuana&rh=n%3A4358418031%2Cp_n_availability%3A-1&tag=topinalambricos-21&linkCode=osi","TotalResultCount":53}},"59":{"SearchResult":{"Items":[{"ASIN":"B0C6LPS2FS","DetailPageURL":"https://www.amazon.es/dp/B0C6LPS2FS?tag=topinalambricos-21&linkCode=osi&th=1&psc=1","Images":{"Primary":{"Small":{"Height":75,"URL":"https://m.media-amazon.com/images/I/61saj5jsPiL._SL75_.jpg","Width":75}}},"ItemInfo":{"ByLineInfo":{"Brand":{"DisplayValue":"NEULEBEN","Label":"Brand","Locale":"es_ES"}},"Title":{"DisplayValue":"Pegatinas divertidas de hierba, 150 pegatinas de dibujos animados de hojas de marihuana para adolescentes y adultos, pegatinas impermeables de vinilo de hojas mixtas, álbum de recortes y guitarra","Label":"Title","Locale":"es_ES"}},"Offers":{"Summaries":[{"Condition":{"Value":"New"},"LowestPrice":{"Amount":10.99,"Currency":"EUR","DisplayAmount":"10,99 €"}}]}},{"ASIN":"B0BMVH4J88","DetailPageURL":"https://www.amazon.es/dp/B0BMVH4J88?tag=topinalambricos-21&linkCode=osi&th=1&psc=1","Images":{"Primary":{"Small":{"Height":75,"URL":"https://m.media-amazon.com/images/I/61tGBZudfIL._SL75_.jpg","Width":75}}},"ItemInfo":{"ByLineInfo":{"Brand":{"DisplayValue":"AYODPE","Label":"Brand","Locale":"es_ES"},"Manufacturer":{"DisplayValue":"AYODPE","Label":"Manufacturer","Locale":"es_ES"}},"Title":{"DisplayValue":"AYODPE 100 pegatinas de malas hierbas, vinilo resistente al agua para bricolaje, portátil, equipaje, frigorífico, monopatín, coche, moto, bicicleta, pegatinas de marihuana, juego de pegatinas","Label":"Title","Locale":"es_ES"}},"Offers":{"Summaries":[{"Condition":{"Value":"New"},"LowestPrice":{"Amount":11.97,"Currency":"EUR","DisplayAmount":"11,97 € (0,12 € / unidad)","PricePerUnit":0.12}},{"Condition":{"Value":"Used"},"LowestPrice":{"Amount":8.52,"Currency":"EUR","DisplayAmount":"8,52 € (0,09 € / unidad)","PricePerUnit":0.09}}]}},{"ASIN":"B0C8ZF6PDL","DetailPageURL":"https://www.amazon.es/dp/B0C8ZF6PDL?tag=topinalambricos-21&linkCode=osi&th=1&psc=1","Images":{"Primary":{"Small":{"Height":75,"URL":"https://m.media-amazon.com/images/I/51nhVepA96L._SL75_.jpg","Width":75}}},"ItemInfo":{"ByLineInfo":{"Brand":{"DisplayValue":"AK Giftshop","Label":"Brand","Locale":"es_ES"},"Manufacturer":{"DisplayValue":"AK Giftshop","Label":"Manufacturer","Locale":"es_ES"}},"Title":{"DisplayValue":"Pegatinas personalizables con temática de hojas de marihuana de cannabis, etiquetas personalizadas, decoraciones para fiestas, cumpleaños, celebraciones (48 pegatinas)","Label":"Title","Locale":"es_ES"}},"Offers":{"Summaries":[{"Condition":{"Value":"New"},"LowestPrice":{"Amount":5.82,"Currency":"EUR","DisplayAmount":"5,82 €"}}]}},{"ASIN":"B09T8PK6GY","DetailPageURL":"https://www.amazon.es/dp/B09T8PK6GY?tag=topinalambricos-21&linkCode=osi&th=1&psc=1","Images":{"Primary":{"Small":{"Height":75,"URL":"https://m.media-amazon.com/images/I/51tneD1zs9L._SL75_.jpg","Width":75}}},"ItemInfo":{"ByLineInfo":{"Brand":{"DisplayValue":"HNTR","Label":"Brand","Locale":"es_ES"},"Manufacturer":{"DisplayValue":"HNTR","Label":"Manufacturer","Locale":"es_ES"}},"Title":{"DisplayValue":"HNTR Pegatinas de cannabis Weed Get High – Paquete de pegatinas de vinilo Mega Diversión y creatividad para álbumes de recortes","Label":"Title","Locale":"es_ES"}},"Offers":{"Summaries":[{"Condition":{"Value":"New"},"LowestPrice":{"Amount":17.17,"Currency":"EUR","DisplayAmount":"17,17 € (0,34 € / unidad)","PricePerUnit":0.34}}]}},{"ASIN":"B08297GX94","DetailPageURL":"https://www.amazon.es/dp/B08297GX94?tag=topinalambricos-21&linkCode=osi&th=1&psc=1","Images":{"Primary":{"Small":{"Height":75,"URL":"https://m.media-amazon.com/images/I/51qX3QTO0iL._SL75_.jpg","Width":75}}},"ItemInfo":{"ByLineInfo":{"Brand":{"DisplayValue":"Destination Vinyl Ltd","Label":"Brand","Locale":"es_ES"},"Manufacturer":{"DisplayValue":"Destination Vinyl ltd","Label":"Manufacturer","Locale":"es_ES"}},"Title":{"DisplayValue":"Impresionantes pegatinas de vinilo (juego de 2) 7.5 cm – Calcomanías de marihuana con marihuana y marihuana para laptops, tabletas, equipaje, libros de recortes, regalo genial #1403114473, 23x17x1 cm","Label":"Title","Locale":"es_ES"}},"Offers":{"Summaries":[{"Condition":{"Value":"New"},"LowestPrice":{"Amount":13.75,"Currency":"EUR","DisplayAmount":"13,75 €"}}]}},{"ASIN":"B01AHJC9ZM","DetailPageURL":"https://www.amazon.es/dp/B01AHJC9ZM?tag=topinalambricos-21&linkCode=osi&th=1&psc=1","Images":{"Primary":{"Small":{"Height":75,"URL":"https://m.media-amazon.com/images/I/51W08-mMEfL._SL75_.jpg","Width":56}}},"ItemInfo":{"ByLineInfo":{"Brand":{"DisplayValue":"Charo","Label":"Brand","Locale":"es_ES"},"Manufacturer":{"DisplayValue":"Charo","Label":"Manufacturer","Locale":"es_ES"}},"Title":{"DisplayValue":"Pegatinas para plantas de cannabis, 20 unidades, 1 hoja, 135 mm x 100 mm, para manualidades, fiesta infantil, aspecto metálico","Label":"Title","Locale":"es_ES"}},"Offers":{"Summaries":[{"Condition":{"Value":"New"},"LowestPrice":{"Amount":2.99,"Currency":"EUR","DisplayAmount":"2,99 €"}}]}},{"ASIN":"B08K86S5L7","DetailPageURL":"https://www.amazon.es/dp/B08K86S5L7?tag=topinalambricos-21&linkCode=osi&th=1&psc=1","Images":{"Primary":{"Small":{"Height":52,"URL":"https://m.media-amazon.com/images/I/51aHVyxgnoL._SL75_.jpg","Width":75}}},"ItemInfo":{"ByLineInfo":{"Brand":{"DisplayValue":"Generisch","Label":"Brand","Locale":"es_ES"},"Manufacturer":{"DisplayValue":"Stickerfreaks","Label":"Manufacturer","Locale":"es_ES"}},"Title":{"DisplayValue":"Marihuana - Pegatinas para plantas (14 x 12 cm), diseño de flores","Label":"Title","Locale":"es_ES"}},"Offers":{"Summaries":[{"Condition":{"Value":"New"},"LowestPrice":{"Amount":4.75,"Currency":"EUR","DisplayAmount":"4,75 €"}}]}},{"ASIN":"B0BGC46S4R","DetailPageURL":"https://www.amazon.es/dp/B0BGC46S4R?tag=topinalambricos-21&linkCode=osi&th=1&psc=1","Images":{"Primary":{"Small":{"Height":75,"URL":"https://m.media-amazon.com/images/I/61gdoEUtbYL._SL75_.jpg","Width":75}}},"ItemInfo":{"ByLineInfo":{"Brand":{"DisplayValue":"QJFHURB","Label":"Brand","Locale":"es_ES"},"Manufacturer":{"DisplayValue":"QJFHURB","Label":"Manufacturer","Locale":"es_ES"}},"Title":{"DisplayValue":"Pegatinas De Marcas 251 piezas Pack Pegatinas Skate Pegatina Vinilo Chulas Famosas Stickers Decorativas Stikers Portatil Pegatina Vinilo para Ordenador Maletas Coche Moto Casco Bicicletas","Label":"Title","Locale":"es_ES"}},"Offers":{"Summaries":[{"Condition":{"Value":"New"},"LowestPrice":{"Amount":11.99,"Currency":"EUR","DisplayAmount":"11,99 € (6,00 € / unidad)","PricePerUnit":6.0}}]}},{"ASIN":"B09PBK5X2D","DetailPageURL":"https://www.amazon.es/dp/B09PBK5X2D?tag=topinalambricos-21&linkCode=osi&th=1&psc=1","Images":{"Primary":{"Small":{"Height":75,"URL":"https://m.media-amazon.com/images/I/61BcnLW1KXL._SL75_.jpg","Width":75}}},"ItemInfo":{"ByLineInfo":{"Brand":{"DisplayValue":"ACTTGGJ","Label":"Brand","Locale":"es_ES"},"Manufacturer":{"DisplayValue":"ACTTGGJ","Label":"Manufacturer","Locale":"es_ES"}},"Title":{"DisplayValue":"Pegatinas 100 Piezas Paquete de Pegatinas para Computadora Portátil Pegatinas de Vinilo Graffiti Sticker de Moda Pegatinas Geniales para Snowboard, Motocicleta,Guitarra Botella de Agua, Cuaderno","Label":"Title","Locale":"es_ES"}},"Offers":{"Summaries":[{"Condition":{"Value":"New"},"LowestPrice":{"Amount":9.99,"Currency":"EUR","DisplayAmount":"9,99 € (0,10 € / unidad)","PricePerUnit":0.1}}]}},{"ASIN":"B086J5TC35","DetailPageURL":"https://www.amazon.es/dp/B086J5TC35?tag=topinalambricos-21&linkCode=osi&th=1&psc=1","Images":{"Primary":{"Small":{"Height":75,"URL":"https://m.media-amazon.com/images/I/51M4O8NICOL._SL75_.jpg","Width":75}}},"ItemInfo":{"ByLineInfo":{"Brand":{"DisplayValue":"Destination Vinyl Ltd","Label":"Brand","Locale":"es_ES"},"Manufacturer":{"DisplayValue":"Destination Vinyl Ltd","Label":"Manufacturer","Locale":"es_ES"}},"Title":{"DisplayValue":"2 pegatinas de vinilo divertidas de 10 cm, diseño de marihuana de broma, cannabis y marihuana 10cm Wide","Label":"Title","Locale":"es_ES"}},"Offers":{"Summaries":[{"Condition":{"Value":"New"},"LowestPrice":{"Amount":13.02,"Currency":"EUR","DisplayAmount":"13,02 €"}}]}}],"SearchURL":"https://www.amazon.es/s?k=pegatinas+marihuana&rh=n%3A4358418031%2Cp_n_availability%3A-1&tag=topinalambricos-21&linkCode=osi","TotalResultCount":53}},"60":{"SearchResult":{"Items":[{"ASIN":"B0C6LPS2FS","DetailPageURL":"https://www.amazon.es/dp/B0C6LPS2FS?tag=topinalambricos-21&linkCode=osi&th=1&psc=1","Images":{"Primary":{"Small":{"Height":75,"URL":"https://m.media-amazon.com/images/I/61saj5jsPiL._SL75_.jpg","Width":75}}},"ItemInfo":{"ByLineInfo":{"Brand":{"DisplayValue":"NEULEBEN","Label":"Brand","Locale":"es_ES"}},"Title":{"DisplayValue":"Pegatinas divertidas de hierba, 150 pegatinas de dibujos animados de hojas de marihuana para adolescentes y adultos, pegatinas impermeables de vinilo de hojas mixtas, álbum de recortes y guitarra","Label":"Title","Locale":"es_ES"}},"Offers":{"Summaries":[{"Condition":{"Value":"New"},"LowestPrice":{"Amount":10.99,"Currency":"EUR","DisplayAmount":"10,99 €"}}]}},{"ASIN":"B0BMVH4J88","DetailPageURL":"https://www.amazon.es/dp/B0BMVH4J88?tag=topinalambricos-21&linkCode=osi&th=1&psc=1","Images":{"Primary":{"Small":{"Height":75,"URL":"https://m.media-amazon.com/images/I/61tGBZudfIL._SL75_.jpg","Width":75}}},"ItemInfo":{"ByLineInfo":{"Brand":{"DisplayValue":"AYODPE","Label":"Brand","Locale":"es_ES"},"Manufacturer":{"DisplayValue":"AYODPE","Label":"Manufacturer","Locale":"es_ES"}},"Title":{"DisplayValue":"AYODPE 100 pegatinas de malas hierbas, vinilo resistente al agua para bricolaje, portátil, equipaje, frigorífico, monopatín, coche, moto, bicicleta, pegatinas de marihuana, juego de pegatinas","Label":"Title","Locale":"es_ES"}},"Offers":{"Summaries":[{"Condition":{"Value":"New"},"LowestPrice":{"Amount":11.97,"Currency":"EUR","DisplayAmount":"11,97 € (0,12 € / unidad)","PricePerUnit":0.12}},{"Condition":{"Value":"Used"},"LowestPrice":{"Amount":8.52,"Currency":"EUR","DisplayAmount":"8,52 € (0,09 € / unidad)","PricePerUnit":0.09}}]}},{"ASIN":"B0C8ZF6PDL","DetailPageURL":"https://www.amazon.es/dp/B0C8ZF6PDL?tag=topinalambricos-21&linkCode=osi&th=1&psc=1","Images":{"Primary":{"Small":{"Height":75,"URL":"https://m.media-amazon.com/images/I/51nhVepA96L._SL75_.jpg","Width":75}}},"ItemInfo":{"ByLineInfo":{"Brand":{"DisplayValue":"AK Giftshop","Label":"Brand","Locale":"es_ES"},"Manufacturer":{"DisplayValue":"AK Giftshop","Label":"Manufacturer","Locale":"es_ES"}},"Title":{"DisplayValue":"Pegatinas personalizables con temática de hojas de marihuana de cannabis, etiquetas personalizadas, decoraciones para fiestas, cumpleaños, celebraciones (48 pegatinas)","Label":"Title","Locale":"es_ES"}},"Offers":{"Summaries":[{"Condition":{"Value":"New"},"LowestPrice":{"Amount":5.82,"Currency":"EUR","DisplayAmount":"5,82 €"}}]}},{"ASIN":"B09T8PK6GY","DetailPageURL":"https://www.amazon.es/dp/B09T8PK6GY?tag=topinalambricos-21&linkCode=osi&th=1&psc=1","Images":{"Primary":{"Small":{"Height":75,"URL":"https://m.media-amazon.com/images/I/51tneD1zs9L._SL75_.jpg","Width":75}}},"ItemInfo":{"ByLineInfo":{"Brand":{"DisplayValue":"HNTR","Label":"Brand","Locale":"es_ES"},"Manufacturer":{"DisplayValue":"HNTR","Label":"Manufacturer","Locale":"es_ES"}},"Title":{"DisplayValue":"HNTR Pegatinas de cannabis Weed Get High – Paquete de pegatinas de vinilo Mega Diversión y creatividad para álbumes de recortes","Label":"Title","Locale":"es_ES"}},"Offers":{"Summaries":[{"Condition":{"Value":"New"},"LowestPrice":{"Amount":17.17,"Currency":"EUR","DisplayAmount":"17,17 € (0,34 € / unidad)","PricePerUnit":0.34}}]}},{"ASIN":"B08297GX94","DetailPageURL":"https://www.amazon.es/dp/B08297GX94?tag=topinalambricos-21&linkCode=osi&th=1&psc=1","Images":{"Primary":{"Small":{"Height":75,"URL":"https://m.media-amazon.com/images/I/51qX3QTO0iL._SL75_.jpg","Width":75}}},"ItemInfo":{"ByLineInfo":{"Brand":{"DisplayValue":"Destination Vinyl Ltd","Label":"Brand","Locale":"es_ES"},"Manufacturer":{"DisplayValue":"Destination Vinyl ltd","Label":"Manufacturer","Locale":"es_ES"}},"Title":{"DisplayValue":"Impresionantes pegatinas de vinilo (juego de 2) 7.5 cm – Calcomanías de marihuana con marihuana y marihuana para laptops, tabletas, equipaje, libros de recortes, regalo genial #1403114473, 23x17x1 cm","Label":"Title","Locale":"es_ES"}},"Offers":{"Summaries":[{"Condition":{"Value":"New"},"LowestPrice":{"Amount":13.75,"Currency":"EUR","DisplayAmount":"13,75 €"}}]}},{"ASIN":"B01AHJC9ZM","DetailPageURL":"https://www.amazon.es/dp/B01AHJC9ZM?tag=topinalambricos-21&linkCode=osi&th=1&psc=1","Images":{"Primary":{"Small":{"Height":75,"URL":"https://m.media-amazon.com/images/I/51W08-mMEfL._SL75_.jpg","Width":56}}},"ItemInfo":{"ByLineInfo":{"Brand":{"DisplayValue":"Charo","Label":"Brand","Locale":"es_ES"},"Manufacturer":{"DisplayValue":"Charo","Label":"Manufacturer","Locale":"es_ES"}},"Title":{"DisplayValue":"Pegatinas para plantas de cannabis, 20 unidades, 1 hoja, 135 mm x 100 mm, para manualidades, fiesta infantil, aspecto metálico","Label":"Title","Locale":"es_ES"}},"Offers":{"Summaries":[{"Condition":{"Value":"New"},"LowestPrice":{"Amount":2.99,"Currency":"EUR","DisplayAmount":"2,99 €"}}]}},{"ASIN":"B08K86S5L7","DetailPageURL":"https://www.amazon.es/dp/B08K86S5L7?tag=topinalambricos-21&linkCode=osi&th=1&psc=1","Images":{"Primary":{"Small":{"Height":52,"URL":"https://m.media-amazon.com/images/I/51aHVyxgnoL._SL75_.jpg","Width":75}}},"ItemInfo":{"ByLineInfo":{"Brand":{"DisplayValue":"Generisch","Label":"Brand","Locale":"es_ES"},"Manufacturer":{"DisplayValue":"Stickerfreaks","Label":"Manufacturer","Locale":"es_ES"}},"Title":{"DisplayValue":"Marihuana - Pegatinas para plantas (14 x 12 cm), diseño de flores","Label":"Title","Locale":"es_ES"}},"Offers":{"Summaries":[{"Condition":{"Value":"New"},"LowestPrice":{"Amount":4.75,"Currency":"EUR","DisplayAmount":"4,75 €"}}]}},{"ASIN":"B0BGC46S4R","DetailPageURL":"https://www.amazon.es/dp/B0BGC46S4R?tag=topinalambricos-21&linkCode=osi&th=1&psc=1","Images":{"Primary":{"Small":{"Height":75,"URL":"https://m.media-amazon.com/images/I/61gdoEUtbYL._SL75_.jpg","Width":75}}},"ItemInfo":{"ByLineInfo":{"Brand":{"DisplayValue":"QJFHURB","Label":"Brand","Locale":"es_ES"},"Manufacturer":{"DisplayValue":"QJFHURB","Label":"Manufacturer","Locale":"es_ES"}},"Title":{"DisplayValue":"Pegatinas De Marcas 251 piezas Pack Pegatinas Skate Pegatina Vinilo Chulas Famosas Stickers Decorativas Stikers Portatil Pegatina Vinilo para Ordenador Maletas Coche Moto Casco Bicicletas","Label":"Title","Locale":"es_ES"}},"Offers":{"Summaries":[{"Condition":{"Value":"New"},"LowestPrice":{"Amount":11.99,"Currency":"EUR","DisplayAmount":"11,99 € (6,00 € / unidad)","PricePerUnit":6.0}}]}},{"ASIN":"B09PBK5X2D","DetailPageURL":"https://www.amazon.es/dp/B09PBK5X2D?tag=topinalambricos-21&linkCode=osi&th=1&psc=1","Images":{"Primary":{"Small":{"Height":75,"URL":"https://m.media-amazon.com/images/I/61BcnLW1KXL._SL75_.jpg","Width":75}}},"ItemInfo":{"ByLineInfo":{"Brand":{"DisplayValue":"ACTTGGJ","Label":"Brand","Locale":"es_ES"},"Manufacturer":{"DisplayValue":"ACTTGGJ","Label":"Manufacturer","Locale":"es_ES"}},"Title":{"DisplayValue":"Pegatinas 100 Piezas Paquete de Pegatinas para Computadora Portátil Pegatinas de Vinilo Graffiti Sticker de Moda Pegatinas Geniales para Snowboard, Motocicleta,Guitarra Botella de Agua, Cuaderno","Label":"Title","Locale":"es_ES"}},"Offers":{"Summaries":[{"Condition":{"Value":"New"},"LowestPrice":{"Amount":9.99,"Currency":"EUR","DisplayAmount":"9,99 € (0,10 € / unidad)","PricePerUnit":0.1}}]}},{"ASIN":"B086J5TC35","DetailPageURL":"https://www.amazon.es/dp/B086J5TC35?tag=topinalambricos-21&linkCode=osi&th=1&psc=1","Images":{"Primary":{"Small":{"Height":75,"URL":"https://m.media-amazon.com/images/I/51M4O8NICOL._SL75_.jpg","Width":75}}},"ItemInfo":{"ByLineInfo":{"Brand":{"DisplayValue":"Destination Vinyl Ltd","Label":"Brand","Locale":"es_ES"},"Manufacturer":{"DisplayValue":"Destination Vinyl Ltd","Label":"Manufacturer","Locale":"es_ES"}},"Title":{"DisplayValue":"2 pegatinas de vinilo divertidas de 10 cm, diseño de marihuana de broma, cannabis y marihuana 10cm Wide","Label":"Title","Locale":"es_ES"}},"Offers":{"Summaries":[{"Condition":{"Value":"New"},"LowestPrice":{"Amount":13.02,"Currency":"EUR","DisplayAmount":"13,02 €"}}]}}],"SearchURL":"https://www.amazon.es/s?k=pegatinas+marihuana&rh=n%3A4358418031%2Cp_n_availability%3A-1&tag=topinalambricos-21&linkCode=osi","TotalResultCount":53}},"61":{"SearchResult":{"Items":[{"ASIN":"B0C6LPS2FS","DetailPageURL":"https://www.amazon.es/dp/B0C6LPS2FS?tag=topinalambricos-21&linkCode=osi&th=1&psc=1","Images":{"Primary":{"Small":{"Height":75,"URL":"https://m.media-amazon.com/images/I/61saj5jsPiL._SL75_.jpg","Width":75}}},"ItemInfo":{"ByLineInfo":{"Brand":{"DisplayValue":"NEULEBEN","Label":"Brand","Locale":"es_ES"}},"Title":{"DisplayValue":"Pegatinas divertidas de hierba, 150 pegatinas de dibujos animados de hojas de marihuana para adolescentes y adultos, pegatinas impermeables de vinilo de hojas mixtas, álbum de recortes y guitarra","Label":"Title","Locale":"es_ES"}},"Offers":{"Summaries":[{"Condition":{"Value":"New"},"LowestPrice":{"Amount":10.99,"Currency":"EUR","DisplayAmount":"10,99 €"}}]}},{"ASIN":"B0BMVH4J88","DetailPageURL":"https://www.amazon.es/dp/B0BMVH4J88?tag=topinalambricos-21&linkCode=osi&th=1&psc=1","Images":{"Primary":{"Small":{"Height":75,"URL":"https://m.media-amazon.com/images/I/61tGBZudfIL._SL75_.jpg","Width":75}}},"ItemInfo":{"ByLineInfo":{"Brand":{"DisplayValue":"AYODPE","Label":"Brand","Locale":"es_ES"},"Manufacturer":{"DisplayValue":"AYODPE","Label":"Manufacturer","Locale":"es_ES"}},"Title":{"DisplayValue":"AYODPE 100 pegatinas de malas hierbas, vinilo resistente al agua para bricolaje, portátil, equipaje, frigorífico, monopatín, coche, moto, bicicleta, pegatinas de marihuana, juego de pegatinas","Label":"Title","Locale":"es_ES"}},"Offers":{"Summaries":[{"Condition":{"Value":"New"},"LowestPrice":{"Amount":11.97,"Currency":"EUR","DisplayAmount":"11,97 € (0,12 € / unidad)","PricePerUnit":0.12}},{"Condition":{"Value":"Used"},"LowestPrice":{"Amount":8.52,"Currency":"EUR","DisplayAmount":"8,52 € (0,09 € / unidad)","PricePerUnit":0.09}}]}},{"ASIN":"B0C8ZF6PDL","DetailPageURL":"https://www.amazon.es/dp/B0C8ZF6PDL?tag=topinalambricos-21&linkCode=osi&th=1&psc=1","Images":{"Primary":{"Small":{"Height":75,"URL":"https://m.media-amazon.com/images/I/51nhVepA96L._SL75_.jpg","Width":75}}},"ItemInfo":{"ByLineInfo":{"Brand":{"DisplayValue":"AK Giftshop","Label":"Brand","Locale":"es_ES"},"Manufacturer":{"DisplayValue":"AK Giftshop","Label":"Manufacturer","Locale":"es_ES"}},"Title":{"DisplayValue":"Pegatinas personalizables con temática de hojas de marihuana de cannabis, etiquetas personalizadas, decoraciones para fiestas, cumpleaños, celebraciones (48 pegatinas)","Label":"Title","Locale":"es_ES"}},"Offers":{"Summaries":[{"Condition":{"Value":"New"},"LowestPrice":{"Amount":5.82,"Currency":"EUR","DisplayAmount":"5,82 €"}}]}},{"ASIN":"B09T8PK6GY","DetailPageURL":"https://www.amazon.es/dp/B09T8PK6GY?tag=topinalambricos-21&linkCode=osi&th=1&psc=1","Images":{"Primary":{"Small":{"Height":75,"URL":"https://m.media-amazon.com/images/I/51tneD1zs9L._SL75_.jpg","Width":75}}},"ItemInfo":{"ByLineInfo":{"Brand":{"DisplayValue":"HNTR","Label":"Brand","Locale":"es_ES"},"Manufacturer":{"DisplayValue":"HNTR","Label":"Manufacturer","Locale":"es_ES"}},"Title":{"DisplayValue":"HNTR Pegatinas de cannabis Weed Get High – Paquete de pegatinas de vinilo Mega Diversión y creatividad para álbumes de recortes","Label":"Title","Locale":"es_ES"}},"Offers":{"Summaries":[{"Condition":{"Value":"New"},"LowestPrice":{"Amount":17.17,"Currency":"EUR","DisplayAmount":"17,17 € (0,34 € / unidad)","PricePerUnit":0.34}}]}},{"ASIN":"B08297GX94","DetailPageURL":"https://www.amazon.es/dp/B08297GX94?tag=topinalambricos-21&linkCode=osi&th=1&psc=1","Images":{"Primary":{"Small":{"Height":75,"URL":"https://m.media-amazon.com/images/I/51qX3QTO0iL._SL75_.jpg","Width":75}}},"ItemInfo":{"ByLineInfo":{"Brand":{"DisplayValue":"Destination Vinyl Ltd","Label":"Brand","Locale":"es_ES"},"Manufacturer":{"DisplayValue":"Destination Vinyl ltd","Label":"Manufacturer","Locale":"es_ES"}},"Title":{"DisplayValue":"Impresionantes pegatinas de vinilo (juego de 2) 7.5 cm – Calcomanías de marihuana con marihuana y marihuana para laptops, tabletas, equipaje, libros de recortes, regalo genial #1403114473, 23x17x1 cm","Label":"Title","Locale":"es_ES"}},"Offers":{"Summaries":[{"Condition":{"Value":"New"},"LowestPrice":{"Amount":13.75,"Currency":"EUR","DisplayAmount":"13,75 €"}}]}},{"ASIN":"B01AHJC9ZM","DetailPageURL":"https://www.amazon.es/dp/B01AHJC9ZM?tag=topinalambricos-21&linkCode=osi&th=1&psc=1","Images":{"Primary":{"Small":{"Height":75,"URL":"https://m.media-amazon.com/images/I/51W08-mMEfL._SL75_.jpg","Width":56}}},"ItemInfo":{"ByLineInfo":{"Brand":{"DisplayValue":"Charo","Label":"Brand","Locale":"es_ES"},"Manufacturer":{"DisplayValue":"Charo","Label":"Manufacturer","Locale":"es_ES"}},"Title":{"DisplayValue":"Pegatinas para plantas de cannabis, 20 unidades, 1 hoja, 135 mm x 100 mm, para manualidades, fiesta infantil, aspecto metálico","Label":"Title","Locale":"es_ES"}},"Offers":{"Summaries":[{"Condition":{"Value":"New"},"LowestPrice":{"Amount":2.99,"Currency":"EUR","DisplayAmount":"2,99 €"}}]}},{"ASIN":"B08K86S5L7","DetailPageURL":"https://www.amazon.es/dp/B08K86S5L7?tag=topinalambricos-21&linkCode=osi&th=1&psc=1","Images":{"Primary":{"Small":{"Height":52,"URL":"https://m.media-amazon.com/images/I/51aHVyxgnoL._SL75_.jpg","Width":75}}},"ItemInfo":{"ByLineInfo":{"Brand":{"DisplayValue":"Generisch","Label":"Brand","Locale":"es_ES"},"Manufacturer":{"DisplayValue":"Stickerfreaks","Label":"Manufacturer","Locale":"es_ES"}},"Title":{"DisplayValue":"Marihuana - Pegatinas para plantas (14 x 12 cm), diseño de flores","Label":"Title","Locale":"es_ES"}},"Offers":{"Summaries":[{"Condition":{"Value":"New"},"LowestPrice":{"Amount":4.75,"Currency":"EUR","DisplayAmount":"4,75 €"}}]}},{"ASIN":"B0BGC46S4R","DetailPageURL":"https://www.amazon.es/dp/B0BGC46S4R?tag=topinalambricos-21&linkCode=osi&th=1&psc=1","Images":{"Primary":{"Small":{"Height":75,"URL":"https://m.media-amazon.com/images/I/61gdoEUtbYL._SL75_.jpg","Width":75}}},"ItemInfo":{"ByLineInfo":{"Brand":{"DisplayValue":"QJFHURB","Label":"Brand","Locale":"es_ES"},"Manufacturer":{"DisplayValue":"QJFHURB","Label":"Manufacturer","Locale":"es_ES"}},"Title":{"DisplayValue":"Pegatinas De Marcas 251 piezas Pack Pegatinas Skate Pegatina Vinilo Chulas Famosas Stickers Decorativas Stikers Portatil Pegatina Vinilo para Ordenador Maletas Coche Moto Casco Bicicletas","Label":"Title","Locale":"es_ES"}},"Offers":{"Summaries":[{"Condition":{"Value":"New"},"LowestPrice":{"Amount":11.99,"Currency":"EUR","DisplayAmount":"11,99 € (6,00 € / unidad)","PricePerUnit":6.0}}]}},{"ASIN":"B09PBK5X2D","DetailPageURL":"https://www.amazon.es/dp/B09PBK5X2D?tag=topinalambricos-21&linkCode=osi&th=1&psc=1","Images":{"Primary":{"Small":{"Height":75,"URL":"https://m.media-amazon.com/images/I/61BcnLW1KXL._SL75_.jpg","Width":75}}},"ItemInfo":{"ByLineInfo":{"Brand":{"DisplayValue":"ACTTGGJ","Label":"Brand","Locale":"es_ES"},"Manufacturer":{"DisplayValue":"ACTTGGJ","Label":"Manufacturer","Locale":"es_ES"}},"Title":{"DisplayValue":"Pegatinas 100 Piezas Paquete de Pegatinas para Computadora Portátil Pegatinas de Vinilo Graffiti Sticker de Moda Pegatinas Geniales para Snowboard, Motocicleta,Guitarra Botella de Agua, Cuaderno","Label":"Title","Locale":"es_ES"}},"Offers":{"Summaries":[{"Condition":{"Value":"New"},"LowestPrice":{"Amount":9.99,"Currency":"EUR","DisplayAmount":"9,99 € (0,10 € / unidad)","PricePerUnit":0.1}}]}},{"ASIN":"B086J5TC35","DetailPageURL":"https://www.amazon.es/dp/B086J5TC35?tag=topinalambricos-21&linkCode=osi&th=1&psc=1","Images":{"Primary":{"Small":{"Height":75,"URL":"https://m.media-amazon.com/images/I/51M4O8NICOL._SL75_.jpg","Width":75}}},"ItemInfo":{"ByLineInfo":{"Brand":{"DisplayValue":"Destination Vinyl Ltd","Label":"Brand","Locale":"es_ES"},"Manufacturer":{"DisplayValue":"Destination Vinyl Ltd","Label":"Manufacturer","Locale":"es_ES"}},"Title":{"DisplayValue":"2 pegatinas de vinilo divertidas de 10 cm, diseño de marihuana de broma, cannabis y marihuana 10cm Wide","Label":"Title","Locale":"es_ES"}},"Offers":{"Summaries":[{"Condition":{"Value":"New"},"LowestPrice":{"Amount":13.02,"Currency":"EUR","DisplayAmount":"13,02 €"}}]}}],"SearchURL":"https://www.amazon.es/s?k=pegatinas+marihuana&rh=n%3A4358418031%2Cp_n_availability%3A-1&tag=topinalambricos-21&linkCode=osi","TotalResultCount":53}},"64":{"SearchResult":{"Items":[{"ASIN":"B0C6LPS2FS","DetailPageURL":"https://www.amazon.es/dp/B0C6LPS2FS?tag=topinalambricos-21&linkCode=osi&th=1&psc=1","Images":{"Primary":{"Small":{"Height":75,"URL":"https://m.media-amazon.com/images/I/61saj5jsPiL._SL75_.jpg","Width":75}}},"ItemInfo":{"ByLineInfo":{"Brand":{"DisplayValue":"NEULEBEN","Label":"Brand","Locale":"es_ES"}},"Title":{"DisplayValue":"Pegatinas divertidas de hierba, 150 pegatinas de dibujos animados de hojas de marihuana para adolescentes y adultos, pegatinas impermeables de vinilo de hojas mixtas, álbum de recortes y guitarra","Label":"Title","Locale":"es_ES"}},"Offers":{"Summaries":[{"Condition":{"Value":"New"},"LowestPrice":{"Amount":10.99,"Currency":"EUR","DisplayAmount":"10,99 €"}}]}},{"ASIN":"B0BMVH4J88","DetailPageURL":"https://www.amazon.es/dp/B0BMVH4J88?tag=topinalambricos-21&linkCode=osi&th=1&psc=1","Images":{"Primary":{"Small":{"Height":75,"URL":"https://m.media-amazon.com/images/I/61tGBZudfIL._SL75_.jpg","Width":75}}},"ItemInfo":{"ByLineInfo":{"Brand":{"DisplayValue":"AYODPE","Label":"Brand","Locale":"es_ES"},"Manufacturer":{"DisplayValue":"AYODPE","Label":"Manufacturer","Locale":"es_ES"}},"Title":{"DisplayValue":"AYODPE 100 pegatinas de malas hierbas, vinilo resistente al agua para bricolaje, portátil, equipaje, frigorífico, monopatín, coche, moto, bicicleta, pegatinas de marihuana, juego de pegatinas","Label":"Title","Locale":"es_ES"}},"Offers":{"Summaries":[{"Condition":{"Value":"New"},"LowestPrice":{"Amount":11.97,"Currency":"EUR","DisplayAmount":"11,97 € (0,12 € / unidad)","PricePerUnit":0.12}},{"Condition":{"Value":"Used"},"LowestPrice":{"Amount":8.52,"Currency":"EUR","DisplayAmount":"8,52 € (0,09 € / unidad)","PricePerUnit":0.09}}]}},{"ASIN":"B0C8ZF6PDL","DetailPageURL":"https://www.amazon.es/dp/B0C8ZF6PDL?tag=topinalambricos-21&linkCode=osi&th=1&psc=1","Images":{"Primary":{"Small":{"Height":75,"URL":"https://m.media-amazon.com/images/I/51nhVepA96L._SL75_.jpg","Width":75}}},"ItemInfo":{"ByLineInfo":{"Brand":{"DisplayValue":"AK Giftshop","Label":"Brand","Locale":"es_ES"},"Manufacturer":{"DisplayValue":"AK Giftshop","Label":"Manufacturer","Locale":"es_ES"}},"Title":{"DisplayValue":"Pegatinas personalizables con temática de hojas de marihuana de cannabis, etiquetas personalizadas, decoraciones para fiestas, cumpleaños, celebraciones (48 pegatinas)","Label":"Title","Locale":"es_ES"}},"Offers":{"Summaries":[{"Condition":{"Value":"New"},"LowestPrice":{"Amount":5.82,"Currency":"EUR","DisplayAmount":"5,82 €"}}]}},{"ASIN":"B09T8PK6GY","DetailPageURL":"https://www.amazon.es/dp/B09T8PK6GY?tag=topinalambricos-21&linkCode=osi&th=1&psc=1","Images":{"Primary":{"Small":{"Height":75,"URL":"https://m.media-amazon.com/images/I/51tneD1zs9L._SL75_.jpg","Width":75}}},"ItemInfo":{"ByLineInfo":{"Brand":{"DisplayValue":"HNTR","Label":"Brand","Locale":"es_ES"},"Manufacturer":{"DisplayValue":"HNTR","Label":"Manufacturer","Locale":"es_ES"}},"Title":{"DisplayValue":"HNTR Pegatinas de cannabis Weed Get High – Paquete de pegatinas de vinilo Mega Diversión y creatividad para álbumes de recortes","Label":"Title","Locale":"es_ES"}},"Offers":{"Summaries":[{"Condition":{"Value":"New"},"LowestPrice":{"Amount":17.17,"Currency":"EUR","DisplayAmount":"17,17 € (0,34 € / unidad)","PricePerUnit":0.34}}]}},{"ASIN":"B08297GX94","DetailPageURL":"https://www.amazon.es/dp/B08297GX94?tag=topinalambricos-21&linkCode=osi&th=1&psc=1","Images":{"Primary":{"Small":{"Height":75,"URL":"https://m.media-amazon.com/images/I/51qX3QTO0iL._SL75_.jpg","Width":75}}},"ItemInfo":{"ByLineInfo":{"Brand":{"DisplayValue":"Destination Vinyl Ltd","Label":"Brand","Locale":"es_ES"},"Manufacturer":{"DisplayValue":"Destination Vinyl ltd","Label":"Manufacturer","Locale":"es_ES"}},"Title":{"DisplayValue":"Impresionantes pegatinas de vinilo (juego de 2) 7.5 cm – Calcomanías de marihuana con marihuana y marihuana para laptops, tabletas, equipaje, libros de recortes, regalo genial #1403114473, 23x17x1 cm","Label":"Title","Locale":"es_ES"}},"Offers":{"Summaries":[{"Condition":{"Value":"New"},"LowestPrice":{"Amount":13.75,"Currency":"EUR","DisplayAmount":"13,75 €"}}]}},{"ASIN":"B01AHJC9ZM","DetailPageURL":"https://www.amazon.es/dp/B01AHJC9ZM?tag=topinalambricos-21&linkCode=osi&th=1&psc=1","Images":{"Primary":{"Small":{"Height":75,"URL":"https://m.media-amazon.com/images/I/51W08-mMEfL._SL75_.jpg","Width":56}}},"ItemInfo":{"ByLineInfo":{"Brand":{"DisplayValue":"Charo","Label":"Brand","Locale":"es_ES"},"Manufacturer":{"DisplayValue":"Charo","Label":"Manufacturer","Locale":"es_ES"}},"Title":{"DisplayValue":"Pegatinas para plantas de cannabis, 20 unidades, 1 hoja, 135 mm x 100 mm, para manualidades, fiesta infantil, aspecto metálico","Label":"Title","Locale":"es_ES"}},"Offers":{"Summaries":[{"Condition":{"Value":"New"},"LowestPrice":{"Amount":2.99,"Currency":"EUR","DisplayAmount":"2,99 €"}}]}},{"ASIN":"B08K86S5L7","DetailPageURL":"https://www.amazon.es/dp/B08K86S5L7?tag=topinalambricos-21&linkCode=osi&th=1&psc=1","Images":{"Primary":{"Small":{"Height":52,"URL":"https://m.media-amazon.com/images/I/51aHVyxgnoL._SL75_.jpg","Width":75}}},"ItemInfo":{"ByLineInfo":{"Brand":{"DisplayValue":"Generisch","Label":"Brand","Locale":"es_ES"},"Manufacturer":{"DisplayValue":"Stickerfreaks","Label":"Manufacturer","Locale":"es_ES"}},"Title":{"DisplayValue":"Marihuana - Pegatinas para plantas (14 x 12 cm), diseño de flores","Label":"Title","Locale":"es_ES"}},"Offers":{"Summaries":[{"Condition":{"Value":"New"},"LowestPrice":{"Amount":4.75,"Currency":"EUR","DisplayAmount":"4,75 €"}}]}},{"ASIN":"B0BGC46S4R","DetailPageURL":"https://www.amazon.es/dp/B0BGC46S4R?tag=topinalambricos-21&linkCode=osi&th=1&psc=1","Images":{"Primary":{"Small":{"Height":75,"URL":"https://m.media-amazon.com/images/I/61gdoEUtbYL._SL75_.jpg","Width":75}}},"ItemInfo":{"ByLineInfo":{"Brand":{"DisplayValue":"QJFHURB","Label":"Brand","Locale":"es_ES"},"Manufacturer":{"DisplayValue":"QJFHURB","Label":"Manufacturer","Locale":"es_ES"}},"Title":{"DisplayValue":"Pegatinas De Marcas 251 piezas Pack Pegatinas Skate Pegatina Vinilo Chulas Famosas Stickers Decorativas Stikers Portatil Pegatina Vinilo para Ordenador Maletas Coche Moto Casco Bicicletas","Label":"Title","Locale":"es_ES"}},"Offers":{"Summaries":[{"Condition":{"Value":"New"},"LowestPrice":{"Amount":11.99,"Currency":"EUR","DisplayAmount":"11,99 € (6,00 € / unidad)","PricePerUnit":6.0}}]}},{"ASIN":"B09PBK5X2D","DetailPageURL":"https://www.amazon.es/dp/B09PBK5X2D?tag=topinalambricos-21&linkCode=osi&th=1&psc=1","Images":{"Primary":{"Small":{"Height":75,"URL":"https://m.media-amazon.com/images/I/61BcnLW1KXL._SL75_.jpg","Width":75}}},"ItemInfo":{"ByLineInfo":{"Brand":{"DisplayValue":"ACTTGGJ","Label":"Brand","Locale":"es_ES"},"Manufacturer":{"DisplayValue":"ACTTGGJ","Label":"Manufacturer","Locale":"es_ES"}},"Title":{"DisplayValue":"Pegatinas 100 Piezas Paquete de Pegatinas para Computadora Portátil Pegatinas de Vinilo Graffiti Sticker de Moda Pegatinas Geniales para Snowboard, Motocicleta,Guitarra Botella de Agua, Cuaderno","Label":"Title","Locale":"es_ES"}},"Offers":{"Summaries":[{"Condition":{"Value":"New"},"LowestPrice":{"Amount":9.99,"Currency":"EUR","DisplayAmount":"9,99 € (0,10 € / unidad)","PricePerUnit":0.1}}]}},{"ASIN":"B086J5TC35","DetailPageURL":"https://www.amazon.es/dp/B086J5TC35?tag=topinalambricos-21&linkCode=osi&th=1&psc=1","Images":{"Primary":{"Small":{"Height":75,"URL":"https://m.media-amazon.com/images/I/51M4O8NICOL._SL75_.jpg","Width":75}}},"ItemInfo":{"ByLineInfo":{"Brand":{"DisplayValue":"Destination Vinyl Ltd","Label":"Brand","Locale":"es_ES"},"Manufacturer":{"DisplayValue":"Destination Vinyl Ltd","Label":"Manufacturer","Locale":"es_ES"}},"Title":{"DisplayValue":"2 pegatinas de vinilo divertidas de 10 cm, diseño de marihuana de broma, cannabis y marihuana 10cm Wide","Label":"Title","Locale":"es_ES"}},"Offers":{"Summaries":[{"Condition":{"Value":"New"},"LowestPrice":{"Amount":13.02,"Currency":"EUR","DisplayAmount":"13,02 €"}}]}}],"SearchURL":"https://www.amazon.es/s?k=pegatinas+marihuana&rh=n%3A4358418031%2Cp_n_availability%3A-1&tag=topinalambricos-21&linkCode=osi","TotalResultCount":53}},"65":{"SearchResult":{"Items":[{"ASIN":"B0C6LPS2FS","DetailPageURL":"https://www.amazon.es/dp/B0C6LPS2FS?tag=topinalambricos-21&linkCode=osi&th=1&psc=1","Images":{"Primary":{"Small":{"Height":75,"URL":"https://m.media-amazon.com/images/I/61saj5jsPiL._SL75_.jpg","Width":75}}},"ItemInfo":{"ByLineInfo":{"Brand":{"DisplayValue":"NEULEBEN","Label":"Brand","Locale":"es_ES"}},"Title":{"DisplayValue":"Pegatinas divertidas de hierba, 150 pegatinas de dibujos animados de hojas de marihuana para adolescentes y adultos, pegatinas impermeables de vinilo de hojas mixtas, álbum de recortes y guitarra","Label":"Title","Locale":"es_ES"}},"Offers":{"Summaries":[{"Condition":{"Value":"New"},"LowestPrice":{"Amount":10.99,"Currency":"EUR","DisplayAmount":"10,99 €"}}]}},{"ASIN":"B0BMVH4J88","DetailPageURL":"https://www.amazon.es/dp/B0BMVH4J88?tag=topinalambricos-21&linkCode=osi&th=1&psc=1","Images":{"Primary":{"Small":{"Height":75,"URL":"https://m.media-amazon.com/images/I/61tGBZudfIL._SL75_.jpg","Width":75}}},"ItemInfo":{"ByLineInfo":{"Brand":{"DisplayValue":"AYODPE","Label":"Brand","Locale":"es_ES"},"Manufacturer":{"DisplayValue":"AYODPE","Label":"Manufacturer","Locale":"es_ES"}},"Title":{"DisplayValue":"AYODPE 100 pegatinas de malas hierbas, vinilo resistente al agua para bricolaje, portátil, equipaje, frigorífico, monopatín, coche, moto, bicicleta, pegatinas de marihuana, juego de pegatinas","Label":"Title","Locale":"es_ES"}},"Offers":{"Summaries":[{"Condition":{"Value":"New"},"LowestPrice":{"Amount":11.97,"Currency":"EUR","DisplayAmount":"11,97 € (0,12 € / unidad)","PricePerUnit":0.12}},{"Condition":{"Value":"Used"},"LowestPrice":{"Amount":8.52,"Currency":"EUR","DisplayAmount":"8,52 € (0,09 € / unidad)","PricePerUnit":0.09}}]}},{"ASIN":"B0C8ZF6PDL","DetailPageURL":"https://www.amazon.es/dp/B0C8ZF6PDL?tag=topinalambricos-21&linkCode=osi&th=1&psc=1","Images":{"Primary":{"Small":{"Height":75,"URL":"https://m.media-amazon.com/images/I/51nhVepA96L._SL75_.jpg","Width":75}}},"ItemInfo":{"ByLineInfo":{"Brand":{"DisplayValue":"AK Giftshop","Label":"Brand","Locale":"es_ES"},"Manufacturer":{"DisplayValue":"AK Giftshop","Label":"Manufacturer","Locale":"es_ES"}},"Title":{"DisplayValue":"Pegatinas personalizables con temática de hojas de marihuana de cannabis, etiquetas personalizadas, decoraciones para fiestas, cumpleaños, celebraciones (48 pegatinas)","Label":"Title","Locale":"es_ES"}},"Offers":{"Summaries":[{"Condition":{"Value":"New"},"LowestPrice":{"Amount":5.82,"Currency":"EUR","DisplayAmount":"5,82 €"}}]}},{"ASIN":"B09T8PK6GY","DetailPageURL":"https://www.amazon.es/dp/B09T8PK6GY?tag=topinalambricos-21&linkCode=osi&th=1&psc=1","Images":{"Primary":{"Small":{"Height":75,"URL":"https://m.media-amazon.com/images/I/51tneD1zs9L._SL75_.jpg","Width":75}}},"ItemInfo":{"ByLineInfo":{"Brand":{"DisplayValue":"HNTR","Label":"Brand","Locale":"es_ES"},"Manufacturer":{"DisplayValue":"HNTR","Label":"Manufacturer","Locale":"es_ES"}},"Title":{"DisplayValue":"HNTR Pegatinas de cannabis Weed Get High – Paquete de pegatinas de vinilo Mega Diversión y creatividad para álbumes de recortes","Label":"Title","Locale":"es_ES"}},"Offers":{"Summaries":[{"Condition":{"Value":"New"},"LowestPrice":{"Amount":17.17,"Currency":"EUR","DisplayAmount":"17,17 € (0,34 € / unidad)","PricePerUnit":0.34}}]}},{"ASIN":"B08297GX94","DetailPageURL":"https://www.amazon.es/dp/B08297GX94?tag=topinalambricos-21&linkCode=osi&th=1&psc=1","Images":{"Primary":{"Small":{"Height":75,"URL":"https://m.media-amazon.com/images/I/51qX3QTO0iL._SL75_.jpg","Width":75}}},"ItemInfo":{"ByLineInfo":{"Brand":{"DisplayValue":"Destination Vinyl Ltd","Label":"Brand","Locale":"es_ES"},"Manufacturer":{"DisplayValue":"Destination Vinyl ltd","Label":"Manufacturer","Locale":"es_ES"}},"Title":{"DisplayValue":"Impresionantes pegatinas de vinilo (juego de 2) 7.5 cm – Calcomanías de marihuana con marihuana y marihuana para laptops, tabletas, equipaje, libros de recortes, regalo genial #1403114473, 23x17x1 cm","Label":"Title","Locale":"es_ES"}},"Offers":{"Summaries":[{"Condition":{"Value":"New"},"LowestPrice":{"Amount":13.75,"Currency":"EUR","DisplayAmount":"13,75 €"}}]}},{"ASIN":"B01AHJC9ZM","DetailPageURL":"https://www.amazon.es/dp/B01AHJC9ZM?tag=topinalambricos-21&linkCode=osi&th=1&psc=1","Images":{"Primary":{"Small":{"Height":75,"URL":"https://m.media-amazon.com/images/I/51W08-mMEfL._SL75_.jpg","Width":56}}},"ItemInfo":{"ByLineInfo":{"Brand":{"DisplayValue":"Charo","Label":"Brand","Locale":"es_ES"},"Manufacturer":{"DisplayValue":"Charo","Label":"Manufacturer","Locale":"es_ES"}},"Title":{"DisplayValue":"Pegatinas para plantas de cannabis, 20 unidades, 1 hoja, 135 mm x 100 mm, para manualidades, fiesta infantil, aspecto metálico","Label":"Title","Locale":"es_ES"}},"Offers":{"Summaries":[{"Condition":{"Value":"New"},"LowestPrice":{"Amount":2.99,"Currency":"EUR","DisplayAmount":"2,99 €"}}]}},{"ASIN":"B08K86S5L7","DetailPageURL":"https://www.amazon.es/dp/B08K86S5L7?tag=topinalambricos-21&linkCode=osi&th=1&psc=1","Images":{"Primary":{"Small":{"Height":52,"URL":"https://m.media-amazon.com/images/I/51aHVyxgnoL._SL75_.jpg","Width":75}}},"ItemInfo":{"ByLineInfo":{"Brand":{"DisplayValue":"Generisch","Label":"Brand","Locale":"es_ES"},"Manufacturer":{"DisplayValue":"Stickerfreaks","Label":"Manufacturer","Locale":"es_ES"}},"Title":{"DisplayValue":"Marihuana - Pegatinas para plantas (14 x 12 cm), diseño de flores","Label":"Title","Locale":"es_ES"}},"Offers":{"Summaries":[{"Condition":{"Value":"New"},"LowestPrice":{"Amount":4.75,"Currency":"EUR","DisplayAmount":"4,75 €"}}]}},{"ASIN":"B0BGC46S4R","DetailPageURL":"https://www.amazon.es/dp/B0BGC46S4R?tag=topinalambricos-21&linkCode=osi&th=1&psc=1","Images":{"Primary":{"Small":{"Height":75,"URL":"https://m.media-amazon.com/images/I/61gdoEUtbYL._SL75_.jpg","Width":75}}},"ItemInfo":{"ByLineInfo":{"Brand":{"DisplayValue":"QJFHURB","Label":"Brand","Locale":"es_ES"},"Manufacturer":{"DisplayValue":"QJFHURB","Label":"Manufacturer","Locale":"es_ES"}},"Title":{"DisplayValue":"Pegatinas De Marcas 251 piezas Pack Pegatinas Skate Pegatina Vinilo Chulas Famosas Stickers Decorativas Stikers Portatil Pegatina Vinilo para Ordenador Maletas Coche Moto Casco Bicicletas","Label":"Title","Locale":"es_ES"}},"Offers":{"Summaries":[{"Condition":{"Value":"New"},"LowestPrice":{"Amount":11.99,"Currency":"EUR","DisplayAmount":"11,99 € (6,00 € / unidad)","PricePerUnit":6.0}}]}},{"ASIN":"B09PBK5X2D","DetailPageURL":"https://www.amazon.es/dp/B09PBK5X2D?tag=topinalambricos-21&linkCode=osi&th=1&psc=1","Images":{"Primary":{"Small":{"Height":75,"URL":"https://m.media-amazon.com/images/I/61BcnLW1KXL._SL75_.jpg","Width":75}}},"ItemInfo":{"ByLineInfo":{"Brand":{"DisplayValue":"ACTTGGJ","Label":"Brand","Locale":"es_ES"},"Manufacturer":{"DisplayValue":"ACTTGGJ","Label":"Manufacturer","Locale":"es_ES"}},"Title":{"DisplayValue":"Pegatinas 100 Piezas Paquete de Pegatinas para Computadora Portátil Pegatinas de Vinilo Graffiti Sticker de Moda Pegatinas Geniales para Snowboard, Motocicleta,Guitarra Botella de Agua, Cuaderno","Label":"Title","Locale":"es_ES"}},"Offers":{"Summaries":[{"Condition":{"Value":"New"},"LowestPrice":{"Amount":9.99,"Currency":"EUR","DisplayAmount":"9,99 € (0,10 € / unidad)","PricePerUnit":0.1}}]}},{"ASIN":"B086J5TC35","DetailPageURL":"https://www.amazon.es/dp/B086J5TC35?tag=topinalambricos-21&linkCode=osi&th=1&psc=1","Images":{"Primary":{"Small":{"Height":75,"URL":"https://m.media-amazon.com/images/I/51M4O8NICOL._SL75_.jpg","Width":75}}},"ItemInfo":{"ByLineInfo":{"Brand":{"DisplayValue":"Destination Vinyl Ltd","Label":"Brand","Locale":"es_ES"},"Manufacturer":{"DisplayValue":"Destination Vinyl Ltd","Label":"Manufacturer","Locale":"es_ES"}},"Title":{"DisplayValue":"2 pegatinas de vinilo divertidas de 10 cm, diseño de marihuana de broma, cannabis y marihuana 10cm Wide","Label":"Title","Locale":"es_ES"}},"Offers":{"Summaries":[{"Condition":{"Value":"New"},"LowestPrice":{"Amount":13.02,"Currency":"EUR","DisplayAmount":"13,02 €"}}]}}],"SearchURL":"https://www.amazon.es/s?k=pegatinas+marihuana&rh=n%3A4358418031%2Cp_n_availability%3A-1&tag=topinalambricos-21&linkCode=osi","TotalResultCount":53}},"66":{"SearchResult":{"Items":[{"ASIN":"B0C6LPS2FS","DetailPageURL":"https://www.amazon.es/dp/B0C6LPS2FS?tag=topinalambricos-21&linkCode=osi&th=1&psc=1","Images":{"Primary":{"Small":{"Height":75,"URL":"https://m.media-amazon.com/images/I/61saj5jsPiL._SL75_.jpg","Width":75}}},"ItemInfo":{"ByLineInfo":{"Brand":{"DisplayValue":"NEULEBEN","Label":"Brand","Locale":"es_ES"}},"Title":{"DisplayValue":"Pegatinas divertidas de hierba, 150 pegatinas de dibujos animados de hojas de marihuana para adolescentes y adultos, pegatinas impermeables de vinilo de hojas mixtas, álbum de recortes y guitarra","Label":"Title","Locale":"es_ES"}},"Offers":{"Summaries":[{"Condition":{"Value":"New"},"LowestPrice":{"Amount":10.99,"Currency":"EUR","DisplayAmount":"10,99 €"}}]}},{"ASIN":"B0BMVH4J88","DetailPageURL":"https://www.amazon.es/dp/B0BMVH4J88?tag=topinalambricos-21&linkCode=osi&th=1&psc=1","Images":{"Primary":{"Small":{"Height":75,"URL":"https://m.media-amazon.com/images/I/61tGBZudfIL._SL75_.jpg","Width":75}}},"ItemInfo":{"ByLineInfo":{"Brand":{"DisplayValue":"AYODPE","Label":"Brand","Locale":"es_ES"},"Manufacturer":{"DisplayValue":"AYODPE","Label":"Manufacturer","Locale":"es_ES"}},"Title":{"DisplayValue":"AYODPE 100 pegatinas de malas hierbas, vinilo resistente al agua para bricolaje, portátil, equipaje, frigorífico, monopatín, coche, moto, bicicleta, pegatinas de marihuana, juego de pegatinas","Label":"Title","Locale":"es_ES"}},"Offers":{"Summaries":[{"Condition":{"Value":"New"},"LowestPrice":{"Amount":11.97,"Currency":"EUR","DisplayAmount":"11,97 € (0,12 € / unidad)","PricePerUnit":0.12}},{"Condition":{"Value":"Used"},"LowestPrice":{"Amount":8.52,"Currency":"EUR","DisplayAmount":"8,52 € (0,09 € / unidad)","PricePerUnit":0.09}}]}},{"ASIN":"B0C8ZF6PDL","DetailPageURL":"https://www.amazon.es/dp/B0C8ZF6PDL?tag=topinalambricos-21&linkCode=osi&th=1&psc=1","Images":{"Primary":{"Small":{"Height":75,"URL":"https://m.media-amazon.com/images/I/51nhVepA96L._SL75_.jpg","Width":75}}},"ItemInfo":{"ByLineInfo":{"Brand":{"DisplayValue":"AK Giftshop","Label":"Brand","Locale":"es_ES"},"Manufacturer":{"DisplayValue":"AK Giftshop","Label":"Manufacturer","Locale":"es_ES"}},"Title":{"DisplayValue":"Pegatinas personalizables con temática de hojas de marihuana de cannabis, etiquetas personalizadas, decoraciones para fiestas, cumpleaños, celebraciones (48 pegatinas)","Label":"Title","Locale":"es_ES"}},"Offers":{"Summaries":[{"Condition":{"Value":"New"},"LowestPrice":{"Amount":5.82,"Currency":"EUR","DisplayAmount":"5,82 €"}}]}},{"ASIN":"B09T8PK6GY","DetailPageURL":"https://www.amazon.es/dp/B09T8PK6GY?tag=topinalambricos-21&linkCode=osi&th=1&psc=1","Images":{"Primary":{"Small":{"Height":75,"URL":"https://m.media-amazon.com/images/I/51tneD1zs9L._SL75_.jpg","Width":75}}},"ItemInfo":{"ByLineInfo":{"Brand":{"DisplayValue":"HNTR","Label":"Brand","Locale":"es_ES"},"Manufacturer":{"DisplayValue":"HNTR","Label":"Manufacturer","Locale":"es_ES"}},"Title":{"DisplayValue":"HNTR Pegatinas de cannabis Weed Get High – Paquete de pegatinas de vinilo Mega Diversión y creatividad para álbumes de recortes","Label":"Title","Locale":"es_ES"}},"Offers":{"Summaries":[{"Condition":{"Value":"New"},"LowestPrice":{"Amount":17.17,"Currency":"EUR","DisplayAmount":"17,17 € (0,34 € / unidad)","PricePerUnit":0.34}}]}},{"ASIN":"B08297GX94","DetailPageURL":"https://www.amazon.es/dp/B08297GX94?tag=topinalambricos-21&linkCode=osi&th=1&psc=1","Images":{"Primary":{"Small":{"Height":75,"URL":"https://m.media-amazon.com/images/I/51qX3QTO0iL._SL75_.jpg","Width":75}}},"ItemInfo":{"ByLineInfo":{"Brand":{"DisplayValue":"Destination Vinyl Ltd","Label":"Brand","Locale":"es_ES"},"Manufacturer":{"DisplayValue":"Destination Vinyl ltd","Label":"Manufacturer","Locale":"es_ES"}},"Title":{"DisplayValue":"Impresionantes pegatinas de vinilo (juego de 2) 7.5 cm – Calcomanías de marihuana con marihuana y marihuana para laptops, tabletas, equipaje, libros de recortes, regalo genial #1403114473, 23x17x1 cm","Label":"Title","Locale":"es_ES"}},"Offers":{"Summaries":[{"Condition":{"Value":"New"},"LowestPrice":{"Amount":13.75,"Currency":"EUR","DisplayAmount":"13,75 €"}}]}},{"ASIN":"B01AHJC9ZM","DetailPageURL":"https://www.amazon.es/dp/B01AHJC9ZM?tag=topinalambricos-21&linkCode=osi&th=1&psc=1","Images":{"Primary":{"Small":{"Height":75,"URL":"https://m.media-amazon.com/images/I/51W08-mMEfL._SL75_.jpg","Width":56}}},"ItemInfo":{"ByLineInfo":{"Brand":{"DisplayValue":"Charo","Label":"Brand","Locale":"es_ES"},"Manufacturer":{"DisplayValue":"Charo","Label":"Manufacturer","Locale":"es_ES"}},"Title":{"DisplayValue":"Pegatinas para plantas de cannabis, 20 unidades, 1 hoja, 135 mm x 100 mm, para manualidades, fiesta infantil, aspecto metálico","Label":"Title","Locale":"es_ES"}},"Offers":{"Summaries":[{"Condition":{"Value":"New"},"LowestPrice":{"Amount":2.99,"Currency":"EUR","DisplayAmount":"2,99 €"}}]}},{"ASIN":"B08K86S5L7","DetailPageURL":"https://www.amazon.es/dp/B08K86S5L7?tag=topinalambricos-21&linkCode=osi&th=1&psc=1","Images":{"Primary":{"Small":{"Height":52,"URL":"https://m.media-amazon.com/images/I/51aHVyxgnoL._SL75_.jpg","Width":75}}},"ItemInfo":{"ByLineInfo":{"Brand":{"DisplayValue":"Generisch","Label":"Brand","Locale":"es_ES"},"Manufacturer":{"DisplayValue":"Stickerfreaks","Label":"Manufacturer","Locale":"es_ES"}},"Title":{"DisplayValue":"Marihuana - Pegatinas para plantas (14 x 12 cm), diseño de flores","Label":"Title","Locale":"es_ES"}},"Offers":{"Summaries":[{"Condition":{"Value":"New"},"LowestPrice":{"Amount":4.75,"Currency":"EUR","DisplayAmount":"4,75 €"}}]}},{"ASIN":"B0BGC46S4R","DetailPageURL":"https://www.amazon.es/dp/B0BGC46S4R?tag=topinalambricos-21&linkCode=osi&th=1&psc=1","Images":{"Primary":{"Small":{"Height":75,"URL":"https://m.media-amazon.com/images/I/61gdoEUtbYL._SL75_.jpg","Width":75}}},"ItemInfo":{"ByLineInfo":{"Brand":{"DisplayValue":"QJFHURB","Label":"Brand","Locale":"es_ES"},"Manufacturer":{"DisplayValue":"QJFHURB","Label":"Manufacturer","Locale":"es_ES"}},"Title":{"DisplayValue":"Pegatinas De Marcas 251 piezas Pack Pegatinas Skate Pegatina Vinilo Chulas Famosas Stickers Decorativas Stikers Portatil Pegatina Vinilo para Ordenador Maletas Coche Moto Casco Bicicletas","Label":"Title","Locale":"es_ES"}},"Offers":{"Summaries":[{"Condition":{"Value":"New"},"LowestPrice":{"Amount":11.99,"Currency":"EUR","DisplayAmount":"11,99 € (6,00 € / unidad)","PricePerUnit":6.0}}]}},{"ASIN":"B09PBK5X2D","DetailPageURL":"https://www.amazon.es/dp/B09PBK5X2D?tag=topinalambricos-21&linkCode=osi&th=1&psc=1","Images":{"Primary":{"Small":{"Height":75,"URL":"https://m.media-amazon.com/images/I/61BcnLW1KXL._SL75_.jpg","Width":75}}},"ItemInfo":{"ByLineInfo":{"Brand":{"DisplayValue":"ACTTGGJ","Label":"Brand","Locale":"es_ES"},"Manufacturer":{"DisplayValue":"ACTTGGJ","Label":"Manufacturer","Locale":"es_ES"}},"Title":{"DisplayValue":"Pegatinas 100 Piezas Paquete de Pegatinas para Computadora Portátil Pegatinas de Vinilo Graffiti Sticker de Moda Pegatinas Geniales para Snowboard, Motocicleta,Guitarra Botella de Agua, Cuaderno","Label":"Title","Locale":"es_ES"}},"Offers":{"Summaries":[{"Condition":{"Value":"New"},"LowestPrice":{"Amount":9.99,"Currency":"EUR","DisplayAmount":"9,99 € (0,10 € / unidad)","PricePerUnit":0.1}}]}},{"ASIN":"B086J5TC35","DetailPageURL":"https://www.amazon.es/dp/B086J5TC35?tag=topinalambricos-21&linkCode=osi&th=1&psc=1","Images":{"Primary":{"Small":{"Height":75,"URL":"https://m.media-amazon.com/images/I/51M4O8NICOL._SL75_.jpg","Width":75}}},"ItemInfo":{"ByLineInfo":{"Brand":{"DisplayValue":"Destination Vinyl Ltd","Label":"Brand","Locale":"es_ES"},"Manufacturer":{"DisplayValue":"Destination Vinyl Ltd","Label":"Manufacturer","Locale":"es_ES"}},"Title":{"DisplayValue":"2 pegatinas de vinilo divertidas de 10 cm, diseño de marihuana de broma, cannabis y marihuana 10cm Wide","Label":"Title","Locale":"es_ES"}},"Offers":{"Summaries":[{"Condition":{"Value":"New"},"LowestPrice":{"Amount":13.02,"Currency":"EUR","DisplayAmount":"13,02 €"}}]}}],"SearchURL":"https://www.amazon.es/s?k=pegatinas+marihuana&rh=n%3A4358418031%2Cp_n_availability%3A-1&tag=topinalambricos-21&linkCode=osi","TotalResultCount":53}},"67":{"SearchResult":{"Items":[{"ASIN":"B0C6LPS2FS","DetailPageURL":"https://www.amazon.es/dp/B0C6LPS2FS?tag=topinalambricos-21&linkCode=osi&th=1&psc=1","Images":{"Primary":{"Small":{"Height":75,"URL":"https://m.media-amazon.com/images/I/61saj5jsPiL._SL75_.jpg","Width":75}}},"ItemInfo":{"ByLineInfo":{"Brand":{"DisplayValue":"NEULEBEN","Label":"Brand","Locale":"es_ES"}},"Title":{"DisplayValue":"Pegatinas divertidas de hierba, 150 pegatinas de dibujos animados de hojas de marihuana para adolescentes y adultos, pegatinas impermeables de vinilo de hojas mixtas, álbum de recortes y guitarra","Label":"Title","Locale":"es_ES"}},"Offers":{"Summaries":[{"Condition":{"Value":"New"},"LowestPrice":{"Amount":10.99,"Currency":"EUR","DisplayAmount":"10,99 €"}}]}},{"ASIN":"B0BMVH4J88","DetailPageURL":"https://www.amazon.es/dp/B0BMVH4J88?tag=topinalambricos-21&linkCode=osi&th=1&psc=1","Images":{"Primary":{"Small":{"Height":75,"URL":"https://m.media-amazon.com/images/I/61tGBZudfIL._SL75_.jpg","Width":75}}},"ItemInfo":{"ByLineInfo":{"Brand":{"DisplayValue":"AYODPE","Label":"Brand","Locale":"es_ES"},"Manufacturer":{"DisplayValue":"AYODPE","Label":"Manufacturer","Locale":"es_ES"}},"Title":{"DisplayValue":"AYODPE 100 pegatinas de malas hierbas, vinilo resistente al agua para bricolaje, portátil, equipaje, frigorífico, monopatín, coche, moto, bicicleta, pegatinas de marihuana, juego de pegatinas","Label":"Title","Locale":"es_ES"}},"Offers":{"Summaries":[{"Condition":{"Value":"New"},"LowestPrice":{"Amount":11.97,"Currency":"EUR","DisplayAmount":"11,97 € (0,12 € / unidad)","PricePerUnit":0.12}},{"Condition":{"Value":"Used"},"LowestPrice":{"Amount":8.52,"Currency":"EUR","DisplayAmount":"8,52 € (0,09 € / unidad)","PricePerUnit":0.09}}]}},{"ASIN":"B0C8ZF6PDL","DetailPageURL":"https://www.amazon.es/dp/B0C8ZF6PDL?tag=topinalambricos-21&linkCode=osi&th=1&psc=1","Images":{"Primary":{"Small":{"Height":75,"URL":"https://m.media-amazon.com/images/I/51nhVepA96L._SL75_.jpg","Width":75}}},"ItemInfo":{"ByLineInfo":{"Brand":{"DisplayValue":"AK Giftshop","Label":"Brand","Locale":"es_ES"},"Manufacturer":{"DisplayValue":"AK Giftshop","Label":"Manufacturer","Locale":"es_ES"}},"Title":{"DisplayValue":"Pegatinas personalizables con temática de hojas de marihuana de cannabis, etiquetas personalizadas, decoraciones para fiestas, cumpleaños, celebraciones (48 pegatinas)","Label":"Title","Locale":"es_ES"}},"Offers":{"Summaries":[{"Condition":{"Value":"New"},"LowestPrice":{"Amount":5.82,"Currency":"EUR","DisplayAmount":"5,82 €"}}]}},{"ASIN":"B09T8PK6GY","DetailPageURL":"https://www.amazon.es/dp/B09T8PK6GY?tag=topinalambricos-21&linkCode=osi&th=1&psc=1","Images":{"Primary":{"Small":{"Height":75,"URL":"https://m.media-amazon.com/images/I/51tneD1zs9L._SL75_.jpg","Width":75}}},"ItemInfo":{"ByLineInfo":{"Brand":{"DisplayValue":"HNTR","Label":"Brand","Locale":"es_ES"},"Manufacturer":{"DisplayValue":"HNTR","Label":"Manufacturer","Locale":"es_ES"}},"Title":{"DisplayValue":"HNTR Pegatinas de cannabis Weed Get High – Paquete de pegatinas de vinilo Mega Diversión y creatividad para álbumes de recortes","Label":"Title","Locale":"es_ES"}},"Offers":{"Summaries":[{"Condition":{"Value":"New"},"LowestPrice":{"Amount":17.17,"Currency":"EUR","DisplayAmount":"17,17 € (0,34 € / unidad)","PricePerUnit":0.34}}]}},{"ASIN":"B08297GX94","DetailPageURL":"https://www.amazon.es/dp/B08297GX94?tag=topinalambricos-21&linkCode=osi&th=1&psc=1","Images":{"Primary":{"Small":{"Height":75,"URL":"https://m.media-amazon.com/images/I/51qX3QTO0iL._SL75_.jpg","Width":75}}},"ItemInfo":{"ByLineInfo":{"Brand":{"DisplayValue":"Destination Vinyl Ltd","Label":"Brand","Locale":"es_ES"},"Manufacturer":{"DisplayValue":"Destination Vinyl ltd","Label":"Manufacturer","Locale":"es_ES"}},"Title":{"DisplayValue":"Impresionantes pegatinas de vinilo (juego de 2) 7.5 cm – Calcomanías de marihuana con marihuana y marihuana para laptops, tabletas, equipaje, libros de recortes, regalo genial #1403114473, 23x17x1 cm","Label":"Title","Locale":"es_ES"}},"Offers":{"Summaries":[{"Condition":{"Value":"New"},"LowestPrice":{"Amount":13.75,"Currency":"EUR","DisplayAmount":"13,75 €"}}]}},{"ASIN":"B01AHJC9ZM","DetailPageURL":"https://www.amazon.es/dp/B01AHJC9ZM?tag=topinalambricos-21&linkCode=osi&th=1&psc=1","Images":{"Primary":{"Small":{"Height":75,"URL":"https://m.media-amazon.com/images/I/51W08-mMEfL._SL75_.jpg","Width":56}}},"ItemInfo":{"ByLineInfo":{"Brand":{"DisplayValue":"Charo","Label":"Brand","Locale":"es_ES"},"Manufacturer":{"DisplayValue":"Charo","Label":"Manufacturer","Locale":"es_ES"}},"Title":{"DisplayValue":"Pegatinas para plantas de cannabis, 20 unidades, 1 hoja, 135 mm x 100 mm, para manualidades, fiesta infantil, aspecto metálico","Label":"Title","Locale":"es_ES"}},"Offers":{"Summaries":[{"Condition":{"Value":"New"},"LowestPrice":{"Amount":2.99,"Currency":"EUR","DisplayAmount":"2,99 €"}}]}},{"ASIN":"B08K86S5L7","DetailPageURL":"https://www.amazon.es/dp/B08K86S5L7?tag=topinalambricos-21&linkCode=osi&th=1&psc=1","Images":{"Primary":{"Small":{"Height":52,"URL":"https://m.media-amazon.com/images/I/51aHVyxgnoL._SL75_.jpg","Width":75}}},"ItemInfo":{"ByLineInfo":{"Brand":{"DisplayValue":"Generisch","Label":"Brand","Locale":"es_ES"},"Manufacturer":{"DisplayValue":"Stickerfreaks","Label":"Manufacturer","Locale":"es_ES"}},"Title":{"DisplayValue":"Marihuana - Pegatinas para plantas (14 x 12 cm), diseño de flores","Label":"Title","Locale":"es_ES"}},"Offers":{"Summaries":[{"Condition":{"Value":"New"},"LowestPrice":{"Amount":4.75,"Currency":"EUR","DisplayAmount":"4,75 €"}}]}},{"ASIN":"B0BGC46S4R","DetailPageURL":"https://www.amazon.es/dp/B0BGC46S4R?tag=topinalambricos-21&linkCode=osi&th=1&psc=1","Images":{"Primary":{"Small":{"Height":75,"URL":"https://m.media-amazon.com/images/I/61gdoEUtbYL._SL75_.jpg","Width":75}}},"ItemInfo":{"ByLineInfo":{"Brand":{"DisplayValue":"QJFHURB","Label":"Brand","Locale":"es_ES"},"Manufacturer":{"DisplayValue":"QJFHURB","Label":"Manufacturer","Locale":"es_ES"}},"Title":{"DisplayValue":"Pegatinas De Marcas 251 piezas Pack Pegatinas Skate Pegatina Vinilo Chulas Famosas Stickers Decorativas Stikers Portatil Pegatina Vinilo para Ordenador Maletas Coche Moto Casco Bicicletas","Label":"Title","Locale":"es_ES"}},"Offers":{"Summaries":[{"Condition":{"Value":"New"},"LowestPrice":{"Amount":11.99,"Currency":"EUR","DisplayAmount":"11,99 € (6,00 € / unidad)","PricePerUnit":6.0}}]}},{"ASIN":"B09PBK5X2D","DetailPageURL":"https://www.amazon.es/dp/B09PBK5X2D?tag=topinalambricos-21&linkCode=osi&th=1&psc=1","Images":{"Primary":{"Small":{"Height":75,"URL":"https://m.media-amazon.com/images/I/61BcnLW1KXL._SL75_.jpg","Width":75}}},"ItemInfo":{"ByLineInfo":{"Brand":{"DisplayValue":"ACTTGGJ","Label":"Brand","Locale":"es_ES"},"Manufacturer":{"DisplayValue":"ACTTGGJ","Label":"Manufacturer","Locale":"es_ES"}},"Title":{"DisplayValue":"Pegatinas 100 Piezas Paquete de Pegatinas para Computadora Portátil Pegatinas de Vinilo Graffiti Sticker de Moda Pegatinas Geniales para Snowboard, Motocicleta,Guitarra Botella de Agua, Cuaderno","Label":"Title","Locale":"es_ES"}},"Offers":{"Summaries":[{"Condition":{"Value":"New"},"LowestPrice":{"Amount":9.99,"Currency":"EUR","DisplayAmount":"9,99 € (0,10 € / unidad)","PricePerUnit":0.1}}]}},{"ASIN":"B086J5TC35","DetailPageURL":"https://www.amazon.es/dp/B086J5TC35?tag=topinalambricos-21&linkCode=osi&th=1&psc=1","Images":{"Primary":{"Small":{"Height":75,"URL":"https://m.media-amazon.com/images/I/51M4O8NICOL._SL75_.jpg","Width":75}}},"ItemInfo":{"ByLineInfo":{"Brand":{"DisplayValue":"Destination Vinyl Ltd","Label":"Brand","Locale":"es_ES"},"Manufacturer":{"DisplayValue":"Destination Vinyl Ltd","Label":"Manufacturer","Locale":"es_ES"}},"Title":{"DisplayValue":"2 pegatinas de vinilo divertidas de 10 cm, diseño de marihuana de broma, cannabis y marihuana 10cm Wide","Label":"Title","Locale":"es_ES"}},"Offers":{"Summaries":[{"Condition":{"Value":"New"},"LowestPrice":{"Amount":13.02,"Currency":"EUR","DisplayAmount":"13,02 €"}}]}}],"SearchURL":"https://www.amazon.es/s?k=pegatinas+marihuana&rh=n%3A4358418031%2Cp_n_availability%3A-1&tag=topinalambricos-21&linkCode=osi","TotalResultCount":53}},"68":{"SearchResult":{"Items":[{"ASIN":"B0C6LPS2FS","DetailPageURL":"https://www.amazon.es/dp/B0C6LPS2FS?tag=topinalambricos-21&linkCode=osi&th=1&psc=1","Images":{"Primary":{"Small":{"Height":75,"URL":"https://m.media-amazon.com/images/I/61saj5jsPiL._SL75_.jpg","Width":75}}},"ItemInfo":{"ByLineInfo":{"Brand":{"DisplayValue":"NEULEBEN","Label":"Brand","Locale":"es_ES"}},"Title":{"DisplayValue":"Pegatinas divertidas de hierba, 150 pegatinas de dibujos animados de hojas de marihuana para adolescentes y adultos, pegatinas impermeables de vinilo de hojas mixtas, álbum de recortes y guitarra","Label":"Title","Locale":"es_ES"}},"Offers":{"Summaries":[{"Condition":{"Value":"New"},"LowestPrice":{"Amount":10.99,"Currency":"EUR","DisplayAmount":"10,99 €"}}]}},{"ASIN":"B0BMVH4J88","DetailPageURL":"https://www.amazon.es/dp/B0BMVH4J88?tag=topinalambricos-21&linkCode=osi&th=1&psc=1","Images":{"Primary":{"Small":{"Height":75,"URL":"https://m.media-amazon.com/images/I/61tGBZudfIL._SL75_.jpg","Width":75}}},"ItemInfo":{"ByLineInfo":{"Brand":{"DisplayValue":"AYODPE","Label":"Brand","Locale":"es_ES"},"Manufacturer":{"DisplayValue":"AYODPE","Label":"Manufacturer","Locale":"es_ES"}},"Title":{"DisplayValue":"AYODPE 100 pegatinas de malas hierbas, vinilo resistente al agua para bricolaje, portátil, equipaje, frigorífico, monopatín, coche, moto, bicicleta, pegatinas de marihuana, juego de pegatinas","Label":"Title","Locale":"es_ES"}},"Offers":{"Summaries":[{"Condition":{"Value":"New"},"LowestPrice":{"Amount":11.97,"Currency":"EUR","DisplayAmount":"11,97 € (0,12 € / unidad)","PricePerUnit":0.12}},{"Condition":{"Value":"Used"},"LowestPrice":{"Amount":8.52,"Currency":"EUR","DisplayAmount":"8,52 € (0,09 € / unidad)","PricePerUnit":0.09}}]}},{"ASIN":"B0C8ZF6PDL","DetailPageURL":"https://www.amazon.es/dp/B0C8ZF6PDL?tag=topinalambricos-21&linkCode=osi&th=1&psc=1","Images":{"Primary":{"Small":{"Height":75,"URL":"https://m.media-amazon.com/images/I/51nhVepA96L._SL75_.jpg","Width":75}}},"ItemInfo":{"ByLineInfo":{"Brand":{"DisplayValue":"AK Giftshop","Label":"Brand","Locale":"es_ES"},"Manufacturer":{"DisplayValue":"AK Giftshop","Label":"Manufacturer","Locale":"es_ES"}},"Title":{"DisplayValue":"Pegatinas personalizables con temática de hojas de marihuana de cannabis, etiquetas personalizadas, decoraciones para fiestas, cumpleaños, celebraciones (48 pegatinas)","Label":"Title","Locale":"es_ES"}},"Offers":{"Summaries":[{"Condition":{"Value":"New"},"LowestPrice":{"Amount":5.82,"Currency":"EUR","DisplayAmount":"5,82 €"}}]}},{"ASIN":"B09T8PK6GY","DetailPageURL":"https://www.amazon.es/dp/B09T8PK6GY?tag=topinalambricos-21&linkCode=osi&th=1&psc=1","Images":{"Primary":{"Small":{"Height":75,"URL":"https://m.media-amazon.com/images/I/51tneD1zs9L._SL75_.jpg","Width":75}}},"ItemInfo":{"ByLineInfo":{"Brand":{"DisplayValue":"HNTR","Label":"Brand","Locale":"es_ES"},"Manufacturer":{"DisplayValue":"HNTR","Label":"Manufacturer","Locale":"es_ES"}},"Title":{"DisplayValue":"HNTR Pegatinas de cannabis Weed Get High – Paquete de pegatinas de vinilo Mega Diversión y creatividad para álbumes de recortes","Label":"Title","Locale":"es_ES"}},"Offers":{"Summaries":[{"Condition":{"Value":"New"},"LowestPrice":{"Amount":17.17,"Currency":"EUR","DisplayAmount":"17,17 € (0,34 € / unidad)","PricePerUnit":0.34}}]}},{"ASIN":"B08297GX94","DetailPageURL":"https://www.amazon.es/dp/B08297GX94?tag=topinalambricos-21&linkCode=osi&th=1&psc=1","Images":{"Primary":{"Small":{"Height":75,"URL":"https://m.media-amazon.com/images/I/51qX3QTO0iL._SL75_.jpg","Width":75}}},"ItemInfo":{"ByLineInfo":{"Brand":{"DisplayValue":"Destination Vinyl Ltd","Label":"Brand","Locale":"es_ES"},"Manufacturer":{"DisplayValue":"Destination Vinyl ltd","Label":"Manufacturer","Locale":"es_ES"}},"Title":{"DisplayValue":"Impresionantes pegatinas de vinilo (juego de 2) 7.5 cm – Calcomanías de marihuana con marihuana y marihuana para laptops, tabletas, equipaje, libros de recortes, regalo genial #1403114473, 23x17x1 cm","Label":"Title","Locale":"es_ES"}},"Offers":{"Summaries":[{"Condition":{"Value":"New"},"LowestPrice":{"Amount":13.75,"Currency":"EUR","DisplayAmount":"13,75 €"}}]}},{"ASIN":"B01AHJC9ZM","DetailPageURL":"https://www.amazon.es/dp/B01AHJC9ZM?tag=topinalambricos-21&linkCode=osi&th=1&psc=1","Images":{"Primary":{"Small":{"Height":75,"URL":"https://m.media-amazon.com/images/I/51W08-mMEfL._SL75_.jpg","Width":56}}},"ItemInfo":{"ByLineInfo":{"Brand":{"DisplayValue":"Charo","Label":"Brand","Locale":"es_ES"},"Manufacturer":{"DisplayValue":"Charo","Label":"Manufacturer","Locale":"es_ES"}},"Title":{"DisplayValue":"Pegatinas para plantas de cannabis, 20 unidades, 1 hoja, 135 mm x 100 mm, para manualidades, fiesta infantil, aspecto metálico","Label":"Title","Locale":"es_ES"}},"Offers":{"Summaries":[{"Condition":{"Value":"New"},"LowestPrice":{"Amount":2.99,"Currency":"EUR","DisplayAmount":"2,99 €"}}]}},{"ASIN":"B08K86S5L7","DetailPageURL":"https://www.amazon.es/dp/B08K86S5L7?tag=topinalambricos-21&linkCode=osi&th=1&psc=1","Images":{"Primary":{"Small":{"Height":52,"URL":"https://m.media-amazon.com/images/I/51aHVyxgnoL._SL75_.jpg","Width":75}}},"ItemInfo":{"ByLineInfo":{"Brand":{"DisplayValue":"Generisch","Label":"Brand","Locale":"es_ES"},"Manufacturer":{"DisplayValue":"Stickerfreaks","Label":"Manufacturer","Locale":"es_ES"}},"Title":{"DisplayValue":"Marihuana - Pegatinas para plantas (14 x 12 cm), diseño de flores","Label":"Title","Locale":"es_ES"}},"Offers":{"Summaries":[{"Condition":{"Value":"New"},"LowestPrice":{"Amount":4.75,"Currency":"EUR","DisplayAmount":"4,75 €"}}]}},{"ASIN":"B0BGC46S4R","DetailPageURL":"https://www.amazon.es/dp/B0BGC46S4R?tag=topinalambricos-21&linkCode=osi&th=1&psc=1","Images":{"Primary":{"Small":{"Height":75,"URL":"https://m.media-amazon.com/images/I/61gdoEUtbYL._SL75_.jpg","Width":75}}},"ItemInfo":{"ByLineInfo":{"Brand":{"DisplayValue":"QJFHURB","Label":"Brand","Locale":"es_ES"},"Manufacturer":{"DisplayValue":"QJFHURB","Label":"Manufacturer","Locale":"es_ES"}},"Title":{"DisplayValue":"Pegatinas De Marcas 251 piezas Pack Pegatinas Skate Pegatina Vinilo Chulas Famosas Stickers Decorativas Stikers Portatil Pegatina Vinilo para Ordenador Maletas Coche Moto Casco Bicicletas","Label":"Title","Locale":"es_ES"}},"Offers":{"Summaries":[{"Condition":{"Value":"New"},"LowestPrice":{"Amount":11.99,"Currency":"EUR","DisplayAmount":"11,99 € (6,00 € / unidad)","PricePerUnit":6.0}}]}},{"ASIN":"B09PBK5X2D","DetailPageURL":"https://www.amazon.es/dp/B09PBK5X2D?tag=topinalambricos-21&linkCode=osi&th=1&psc=1","Images":{"Primary":{"Small":{"Height":75,"URL":"https://m.media-amazon.com/images/I/61BcnLW1KXL._SL75_.jpg","Width":75}}},"ItemInfo":{"ByLineInfo":{"Brand":{"DisplayValue":"ACTTGGJ","Label":"Brand","Locale":"es_ES"},"Manufacturer":{"DisplayValue":"ACTTGGJ","Label":"Manufacturer","Locale":"es_ES"}},"Title":{"DisplayValue":"Pegatinas 100 Piezas Paquete de Pegatinas para Computadora Portátil Pegatinas de Vinilo Graffiti Sticker de Moda Pegatinas Geniales para Snowboard, Motocicleta,Guitarra Botella de Agua, Cuaderno","Label":"Title","Locale":"es_ES"}},"Offers":{"Summaries":[{"Condition":{"Value":"New"},"LowestPrice":{"Amount":9.99,"Currency":"EUR","DisplayAmount":"9,99 € (0,10 € / unidad)","PricePerUnit":0.1}}]}},{"ASIN":"B086J5TC35","DetailPageURL":"https://www.amazon.es/dp/B086J5TC35?tag=topinalambricos-21&linkCode=osi&th=1&psc=1","Images":{"Primary":{"Small":{"Height":75,"URL":"https://m.media-amazon.com/images/I/51M4O8NICOL._SL75_.jpg","Width":75}}},"ItemInfo":{"ByLineInfo":{"Brand":{"DisplayValue":"Destination Vinyl Ltd","Label":"Brand","Locale":"es_ES"},"Manufacturer":{"DisplayValue":"Destination Vinyl Ltd","Label":"Manufacturer","Locale":"es_ES"}},"Title":{"DisplayValue":"2 pegatinas de vinilo divertidas de 10 cm, diseño de marihuana de broma, cannabis y marihuana 10cm Wide","Label":"Title","Locale":"es_ES"}},"Offers":{"Summaries":[{"Condition":{"Value":"New"},"LowestPrice":{"Amount":13.02,"Currency":"EUR","DisplayAmount":"13,02 €"}}]}}],"SearchURL":"https://www.amazon.es/s?k=pegatinas+marihuana&rh=n%3A4358418031%2Cp_n_availability%3A-1&tag=topinalambricos-21&linkCode=osi","TotalResultCount":53}},"69":{"SearchResult":{"Items":[{"ASIN":"B0C6LPS2FS","DetailPageURL":"https://www.amazon.es/dp/B0C6LPS2FS?tag=topinalambricos-21&linkCode=osi&th=1&psc=1","Images":{"Primary":{"Small":{"Height":75,"URL":"https://m.media-amazon.com/images/I/61saj5jsPiL._SL75_.jpg","Width":75}}},"ItemInfo":{"ByLineInfo":{"Brand":{"DisplayValue":"NEULEBEN","Label":"Brand","Locale":"es_ES"}},"Title":{"DisplayValue":"Pegatinas divertidas de hierba, 150 pegatinas de dibujos animados de hojas de marihuana para adolescentes y adultos, pegatinas impermeables de vinilo de hojas mixtas, álbum de recortes y guitarra","Label":"Title","Locale":"es_ES"}},"Offers":{"Summaries":[{"Condition":{"Value":"New"},"LowestPrice":{"Amount":10.99,"Currency":"EUR","DisplayAmount":"10,99 €"}}]}},{"ASIN":"B0BMVH4J88","DetailPageURL":"https://www.amazon.es/dp/B0BMVH4J88?tag=topinalambricos-21&linkCode=osi&th=1&psc=1","Images":{"Primary":{"Small":{"Height":75,"URL":"https://m.media-amazon.com/images/I/61tGBZudfIL._SL75_.jpg","Width":75}}},"ItemInfo":{"ByLineInfo":{"Brand":{"DisplayValue":"AYODPE","Label":"Brand","Locale":"es_ES"},"Manufacturer":{"DisplayValue":"AYODPE","Label":"Manufacturer","Locale":"es_ES"}},"Title":{"DisplayValue":"AYODPE 100 pegatinas de malas hierbas, vinilo resistente al agua para bricolaje, portátil, equipaje, frigorífico, monopatín, coche, moto, bicicleta, pegatinas de marihuana, juego de pegatinas","Label":"Title","Locale":"es_ES"}},"Offers":{"Summaries":[{"Condition":{"Value":"New"},"LowestPrice":{"Amount":11.97,"Currency":"EUR","DisplayAmount":"11,97 € (0,12 € / unidad)","PricePerUnit":0.12}},{"Condition":{"Value":"Used"},"LowestPrice":{"Amount":8.52,"Currency":"EUR","DisplayAmount":"8,52 € (0,09 € / unidad)","PricePerUnit":0.09}}]}},{"ASIN":"B0C8ZF6PDL","DetailPageURL":"https://www.amazon.es/dp/B0C8ZF6PDL?tag=topinalambricos-21&linkCode=osi&th=1&psc=1","Images":{"Primary":{"Small":{"Height":75,"URL":"https://m.media-amazon.com/images/I/51nhVepA96L._SL75_.jpg","Width":75}}},"ItemInfo":{"ByLineInfo":{"Brand":{"DisplayValue":"AK Giftshop","Label":"Brand","Locale":"es_ES"},"Manufacturer":{"DisplayValue":"AK Giftshop","Label":"Manufacturer","Locale":"es_ES"}},"Title":{"DisplayValue":"Pegatinas personalizables con temática de hojas de marihuana de cannabis, etiquetas personalizadas, decoraciones para fiestas, cumpleaños, celebraciones (48 pegatinas)","Label":"Title","Locale":"es_ES"}},"Offers":{"Summaries":[{"Condition":{"Value":"New"},"LowestPrice":{"Amount":5.82,"Currency":"EUR","DisplayAmount":"5,82 €"}}]}},{"ASIN":"B09T8PK6GY","DetailPageURL":"https://www.amazon.es/dp/B09T8PK6GY?tag=topinalambricos-21&linkCode=osi&th=1&psc=1","Images":{"Primary":{"Small":{"Height":75,"URL":"https://m.media-amazon.com/images/I/51tneD1zs9L._SL75_.jpg","Width":75}}},"ItemInfo":{"ByLineInfo":{"Brand":{"DisplayValue":"HNTR","Label":"Brand","Locale":"es_ES"},"Manufacturer":{"DisplayValue":"HNTR","Label":"Manufacturer","Locale":"es_ES"}},"Title":{"DisplayValue":"HNTR Pegatinas de cannabis Weed Get High – Paquete de pegatinas de vinilo Mega Diversión y creatividad para álbumes de recortes","Label":"Title","Locale":"es_ES"}},"Offers":{"Summaries":[{"Condition":{"Value":"New"},"LowestPrice":{"Amount":17.17,"Currency":"EUR","DisplayAmount":"17,17 € (0,34 € / unidad)","PricePerUnit":0.34}}]}},{"ASIN":"B08297GX94","DetailPageURL":"https://www.amazon.es/dp/B08297GX94?tag=topinalambricos-21&linkCode=osi&th=1&psc=1","Images":{"Primary":{"Small":{"Height":75,"URL":"https://m.media-amazon.com/images/I/51qX3QTO0iL._SL75_.jpg","Width":75}}},"ItemInfo":{"ByLineInfo":{"Brand":{"DisplayValue":"Destination Vinyl Ltd","Label":"Brand","Locale":"es_ES"},"Manufacturer":{"DisplayValue":"Destination Vinyl ltd","Label":"Manufacturer","Locale":"es_ES"}},"Title":{"DisplayValue":"Impresionantes pegatinas de vinilo (juego de 2) 7.5 cm – Calcomanías de marihuana con marihuana y marihuana para laptops, tabletas, equipaje, libros de recortes, regalo genial #1403114473, 23x17x1 cm","Label":"Title","Locale":"es_ES"}},"Offers":{"Summaries":[{"Condition":{"Value":"New"},"LowestPrice":{"Amount":13.75,"Currency":"EUR","DisplayAmount":"13,75 €"}}]}},{"ASIN":"B01AHJC9ZM","DetailPageURL":"https://www.amazon.es/dp/B01AHJC9ZM?tag=topinalambricos-21&linkCode=osi&th=1&psc=1","Images":{"Primary":{"Small":{"Height":75,"URL":"https://m.media-amazon.com/images/I/51W08-mMEfL._SL75_.jpg","Width":56}}},"ItemInfo":{"ByLineInfo":{"Brand":{"DisplayValue":"Charo","Label":"Brand","Locale":"es_ES"},"Manufacturer":{"DisplayValue":"Charo","Label":"Manufacturer","Locale":"es_ES"}},"Title":{"DisplayValue":"Pegatinas para plantas de cannabis, 20 unidades, 1 hoja, 135 mm x 100 mm, para manualidades, fiesta infantil, aspecto metálico","Label":"Title","Locale":"es_ES"}},"Offers":{"Summaries":[{"Condition":{"Value":"New"},"LowestPrice":{"Amount":2.99,"Currency":"EUR","DisplayAmount":"2,99 €"}}]}},{"ASIN":"B08K86S5L7","DetailPageURL":"https://www.amazon.es/dp/B08K86S5L7?tag=topinalambricos-21&linkCode=osi&th=1&psc=1","Images":{"Primary":{"Small":{"Height":52,"URL":"https://m.media-amazon.com/images/I/51aHVyxgnoL._SL75_.jpg","Width":75}}},"ItemInfo":{"ByLineInfo":{"Brand":{"DisplayValue":"Generisch","Label":"Brand","Locale":"es_ES"},"Manufacturer":{"DisplayValue":"Stickerfreaks","Label":"Manufacturer","Locale":"es_ES"}},"Title":{"DisplayValue":"Marihuana - Pegatinas para plantas (14 x 12 cm), diseño de flores","Label":"Title","Locale":"es_ES"}},"Offers":{"Summaries":[{"Condition":{"Value":"New"},"LowestPrice":{"Amount":4.75,"Currency":"EUR","DisplayAmount":"4,75 €"}}]}},{"ASIN":"B0BGC46S4R","DetailPageURL":"https://www.amazon.es/dp/B0BGC46S4R?tag=topinalambricos-21&linkCode=osi&th=1&psc=1","Images":{"Primary":{"Small":{"Height":75,"URL":"https://m.media-amazon.com/images/I/61gdoEUtbYL._SL75_.jpg","Width":75}}},"ItemInfo":{"ByLineInfo":{"Brand":{"DisplayValue":"QJFHURB","Label":"Brand","Locale":"es_ES"},"Manufacturer":{"DisplayValue":"QJFHURB","Label":"Manufacturer","Locale":"es_ES"}},"Title":{"DisplayValue":"Pegatinas De Marcas 251 piezas Pack Pegatinas Skate Pegatina Vinilo Chulas Famosas Stickers Decorativas Stikers Portatil Pegatina Vinilo para Ordenador Maletas Coche Moto Casco Bicicletas","Label":"Title","Locale":"es_ES"}},"Offers":{"Summaries":[{"Condition":{"Value":"New"},"LowestPrice":{"Amount":11.99,"Currency":"EUR","DisplayAmount":"11,99 € (6,00 € / unidad)","PricePerUnit":6.0}}]}},{"ASIN":"B09PBK5X2D","DetailPageURL":"https://www.amazon.es/dp/B09PBK5X2D?tag=topinalambricos-21&linkCode=osi&th=1&psc=1","Images":{"Primary":{"Small":{"Height":75,"URL":"https://m.media-amazon.com/images/I/61BcnLW1KXL._SL75_.jpg","Width":75}}},"ItemInfo":{"ByLineInfo":{"Brand":{"DisplayValue":"ACTTGGJ","Label":"Brand","Locale":"es_ES"},"Manufacturer":{"DisplayValue":"ACTTGGJ","Label":"Manufacturer","Locale":"es_ES"}},"Title":{"DisplayValue":"Pegatinas 100 Piezas Paquete de Pegatinas para Computadora Portátil Pegatinas de Vinilo Graffiti Sticker de Moda Pegatinas Geniales para Snowboard, Motocicleta,Guitarra Botella de Agua, Cuaderno","Label":"Title","Locale":"es_ES"}},"Offers":{"Summaries":[{"Condition":{"Value":"New"},"LowestPrice":{"Amount":9.99,"Currency":"EUR","DisplayAmount":"9,99 € (0,10 € / unidad)","PricePerUnit":0.1}}]}},{"ASIN":"B086J5TC35","DetailPageURL":"https://www.amazon.es/dp/B086J5TC35?tag=topinalambricos-21&linkCode=osi&th=1&psc=1","Images":{"Primary":{"Small":{"Height":75,"URL":"https://m.media-amazon.com/images/I/51M4O8NICOL._SL75_.jpg","Width":75}}},"ItemInfo":{"ByLineInfo":{"Brand":{"DisplayValue":"Destination Vinyl Ltd","Label":"Brand","Locale":"es_ES"},"Manufacturer":{"DisplayValue":"Destination Vinyl Ltd","Label":"Manufacturer","Locale":"es_ES"}},"Title":{"DisplayValue":"2 pegatinas de vinilo divertidas de 10 cm, diseño de marihuana de broma, cannabis y marihuana 10cm Wide","Label":"Title","Locale":"es_ES"}},"Offers":{"Summaries":[{"Condition":{"Value":"New"},"LowestPrice":{"Amount":13.02,"Currency":"EUR","DisplayAmount":"13,02 €"}}]}}],"SearchURL":"https://www.amazon.es/s?k=pegatinas+marihuana&rh=n%3A4358418031%2Cp_n_availability%3A-1&tag=topinalambricos-21&linkCode=osi","TotalResultCount":53}},"70":{"SearchResult":{"Items":[{"ASIN":"B0C6LPS2FS","DetailPageURL":"https://www.amazon.es/dp/B0C6LPS2FS?tag=topinalambricos-21&linkCode=osi&th=1&psc=1","Images":{"Primary":{"Small":{"Height":75,"URL":"https://m.media-amazon.com/images/I/61saj5jsPiL._SL75_.jpg","Width":75}}},"ItemInfo":{"ByLineInfo":{"Brand":{"DisplayValue":"NEULEBEN","Label":"Brand","Locale":"es_ES"}},"Title":{"DisplayValue":"Pegatinas divertidas de hierba, 150 pegatinas de dibujos animados de hojas de marihuana para adolescentes y adultos, pegatinas impermeables de vinilo de hojas mixtas, álbum de recortes y guitarra","Label":"Title","Locale":"es_ES"}},"Offers":{"Summaries":[{"Condition":{"Value":"New"},"LowestPrice":{"Amount":10.99,"Currency":"EUR","DisplayAmount":"10,99 €"}}]}},{"ASIN":"B0BMVH4J88","DetailPageURL":"https://www.amazon.es/dp/B0BMVH4J88?tag=topinalambricos-21&linkCode=osi&th=1&psc=1","Images":{"Primary":{"Small":{"Height":75,"URL":"https://m.media-amazon.com/images/I/61tGBZudfIL._SL75_.jpg","Width":75}}},"ItemInfo":{"ByLineInfo":{"Brand":{"DisplayValue":"AYODPE","Label":"Brand","Locale":"es_ES"},"Manufacturer":{"DisplayValue":"AYODPE","Label":"Manufacturer","Locale":"es_ES"}},"Title":{"DisplayValue":"AYODPE 100 pegatinas de malas hierbas, vinilo resistente al agua para bricolaje, portátil, equipaje, frigorífico, monopatín, coche, moto, bicicleta, pegatinas de marihuana, juego de pegatinas","Label":"Title","Locale":"es_ES"}},"Offers":{"Summaries":[{"Condition":{"Value":"New"},"LowestPrice":{"Amount":11.97,"Currency":"EUR","DisplayAmount":"11,97 € (0,12 € / unidad)","PricePerUnit":0.12}},{"Condition":{"Value":"Used"},"LowestPrice":{"Amount":8.52,"Currency":"EUR","DisplayAmount":"8,52 € (0,09 € / unidad)","PricePerUnit":0.09}}]}},{"ASIN":"B0C8ZF6PDL","DetailPageURL":"https://www.amazon.es/dp/B0C8ZF6PDL?tag=topinalambricos-21&linkCode=osi&th=1&psc=1","Images":{"Primary":{"Small":{"Height":75,"URL":"https://m.media-amazon.com/images/I/51nhVepA96L._SL75_.jpg","Width":75}}},"ItemInfo":{"ByLineInfo":{"Brand":{"DisplayValue":"AK Giftshop","Label":"Brand","Locale":"es_ES"},"Manufacturer":{"DisplayValue":"AK Giftshop","Label":"Manufacturer","Locale":"es_ES"}},"Title":{"DisplayValue":"Pegatinas personalizables con temática de hojas de marihuana de cannabis, etiquetas personalizadas, decoraciones para fiestas, cumpleaños, celebraciones (48 pegatinas)","Label":"Title","Locale":"es_ES"}},"Offers":{"Summaries":[{"Condition":{"Value":"New"},"LowestPrice":{"Amount":5.82,"Currency":"EUR","DisplayAmount":"5,82 €"}}]}},{"ASIN":"B09T8PK6GY","DetailPageURL":"https://www.amazon.es/dp/B09T8PK6GY?tag=topinalambricos-21&linkCode=osi&th=1&psc=1","Images":{"Primary":{"Small":{"Height":75,"URL":"https://m.media-amazon.com/images/I/51tneD1zs9L._SL75_.jpg","Width":75}}},"ItemInfo":{"ByLineInfo":{"Brand":{"DisplayValue":"HNTR","Label":"Brand","Locale":"es_ES"},"Manufacturer":{"DisplayValue":"HNTR","Label":"Manufacturer","Locale":"es_ES"}},"Title":{"DisplayValue":"HNTR Pegatinas de cannabis Weed Get High – Paquete de pegatinas de vinilo Mega Diversión y creatividad para álbumes de recortes","Label":"Title","Locale":"es_ES"}},"Offers":{"Summaries":[{"Condition":{"Value":"New"},"LowestPrice":{"Amount":17.17,"Currency":"EUR","DisplayAmount":"17,17 € (0,34 € / unidad)","PricePerUnit":0.34}}]}},{"ASIN":"B08297GX94","DetailPageURL":"https://www.amazon.es/dp/B08297GX94?tag=topinalambricos-21&linkCode=osi&th=1&psc=1","Images":{"Primary":{"Small":{"Height":75,"URL":"https://m.media-amazon.com/images/I/51qX3QTO0iL._SL75_.jpg","Width":75}}},"ItemInfo":{"ByLineInfo":{"Brand":{"DisplayValue":"Destination Vinyl Ltd","Label":"Brand","Locale":"es_ES"},"Manufacturer":{"DisplayValue":"Destination Vinyl ltd","Label":"Manufacturer","Locale":"es_ES"}},"Title":{"DisplayValue":"Impresionantes pegatinas de vinilo (juego de 2) 7.5 cm – Calcomanías de marihuana con marihuana y marihuana para laptops, tabletas, equipaje, libros de recortes, regalo genial #1403114473, 23x17x1 cm","Label":"Title","Locale":"es_ES"}},"Offers":{"Summaries":[{"Condition":{"Value":"New"},"LowestPrice":{"Amount":13.75,"Currency":"EUR","DisplayAmount":"13,75 €"}}]}},{"ASIN":"B01AHJC9ZM","DetailPageURL":"https://www.amazon.es/dp/B01AHJC9ZM?tag=topinalambricos-21&linkCode=osi&th=1&psc=1","Images":{"Primary":{"Small":{"Height":75,"URL":"https://m.media-amazon.com/images/I/51W08-mMEfL._SL75_.jpg","Width":56}}},"ItemInfo":{"ByLineInfo":{"Brand":{"DisplayValue":"Charo","Label":"Brand","Locale":"es_ES"},"Manufacturer":{"DisplayValue":"Charo","Label":"Manufacturer","Locale":"es_ES"}},"Title":{"DisplayValue":"Pegatinas para plantas de cannabis, 20 unidades, 1 hoja, 135 mm x 100 mm, para manualidades, fiesta infantil, aspecto metálico","Label":"Title","Locale":"es_ES"}},"Offers":{"Summaries":[{"Condition":{"Value":"New"},"LowestPrice":{"Amount":2.99,"Currency":"EUR","DisplayAmount":"2,99 €"}}]}},{"ASIN":"B08K86S5L7","DetailPageURL":"https://www.amazon.es/dp/B08K86S5L7?tag=topinalambricos-21&linkCode=osi&th=1&psc=1","Images":{"Primary":{"Small":{"Height":52,"URL":"https://m.media-amazon.com/images/I/51aHVyxgnoL._SL75_.jpg","Width":75}}},"ItemInfo":{"ByLineInfo":{"Brand":{"DisplayValue":"Generisch","Label":"Brand","Locale":"es_ES"},"Manufacturer":{"DisplayValue":"Stickerfreaks","Label":"Manufacturer","Locale":"es_ES"}},"Title":{"DisplayValue":"Marihuana - Pegatinas para plantas (14 x 12 cm), diseño de flores","Label":"Title","Locale":"es_ES"}},"Offers":{"Summaries":[{"Condition":{"Value":"New"},"LowestPrice":{"Amount":4.75,"Currency":"EUR","DisplayAmount":"4,75 €"}}]}},{"ASIN":"B0BGC46S4R","DetailPageURL":"https://www.amazon.es/dp/B0BGC46S4R?tag=topinalambricos-21&linkCode=osi&th=1&psc=1","Images":{"Primary":{"Small":{"Height":75,"URL":"https://m.media-amazon.com/images/I/61gdoEUtbYL._SL75_.jpg","Width":75}}},"ItemInfo":{"ByLineInfo":{"Brand":{"DisplayValue":"QJFHURB","Label":"Brand","Locale":"es_ES"},"Manufacturer":{"DisplayValue":"QJFHURB","Label":"Manufacturer","Locale":"es_ES"}},"Title":{"DisplayValue":"Pegatinas De Marcas 251 piezas Pack Pegatinas Skate Pegatina Vinilo Chulas Famosas Stickers Decorativas Stikers Portatil Pegatina Vinilo para Ordenador Maletas Coche Moto Casco Bicicletas","Label":"Title","Locale":"es_ES"}},"Offers":{"Summaries":[{"Condition":{"Value":"New"},"LowestPrice":{"Amount":11.99,"Currency":"EUR","DisplayAmount":"11,99 € (6,00 € / unidad)","PricePerUnit":6.0}}]}},{"ASIN":"B09PBK5X2D","DetailPageURL":"https://www.amazon.es/dp/B09PBK5X2D?tag=topinalambricos-21&linkCode=osi&th=1&psc=1","Images":{"Primary":{"Small":{"Height":75,"URL":"https://m.media-amazon.com/images/I/61BcnLW1KXL._SL75_.jpg","Width":75}}},"ItemInfo":{"ByLineInfo":{"Brand":{"DisplayValue":"ACTTGGJ","Label":"Brand","Locale":"es_ES"},"Manufacturer":{"DisplayValue":"ACTTGGJ","Label":"Manufacturer","Locale":"es_ES"}},"Title":{"DisplayValue":"Pegatinas 100 Piezas Paquete de Pegatinas para Computadora Portátil Pegatinas de Vinilo Graffiti Sticker de Moda Pegatinas Geniales para Snowboard, Motocicleta,Guitarra Botella de Agua, Cuaderno","Label":"Title","Locale":"es_ES"}},"Offers":{"Summaries":[{"Condition":{"Value":"New"},"LowestPrice":{"Amount":9.99,"Currency":"EUR","DisplayAmount":"9,99 € (0,10 € / unidad)","PricePerUnit":0.1}}]}},{"ASIN":"B086J5TC35","DetailPageURL":"https://www.amazon.es/dp/B086J5TC35?tag=topinalambricos-21&linkCode=osi&th=1&psc=1","Images":{"Primary":{"Small":{"Height":75,"URL":"https://m.media-amazon.com/images/I/51M4O8NICOL._SL75_.jpg","Width":75}}},"ItemInfo":{"ByLineInfo":{"Brand":{"DisplayValue":"Destination Vinyl Ltd","Label":"Brand","Locale":"es_ES"},"Manufacturer":{"DisplayValue":"Destination Vinyl Ltd","Label":"Manufacturer","Locale":"es_ES"}},"Title":{"DisplayValue":"2 pegatinas de vinilo divertidas de 10 cm, diseño de marihuana de broma, cannabis y marihuana 10cm Wide","Label":"Title","Locale":"es_ES"}},"Offers":{"Summaries":[{"Condition":{"Value":"New"},"LowestPrice":{"Amount":13.02,"Currency":"EUR","DisplayAmount":"13,02 €"}}]}}],"SearchURL":"https://www.amazon.es/s?k=pegatinas+marihuana&rh=n%3A4358418031%2Cp_n_availability%3A-1&tag=topinalambricos-21&linkCode=osi","TotalResultCount":53}},"71":{"SearchResult":{"Items":[{"ASIN":"B0C6LPS2FS","DetailPageURL":"https://www.amazon.es/dp/B0C6LPS2FS?tag=topinalambricos-21&linkCode=osi&th=1&psc=1","Images":{"Primary":{"Small":{"Height":75,"URL":"https://m.media-amazon.com/images/I/61saj5jsPiL._SL75_.jpg","Width":75}}},"ItemInfo":{"ByLineInfo":{"Brand":{"DisplayValue":"NEULEBEN","Label":"Brand","Locale":"es_ES"}},"Title":{"DisplayValue":"Pegatinas divertidas de hierba, 150 pegatinas de dibujos animados de hojas de marihuana para adolescentes y adultos, pegatinas impermeables de vinilo de hojas mixtas, álbum de recortes y guitarra","Label":"Title","Locale":"es_ES"}},"Offers":{"Summaries":[{"Condition":{"Value":"New"},"LowestPrice":{"Amount":10.99,"Currency":"EUR","DisplayAmount":"10,99 €"}}]}},{"ASIN":"B0BMVH4J88","DetailPageURL":"https://www.amazon.es/dp/B0BMVH4J88?tag=topinalambricos-21&linkCode=osi&th=1&psc=1","Images":{"Primary":{"Small":{"Height":75,"URL":"https://m.media-amazon.com/images/I/61tGBZudfIL._SL75_.jpg","Width":75}}},"ItemInfo":{"ByLineInfo":{"Brand":{"DisplayValue":"AYODPE","Label":"Brand","Locale":"es_ES"},"Manufacturer":{"DisplayValue":"AYODPE","Label":"Manufacturer","Locale":"es_ES"}},"Title":{"DisplayValue":"AYODPE 100 pegatinas de malas hierbas, vinilo resistente al agua para bricolaje, portátil, equipaje, frigorífico, monopatín, coche, moto, bicicleta, pegatinas de marihuana, juego de pegatinas","Label":"Title","Locale":"es_ES"}},"Offers":{"Summaries":[{"Condition":{"Value":"New"},"LowestPrice":{"Amount":11.97,"Currency":"EUR","DisplayAmount":"11,97 € (0,12 € / unidad)","PricePerUnit":0.12}},{"Condition":{"Value":"Used"},"LowestPrice":{"Amount":8.52,"Currency":"EUR","DisplayAmount":"8,52 € (0,09 € / unidad)","PricePerUnit":0.09}}]}},{"ASIN":"B0C8ZF6PDL","DetailPageURL":"https://www.amazon.es/dp/B0C8ZF6PDL?tag=topinalambricos-21&linkCode=osi&th=1&psc=1","Images":{"Primary":{"Small":{"Height":75,"URL":"https://m.media-amazon.com/images/I/51nhVepA96L._SL75_.jpg","Width":75}}},"ItemInfo":{"ByLineInfo":{"Brand":{"DisplayValue":"AK Giftshop","Label":"Brand","Locale":"es_ES"},"Manufacturer":{"DisplayValue":"AK Giftshop","Label":"Manufacturer","Locale":"es_ES"}},"Title":{"DisplayValue":"Pegatinas personalizables con temática de hojas de marihuana de cannabis, etiquetas personalizadas, decoraciones para fiestas, cumpleaños, celebraciones (48 pegatinas)","Label":"Title","Locale":"es_ES"}},"Offers":{"Summaries":[{"Condition":{"Value":"New"},"LowestPrice":{"Amount":5.82,"Currency":"EUR","DisplayAmount":"5,82 €"}}]}},{"ASIN":"B09T8PK6GY","DetailPageURL":"https://www.amazon.es/dp/B09T8PK6GY?tag=topinalambricos-21&linkCode=osi&th=1&psc=1","Images":{"Primary":{"Small":{"Height":75,"URL":"https://m.media-amazon.com/images/I/51tneD1zs9L._SL75_.jpg","Width":75}}},"ItemInfo":{"ByLineInfo":{"Brand":{"DisplayValue":"HNTR","Label":"Brand","Locale":"es_ES"},"Manufacturer":{"DisplayValue":"HNTR","Label":"Manufacturer","Locale":"es_ES"}},"Title":{"DisplayValue":"HNTR Pegatinas de cannabis Weed Get High – Paquete de pegatinas de vinilo Mega Diversión y creatividad para álbumes de recortes","Label":"Title","Locale":"es_ES"}},"Offers":{"Summaries":[{"Condition":{"Value":"New"},"LowestPrice":{"Amount":17.17,"Currency":"EUR","DisplayAmount":"17,17 € (0,34 € / unidad)","PricePerUnit":0.34}}]}},{"ASIN":"B08297GX94","DetailPageURL":"https://www.amazon.es/dp/B08297GX94?tag=topinalambricos-21&linkCode=osi&th=1&psc=1","Images":{"Primary":{"Small":{"Height":75,"URL":"https://m.media-amazon.com/images/I/51qX3QTO0iL._SL75_.jpg","Width":75}}},"ItemInfo":{"ByLineInfo":{"Brand":{"DisplayValue":"Destination Vinyl Ltd","Label":"Brand","Locale":"es_ES"},"Manufacturer":{"DisplayValue":"Destination Vinyl ltd","Label":"Manufacturer","Locale":"es_ES"}},"Title":{"DisplayValue":"Impresionantes pegatinas de vinilo (juego de 2) 7.5 cm – Calcomanías de marihuana con marihuana y marihuana para laptops, tabletas, equipaje, libros de recortes, regalo genial #1403114473, 23x17x1 cm","Label":"Title","Locale":"es_ES"}},"Offers":{"Summaries":[{"Condition":{"Value":"New"},"LowestPrice":{"Amount":13.75,"Currency":"EUR","DisplayAmount":"13,75 €"}}]}},{"ASIN":"B01AHJC9ZM","DetailPageURL":"https://www.amazon.es/dp/B01AHJC9ZM?tag=topinalambricos-21&linkCode=osi&th=1&psc=1","Images":{"Primary":{"Small":{"Height":75,"URL":"https://m.media-amazon.com/images/I/51W08-mMEfL._SL75_.jpg","Width":56}}},"ItemInfo":{"ByLineInfo":{"Brand":{"DisplayValue":"Charo","Label":"Brand","Locale":"es_ES"},"Manufacturer":{"DisplayValue":"Charo","Label":"Manufacturer","Locale":"es_ES"}},"Title":{"DisplayValue":"Pegatinas para plantas de cannabis, 20 unidades, 1 hoja, 135 mm x 100 mm, para manualidades, fiesta infantil, aspecto metálico","Label":"Title","Locale":"es_ES"}},"Offers":{"Summaries":[{"Condition":{"Value":"New"},"LowestPrice":{"Amount":2.99,"Currency":"EUR","DisplayAmount":"2,99 €"}}]}},{"ASIN":"B08K86S5L7","DetailPageURL":"https://www.amazon.es/dp/B08K86S5L7?tag=topinalambricos-21&linkCode=osi&th=1&psc=1","Images":{"Primary":{"Small":{"Height":52,"URL":"https://m.media-amazon.com/images/I/51aHVyxgnoL._SL75_.jpg","Width":75}}},"ItemInfo":{"ByLineInfo":{"Brand":{"DisplayValue":"Generisch","Label":"Brand","Locale":"es_ES"},"Manufacturer":{"DisplayValue":"Stickerfreaks","Label":"Manufacturer","Locale":"es_ES"}},"Title":{"DisplayValue":"Marihuana - Pegatinas para plantas (14 x 12 cm), diseño de flores","Label":"Title","Locale":"es_ES"}},"Offers":{"Summaries":[{"Condition":{"Value":"New"},"LowestPrice":{"Amount":4.75,"Currency":"EUR","DisplayAmount":"4,75 €"}}]}},{"ASIN":"B0BGC46S4R","DetailPageURL":"https://www.amazon.es/dp/B0BGC46S4R?tag=topinalambricos-21&linkCode=osi&th=1&psc=1","Images":{"Primary":{"Small":{"Height":75,"URL":"https://m.media-amazon.com/images/I/61gdoEUtbYL._SL75_.jpg","Width":75}}},"ItemInfo":{"ByLineInfo":{"Brand":{"DisplayValue":"QJFHURB","Label":"Brand","Locale":"es_ES"},"Manufacturer":{"DisplayValue":"QJFHURB","Label":"Manufacturer","Locale":"es_ES"}},"Title":{"DisplayValue":"Pegatinas De Marcas 251 piezas Pack Pegatinas Skate Pegatina Vinilo Chulas Famosas Stickers Decorativas Stikers Portatil Pegatina Vinilo para Ordenador Maletas Coche Moto Casco Bicicletas","Label":"Title","Locale":"es_ES"}},"Offers":{"Summaries":[{"Condition":{"Value":"New"},"LowestPrice":{"Amount":11.99,"Currency":"EUR","DisplayAmount":"11,99 € (6,00 € / unidad)","PricePerUnit":6.0}}]}},{"ASIN":"B09PBK5X2D","DetailPageURL":"https://www.amazon.es/dp/B09PBK5X2D?tag=topinalambricos-21&linkCode=osi&th=1&psc=1","Images":{"Primary":{"Small":{"Height":75,"URL":"https://m.media-amazon.com/images/I/61BcnLW1KXL._SL75_.jpg","Width":75}}},"ItemInfo":{"ByLineInfo":{"Brand":{"DisplayValue":"ACTTGGJ","Label":"Brand","Locale":"es_ES"},"Manufacturer":{"DisplayValue":"ACTTGGJ","Label":"Manufacturer","Locale":"es_ES"}},"Title":{"DisplayValue":"Pegatinas 100 Piezas Paquete de Pegatinas para Computadora Portátil Pegatinas de Vinilo Graffiti Sticker de Moda Pegatinas Geniales para Snowboard, Motocicleta,Guitarra Botella de Agua, Cuaderno","Label":"Title","Locale":"es_ES"}},"Offers":{"Summaries":[{"Condition":{"Value":"New"},"LowestPrice":{"Amount":9.99,"Currency":"EUR","DisplayAmount":"9,99 € (0,10 € / unidad)","PricePerUnit":0.1}}]}},{"ASIN":"B086J5TC35","DetailPageURL":"https://www.amazon.es/dp/B086J5TC35?tag=topinalambricos-21&linkCode=osi&th=1&psc=1","Images":{"Primary":{"Small":{"Height":75,"URL":"https://m.media-amazon.com/images/I/51M4O8NICOL._SL75_.jpg","Width":75}}},"ItemInfo":{"ByLineInfo":{"Brand":{"DisplayValue":"Destination Vinyl Ltd","Label":"Brand","Locale":"es_ES"},"Manufacturer":{"DisplayValue":"Destination Vinyl Ltd","Label":"Manufacturer","Locale":"es_ES"}},"Title":{"DisplayValue":"2 pegatinas de vinilo divertidas de 10 cm, diseño de marihuana de broma, cannabis y marihuana 10cm Wide","Label":"Title","Locale":"es_ES"}},"Offers":{"Summaries":[{"Condition":{"Value":"New"},"LowestPrice":{"Amount":13.02,"Currency":"EUR","DisplayAmount":"13,02 €"}}]}}],"SearchURL":"https://www.amazon.es/s?k=pegatinas+marihuana&rh=n%3A4358418031%2Cp_n_availability%3A-1&tag=topinalambricos-21&linkCode=osi","TotalResultCount":53}},"72":{"SearchResult":{"Items":[{"ASIN":"B0C6LPS2FS","DetailPageURL":"https://www.amazon.es/dp/B0C6LPS2FS?tag=topinalambricos-21&linkCode=osi&th=1&psc=1","Images":{"Primary":{"Small":{"Height":75,"URL":"https://m.media-amazon.com/images/I/61saj5jsPiL._SL75_.jpg","Width":75}}},"ItemInfo":{"ByLineInfo":{"Brand":{"DisplayValue":"NEULEBEN","Label":"Brand","Locale":"es_ES"}},"Title":{"DisplayValue":"Pegatinas divertidas de hierba, 150 pegatinas de dibujos animados de hojas de marihuana para adolescentes y adultos, pegatinas impermeables de vinilo de hojas mixtas, álbum de recortes y guitarra","Label":"Title","Locale":"es_ES"}},"Offers":{"Summaries":[{"Condition":{"Value":"New"},"LowestPrice":{"Amount":10.99,"Currency":"EUR","DisplayAmount":"10,99 €"}}]}},{"ASIN":"B0BMVH4J88","DetailPageURL":"https://www.amazon.es/dp/B0BMVH4J88?tag=topinalambricos-21&linkCode=osi&th=1&psc=1","Images":{"Primary":{"Small":{"Height":75,"URL":"https://m.media-amazon.com/images/I/61tGBZudfIL._SL75_.jpg","Width":75}}},"ItemInfo":{"ByLineInfo":{"Brand":{"DisplayValue":"AYODPE","Label":"Brand","Locale":"es_ES"},"Manufacturer":{"DisplayValue":"AYODPE","Label":"Manufacturer","Locale":"es_ES"}},"Title":{"DisplayValue":"AYODPE 100 pegatinas de malas hierbas, vinilo resistente al agua para bricolaje, portátil, equipaje, frigorífico, monopatín, coche, moto, bicicleta, pegatinas de marihuana, juego de pegatinas","Label":"Title","Locale":"es_ES"}},"Offers":{"Summaries":[{"Condition":{"Value":"New"},"LowestPrice":{"Amount":11.97,"Currency":"EUR","DisplayAmount":"11,97 € (0,12 € / unidad)","PricePerUnit":0.12}},{"Condition":{"Value":"Used"},"LowestPrice":{"Amount":8.52,"Currency":"EUR","DisplayAmount":"8,52 € (0,09 € / unidad)","PricePerUnit":0.09}}]}},{"ASIN":"B0C8ZF6PDL","DetailPageURL":"https://www.amazon.es/dp/B0C8ZF6PDL?tag=topinalambricos-21&linkCode=osi&th=1&psc=1","Images":{"Primary":{"Small":{"Height":75,"URL":"https://m.media-amazon.com/images/I/51nhVepA96L._SL75_.jpg","Width":75}}},"ItemInfo":{"ByLineInfo":{"Brand":{"DisplayValue":"AK Giftshop","Label":"Brand","Locale":"es_ES"},"Manufacturer":{"DisplayValue":"AK Giftshop","Label":"Manufacturer","Locale":"es_ES"}},"Title":{"DisplayValue":"Pegatinas personalizables con temática de hojas de marihuana de cannabis, etiquetas personalizadas, decoraciones para fiestas, cumpleaños, celebraciones (48 pegatinas)","Label":"Title","Locale":"es_ES"}},"Offers":{"Summaries":[{"Condition":{"Value":"New"},"LowestPrice":{"Amount":5.82,"Currency":"EUR","DisplayAmount":"5,82 €"}}]}},{"ASIN":"B09T8PK6GY","DetailPageURL":"https://www.amazon.es/dp/B09T8PK6GY?tag=topinalambricos-21&linkCode=osi&th=1&psc=1","Images":{"Primary":{"Small":{"Height":75,"URL":"https://m.media-amazon.com/images/I/51tneD1zs9L._SL75_.jpg","Width":75}}},"ItemInfo":{"ByLineInfo":{"Brand":{"DisplayValue":"HNTR","Label":"Brand","Locale":"es_ES"},"Manufacturer":{"DisplayValue":"HNTR","Label":"Manufacturer","Locale":"es_ES"}},"Title":{"DisplayValue":"HNTR Pegatinas de cannabis Weed Get High – Paquete de pegatinas de vinilo Mega Diversión y creatividad para álbumes de recortes","Label":"Title","Locale":"es_ES"}},"Offers":{"Summaries":[{"Condition":{"Value":"New"},"LowestPrice":{"Amount":17.17,"Currency":"EUR","DisplayAmount":"17,17 € (0,34 € / unidad)","PricePerUnit":0.34}}]}},{"ASIN":"B08297GX94","DetailPageURL":"https://www.amazon.es/dp/B08297GX94?tag=topinalambricos-21&linkCode=osi&th=1&psc=1","Images":{"Primary":{"Small":{"Height":75,"URL":"https://m.media-amazon.com/images/I/51qX3QTO0iL._SL75_.jpg","Width":75}}},"ItemInfo":{"ByLineInfo":{"Brand":{"DisplayValue":"Destination Vinyl Ltd","Label":"Brand","Locale":"es_ES"},"Manufacturer":{"DisplayValue":"Destination Vinyl ltd","Label":"Manufacturer","Locale":"es_ES"}},"Title":{"DisplayValue":"Impresionantes pegatinas de vinilo (juego de 2) 7.5 cm – Calcomanías de marihuana con marihuana y marihuana para laptops, tabletas, equipaje, libros de recortes, regalo genial #1403114473, 23x17x1 cm","Label":"Title","Locale":"es_ES"}},"Offers":{"Summaries":[{"Condition":{"Value":"New"},"LowestPrice":{"Amount":13.75,"Currency":"EUR","DisplayAmount":"13,75 €"}}]}},{"ASIN":"B01AHJC9ZM","DetailPageURL":"https://www.amazon.es/dp/B01AHJC9ZM?tag=topinalambricos-21&linkCode=osi&th=1&psc=1","Images":{"Primary":{"Small":{"Height":75,"URL":"https://m.media-amazon.com/images/I/51W08-mMEfL._SL75_.jpg","Width":56}}},"ItemInfo":{"ByLineInfo":{"Brand":{"DisplayValue":"Charo","Label":"Brand","Locale":"es_ES"},"Manufacturer":{"DisplayValue":"Charo","Label":"Manufacturer","Locale":"es_ES"}},"Title":{"DisplayValue":"Pegatinas para plantas de cannabis, 20 unidades, 1 hoja, 135 mm x 100 mm, para manualidades, fiesta infantil, aspecto metálico","Label":"Title","Locale":"es_ES"}},"Offers":{"Summaries":[{"Condition":{"Value":"New"},"LowestPrice":{"Amount":2.99,"Currency":"EUR","DisplayAmount":"2,99 €"}}]}},{"ASIN":"B08K86S5L7","DetailPageURL":"https://www.amazon.es/dp/B08K86S5L7?tag=topinalambricos-21&linkCode=osi&th=1&psc=1","Images":{"Primary":{"Small":{"Height":52,"URL":"https://m.media-amazon.com/images/I/51aHVyxgnoL._SL75_.jpg","Width":75}}},"ItemInfo":{"ByLineInfo":{"Brand":{"DisplayValue":"Generisch","Label":"Brand","Locale":"es_ES"},"Manufacturer":{"DisplayValue":"Stickerfreaks","Label":"Manufacturer","Locale":"es_ES"}},"Title":{"DisplayValue":"Marihuana - Pegatinas para plantas (14 x 12 cm), diseño de flores","Label":"Title","Locale":"es_ES"}},"Offers":{"Summaries":[{"Condition":{"Value":"New"},"LowestPrice":{"Amount":4.75,"Currency":"EUR","DisplayAmount":"4,75 €"}}]}},{"ASIN":"B0BGC46S4R","DetailPageURL":"https://www.amazon.es/dp/B0BGC46S4R?tag=topinalambricos-21&linkCode=osi&th=1&psc=1","Images":{"Primary":{"Small":{"Height":75,"URL":"https://m.media-amazon.com/images/I/61gdoEUtbYL._SL75_.jpg","Width":75}}},"ItemInfo":{"ByLineInfo":{"Brand":{"DisplayValue":"QJFHURB","Label":"Brand","Locale":"es_ES"},"Manufacturer":{"DisplayValue":"QJFHURB","Label":"Manufacturer","Locale":"es_ES"}},"Title":{"DisplayValue":"Pegatinas De Marcas 251 piezas Pack Pegatinas Skate Pegatina Vinilo Chulas Famosas Stickers Decorativas Stikers Portatil Pegatina Vinilo para Ordenador Maletas Coche Moto Casco Bicicletas","Label":"Title","Locale":"es_ES"}},"Offers":{"Summaries":[{"Condition":{"Value":"New"},"LowestPrice":{"Amount":11.99,"Currency":"EUR","DisplayAmount":"11,99 € (6,00 € / unidad)","PricePerUnit":6.0}}]}},{"ASIN":"B09PBK5X2D","DetailPageURL":"https://www.amazon.es/dp/B09PBK5X2D?tag=topinalambricos-21&linkCode=osi&th=1&psc=1","Images":{"Primary":{"Small":{"Height":75,"URL":"https://m.media-amazon.com/images/I/61BcnLW1KXL._SL75_.jpg","Width":75}}},"ItemInfo":{"ByLineInfo":{"Brand":{"DisplayValue":"ACTTGGJ","Label":"Brand","Locale":"es_ES"},"Manufacturer":{"DisplayValue":"ACTTGGJ","Label":"Manufacturer","Locale":"es_ES"}},"Title":{"DisplayValue":"Pegatinas 100 Piezas Paquete de Pegatinas para Computadora Portátil Pegatinas de Vinilo Graffiti Sticker de Moda Pegatinas Geniales para Snowboard, Motocicleta,Guitarra Botella de Agua, Cuaderno","Label":"Title","Locale":"es_ES"}},"Offers":{"Summaries":[{"Condition":{"Value":"New"},"LowestPrice":{"Amount":9.99,"Currency":"EUR","DisplayAmount":"9,99 € (0,10 € / unidad)","PricePerUnit":0.1}}]}},{"ASIN":"B086J5TC35","DetailPageURL":"https://www.amazon.es/dp/B086J5TC35?tag=topinalambricos-21&linkCode=osi&th=1&psc=1","Images":{"Primary":{"Small":{"Height":75,"URL":"https://m.media-amazon.com/images/I/51M4O8NICOL._SL75_.jpg","Width":75}}},"ItemInfo":{"ByLineInfo":{"Brand":{"DisplayValue":"Destination Vinyl Ltd","Label":"Brand","Locale":"es_ES"},"Manufacturer":{"DisplayValue":"Destination Vinyl Ltd","Label":"Manufacturer","Locale":"es_ES"}},"Title":{"DisplayValue":"2 pegatinas de vinilo divertidas de 10 cm, diseño de marihuana de broma, cannabis y marihuana 10cm Wide","Label":"Title","Locale":"es_ES"}},"Offers":{"Summaries":[{"Condition":{"Value":"New"},"LowestPrice":{"Amount":13.02,"Currency":"EUR","DisplayAmount":"13,02 €"}}]}}],"SearchURL":"https://www.amazon.es/s?k=pegatinas+marihuana&rh=n%3A4358418031%2Cp_n_availability%3A-1&tag=topinalambricos-21&linkCode=osi","TotalResultCount":53}},"74":{"SearchResult":{"Items":[{"ASIN":"B0C6LPS2FS","DetailPageURL":"https://www.amazon.es/dp/B0C6LPS2FS?tag=topinalambricos-21&linkCode=osi&th=1&psc=1","Images":{"Primary":{"Small":{"Height":75,"URL":"https://m.media-amazon.com/images/I/61saj5jsPiL._SL75_.jpg","Width":75}}},"ItemInfo":{"ByLineInfo":{"Brand":{"DisplayValue":"NEULEBEN","Label":"Brand","Locale":"es_ES"}},"Title":{"DisplayValue":"Pegatinas divertidas de hierba, 150 pegatinas de dibujos animados de hojas de marihuana para adolescentes y adultos, pegatinas impermeables de vinilo de hojas mixtas, álbum de recortes y guitarra","Label":"Title","Locale":"es_ES"}},"Offers":{"Summaries":[{"Condition":{"Value":"New"},"LowestPrice":{"Amount":10.99,"Currency":"EUR","DisplayAmount":"10,99 €"}}]}},{"ASIN":"B0BMVH4J88","DetailPageURL":"https://www.amazon.es/dp/B0BMVH4J88?tag=topinalambricos-21&linkCode=osi&th=1&psc=1","Images":{"Primary":{"Small":{"Height":75,"URL":"https://m.media-amazon.com/images/I/61tGBZudfIL._SL75_.jpg","Width":75}}},"ItemInfo":{"ByLineInfo":{"Brand":{"DisplayValue":"AYODPE","Label":"Brand","Locale":"es_ES"},"Manufacturer":{"DisplayValue":"AYODPE","Label":"Manufacturer","Locale":"es_ES"}},"Title":{"DisplayValue":"AYODPE 100 pegatinas de malas hierbas, vinilo resistente al agua para bricolaje, portátil, equipaje, frigorífico, monopatín, coche, moto, bicicleta, pegatinas de marihuana, juego de pegatinas","Label":"Title","Locale":"es_ES"}},"Offers":{"Summaries":[{"Condition":{"Value":"New"},"LowestPrice":{"Amount":11.97,"Currency":"EUR","DisplayAmount":"11,97 € (0,12 € / unidad)","PricePerUnit":0.12}},{"Condition":{"Value":"Used"},"LowestPrice":{"Amount":8.52,"Currency":"EUR","DisplayAmount":"8,52 € (0,09 € / unidad)","PricePerUnit":0.09}}]}},{"ASIN":"B0C8ZF6PDL","DetailPageURL":"https://www.amazon.es/dp/B0C8ZF6PDL?tag=topinalambricos-21&linkCode=osi&th=1&psc=1","Images":{"Primary":{"Small":{"Height":75,"URL":"https://m.media-amazon.com/images/I/51nhVepA96L._SL75_.jpg","Width":75}}},"ItemInfo":{"ByLineInfo":{"Brand":{"DisplayValue":"AK Giftshop","Label":"Brand","Locale":"es_ES"},"Manufacturer":{"DisplayValue":"AK Giftshop","Label":"Manufacturer","Locale":"es_ES"}},"Title":{"DisplayValue":"Pegatinas personalizables con temática de hojas de marihuana de cannabis, etiquetas personalizadas, decoraciones para fiestas, cumpleaños, celebraciones (48 pegatinas)","Label":"Title","Locale":"es_ES"}},"Offers":{"Summaries":[{"Condition":{"Value":"New"},"LowestPrice":{"Amount":5.82,"Currency":"EUR","DisplayAmount":"5,82 €"}}]}},{"ASIN":"B09T8PK6GY","DetailPageURL":"https://www.amazon.es/dp/B09T8PK6GY?tag=topinalambricos-21&linkCode=osi&th=1&psc=1","Images":{"Primary":{"Small":{"Height":75,"URL":"https://m.media-amazon.com/images/I/51tneD1zs9L._SL75_.jpg","Width":75}}},"ItemInfo":{"ByLineInfo":{"Brand":{"DisplayValue":"HNTR","Label":"Brand","Locale":"es_ES"},"Manufacturer":{"DisplayValue":"HNTR","Label":"Manufacturer","Locale":"es_ES"}},"Title":{"DisplayValue":"HNTR Pegatinas de cannabis Weed Get High – Paquete de pegatinas de vinilo Mega Diversión y creatividad para álbumes de recortes","Label":"Title","Locale":"es_ES"}},"Offers":{"Summaries":[{"Condition":{"Value":"New"},"LowestPrice":{"Amount":17.17,"Currency":"EUR","DisplayAmount":"17,17 € (0,34 € / unidad)","PricePerUnit":0.34}}]}},{"ASIN":"B08297GX94","DetailPageURL":"https://www.amazon.es/dp/B08297GX94?tag=topinalambricos-21&linkCode=osi&th=1&psc=1","Images":{"Primary":{"Small":{"Height":75,"URL":"https://m.media-amazon.com/images/I/51qX3QTO0iL._SL75_.jpg","Width":75}}},"ItemInfo":{"ByLineInfo":{"Brand":{"DisplayValue":"Destination Vinyl Ltd","Label":"Brand","Locale":"es_ES"},"Manufacturer":{"DisplayValue":"Destination Vinyl ltd","Label":"Manufacturer","Locale":"es_ES"}},"Title":{"DisplayValue":"Impresionantes pegatinas de vinilo (juego de 2) 7.5 cm – Calcomanías de marihuana con marihuana y marihuana para laptops, tabletas, equipaje, libros de recortes, regalo genial #1403114473, 23x17x1 cm","Label":"Title","Locale":"es_ES"}},"Offers":{"Summaries":[{"Condition":{"Value":"New"},"LowestPrice":{"Amount":13.75,"Currency":"EUR","DisplayAmount":"13,75 €"}}]}},{"ASIN":"B01AHJC9ZM","DetailPageURL":"https://www.amazon.es/dp/B01AHJC9ZM?tag=topinalambricos-21&linkCode=osi&th=1&psc=1","Images":{"Primary":{"Small":{"Height":75,"URL":"https://m.media-amazon.com/images/I/51W08-mMEfL._SL75_.jpg","Width":56}}},"ItemInfo":{"ByLineInfo":{"Brand":{"DisplayValue":"Charo","Label":"Brand","Locale":"es_ES"},"Manufacturer":{"DisplayValue":"Charo","Label":"Manufacturer","Locale":"es_ES"}},"Title":{"DisplayValue":"Pegatinas para plantas de cannabis, 20 unidades, 1 hoja, 135 mm x 100 mm, para manualidades, fiesta infantil, aspecto metálico","Label":"Title","Locale":"es_ES"}},"Offers":{"Summaries":[{"Condition":{"Value":"New"},"LowestPrice":{"Amount":2.99,"Currency":"EUR","DisplayAmount":"2,99 €"}}]}},{"ASIN":"B08K86S5L7","DetailPageURL":"https://www.amazon.es/dp/B08K86S5L7?tag=topinalambricos-21&linkCode=osi&th=1&psc=1","Images":{"Primary":{"Small":{"Height":52,"URL":"https://m.media-amazon.com/images/I/51aHVyxgnoL._SL75_.jpg","Width":75}}},"ItemInfo":{"ByLineInfo":{"Brand":{"DisplayValue":"Generisch","Label":"Brand","Locale":"es_ES"},"Manufacturer":{"DisplayValue":"Stickerfreaks","Label":"Manufacturer","Locale":"es_ES"}},"Title":{"DisplayValue":"Marihuana - Pegatinas para plantas (14 x 12 cm), diseño de flores","Label":"Title","Locale":"es_ES"}},"Offers":{"Summaries":[{"Condition":{"Value":"New"},"LowestPrice":{"Amount":4.75,"Currency":"EUR","DisplayAmount":"4,75 €"}}]}},{"ASIN":"B0BGC46S4R","DetailPageURL":"https://www.amazon.es/dp/B0BGC46S4R?tag=topinalambricos-21&linkCode=osi&th=1&psc=1","Images":{"Primary":{"Small":{"Height":75,"URL":"https://m.media-amazon.com/images/I/61gdoEUtbYL._SL75_.jpg","Width":75}}},"ItemInfo":{"ByLineInfo":{"Brand":{"DisplayValue":"QJFHURB","Label":"Brand","Locale":"es_ES"},"Manufacturer":{"DisplayValue":"QJFHURB","Label":"Manufacturer","Locale":"es_ES"}},"Title":{"DisplayValue":"Pegatinas De Marcas 251 piezas Pack Pegatinas Skate Pegatina Vinilo Chulas Famosas Stickers Decorativas Stikers Portatil Pegatina Vinilo para Ordenador Maletas Coche Moto Casco Bicicletas","Label":"Title","Locale":"es_ES"}},"Offers":{"Summaries":[{"Condition":{"Value":"New"},"LowestPrice":{"Amount":11.99,"Currency":"EUR","DisplayAmount":"11,99 € (6,00 € / unidad)","PricePerUnit":6.0}}]}},{"ASIN":"B09PBK5X2D","DetailPageURL":"https://www.amazon.es/dp/B09PBK5X2D?tag=topinalambricos-21&linkCode=osi&th=1&psc=1","Images":{"Primary":{"Small":{"Height":75,"URL":"https://m.media-amazon.com/images/I/61BcnLW1KXL._SL75_.jpg","Width":75}}},"ItemInfo":{"ByLineInfo":{"Brand":{"DisplayValue":"ACTTGGJ","Label":"Brand","Locale":"es_ES"},"Manufacturer":{"DisplayValue":"ACTTGGJ","Label":"Manufacturer","Locale":"es_ES"}},"Title":{"DisplayValue":"Pegatinas 100 Piezas Paquete de Pegatinas para Computadora Portátil Pegatinas de Vinilo Graffiti Sticker de Moda Pegatinas Geniales para Snowboard, Motocicleta,Guitarra Botella de Agua, Cuaderno","Label":"Title","Locale":"es_ES"}},"Offers":{"Summaries":[{"Condition":{"Value":"New"},"LowestPrice":{"Amount":9.99,"Currency":"EUR","DisplayAmount":"9,99 € (0,10 € / unidad)","PricePerUnit":0.1}}]}},{"ASIN":"B086J5TC35","DetailPageURL":"https://www.amazon.es/dp/B086J5TC35?tag=topinalambricos-21&linkCode=osi&th=1&psc=1","Images":{"Primary":{"Small":{"Height":75,"URL":"https://m.media-amazon.com/images/I/51M4O8NICOL._SL75_.jpg","Width":75}}},"ItemInfo":{"ByLineInfo":{"Brand":{"DisplayValue":"Destination Vinyl Ltd","Label":"Brand","Locale":"es_ES"},"Manufacturer":{"DisplayValue":"Destination Vinyl Ltd","Label":"Manufacturer","Locale":"es_ES"}},"Title":{"DisplayValue":"2 pegatinas de vinilo divertidas de 10 cm, diseño de marihuana de broma, cannabis y marihuana 10cm Wide","Label":"Title","Locale":"es_ES"}},"Offers":{"Summaries":[{"Condition":{"Value":"New"},"LowestPrice":{"Amount":13.02,"Currency":"EUR","DisplayAmount":"13,02 €"}}]}}],"SearchURL":"https://www.amazon.es/s?k=pegatinas+marihuana&rh=n%3A4358418031%2Cp_n_availability%3A-1&tag=topinalambricos-21&linkCode=osi","TotalResultCount":53}},"75":{"SearchResult":{"Items":[{"ASIN":"B0C6LPS2FS","DetailPageURL":"https://www.amazon.es/dp/B0C6LPS2FS?tag=topinalambricos-21&linkCode=osi&th=1&psc=1","Images":{"Primary":{"Small":{"Height":75,"URL":"https://m.media-amazon.com/images/I/61saj5jsPiL._SL75_.jpg","Width":75}}},"ItemInfo":{"ByLineInfo":{"Brand":{"DisplayValue":"NEULEBEN","Label":"Brand","Locale":"es_ES"}},"Title":{"DisplayValue":"Pegatinas divertidas de hierba, 150 pegatinas de dibujos animados de hojas de marihuana para adolescentes y adultos, pegatinas impermeables de vinilo de hojas mixtas, álbum de recortes y guitarra","Label":"Title","Locale":"es_ES"}},"Offers":{"Summaries":[{"Condition":{"Value":"New"},"LowestPrice":{"Amount":10.99,"Currency":"EUR","DisplayAmount":"10,99 €"}}]}},{"ASIN":"B0BMVH4J88","DetailPageURL":"https://www.amazon.es/dp/B0BMVH4J88?tag=topinalambricos-21&linkCode=osi&th=1&psc=1","Images":{"Primary":{"Small":{"Height":75,"URL":"https://m.media-amazon.com/images/I/61tGBZudfIL._SL75_.jpg","Width":75}}},"ItemInfo":{"ByLineInfo":{"Brand":{"DisplayValue":"AYODPE","Label":"Brand","Locale":"es_ES"},"Manufacturer":{"DisplayValue":"AYODPE","Label":"Manufacturer","Locale":"es_ES"}},"Title":{"DisplayValue":"AYODPE 100 pegatinas de malas hierbas, vinilo resistente al agua para bricolaje, portátil, equipaje, frigorífico, monopatín, coche, moto, bicicleta, pegatinas de marihuana, juego de pegatinas","Label":"Title","Locale":"es_ES"}},"Offers":{"Summaries":[{"Condition":{"Value":"New"},"LowestPrice":{"Amount":11.97,"Currency":"EUR","DisplayAmount":"11,97 € (0,12 € / unidad)","PricePerUnit":0.12}},{"Condition":{"Value":"Used"},"LowestPrice":{"Amount":8.52,"Currency":"EUR","DisplayAmount":"8,52 € (0,09 € / unidad)","PricePerUnit":0.09}}]}},{"ASIN":"B0C8ZF6PDL","DetailPageURL":"https://www.amazon.es/dp/B0C8ZF6PDL?tag=topinalambricos-21&linkCode=osi&th=1&psc=1","Images":{"Primary":{"Small":{"Height":75,"URL":"https://m.media-amazon.com/images/I/51nhVepA96L._SL75_.jpg","Width":75}}},"ItemInfo":{"ByLineInfo":{"Brand":{"DisplayValue":"AK Giftshop","Label":"Brand","Locale":"es_ES"},"Manufacturer":{"DisplayValue":"AK Giftshop","Label":"Manufacturer","Locale":"es_ES"}},"Title":{"DisplayValue":"Pegatinas personalizables con temática de hojas de marihuana de cannabis, etiquetas personalizadas, decoraciones para fiestas, cumpleaños, celebraciones (48 pegatinas)","Label":"Title","Locale":"es_ES"}},"Offers":{"Summaries":[{"Condition":{"Value":"New"},"LowestPrice":{"Amount":5.82,"Currency":"EUR","DisplayAmount":"5,82 €"}}]}},{"ASIN":"B09T8PK6GY","DetailPageURL":"https://www.amazon.es/dp/B09T8PK6GY?tag=topinalambricos-21&linkCode=osi&th=1&psc=1","Images":{"Primary":{"Small":{"Height":75,"URL":"https://m.media-amazon.com/images/I/51tneD1zs9L._SL75_.jpg","Width":75}}},"ItemInfo":{"ByLineInfo":{"Brand":{"DisplayValue":"HNTR","Label":"Brand","Locale":"es_ES"},"Manufacturer":{"DisplayValue":"HNTR","Label":"Manufacturer","Locale":"es_ES"}},"Title":{"DisplayValue":"HNTR Pegatinas de cannabis Weed Get High – Paquete de pegatinas de vinilo Mega Diversión y creatividad para álbumes de recortes","Label":"Title","Locale":"es_ES"}},"Offers":{"Summaries":[{"Condition":{"Value":"New"},"LowestPrice":{"Amount":17.17,"Currency":"EUR","DisplayAmount":"17,17 € (0,34 € / unidad)","PricePerUnit":0.34}}]}},{"ASIN":"B08297GX94","DetailPageURL":"https://www.amazon.es/dp/B08297GX94?tag=topinalambricos-21&linkCode=osi&th=1&psc=1","Images":{"Primary":{"Small":{"Height":75,"URL":"https://m.media-amazon.com/images/I/51qX3QTO0iL._SL75_.jpg","Width":75}}},"ItemInfo":{"ByLineInfo":{"Brand":{"DisplayValue":"Destination Vinyl Ltd","Label":"Brand","Locale":"es_ES"},"Manufacturer":{"DisplayValue":"Destination Vinyl ltd","Label":"Manufacturer","Locale":"es_ES"}},"Title":{"DisplayValue":"Impresionantes pegatinas de vinilo (juego de 2) 7.5 cm – Calcomanías de marihuana con marihuana y marihuana para laptops, tabletas, equipaje, libros de recortes, regalo genial #1403114473, 23x17x1 cm","Label":"Title","Locale":"es_ES"}},"Offers":{"Summaries":[{"Condition":{"Value":"New"},"LowestPrice":{"Amount":13.75,"Currency":"EUR","DisplayAmount":"13,75 €"}}]}},{"ASIN":"B01AHJC9ZM","DetailPageURL":"https://www.amazon.es/dp/B01AHJC9ZM?tag=topinalambricos-21&linkCode=osi&th=1&psc=1","Images":{"Primary":{"Small":{"Height":75,"URL":"https://m.media-amazon.com/images/I/51W08-mMEfL._SL75_.jpg","Width":56}}},"ItemInfo":{"ByLineInfo":{"Brand":{"DisplayValue":"Charo","Label":"Brand","Locale":"es_ES"},"Manufacturer":{"DisplayValue":"Charo","Label":"Manufacturer","Locale":"es_ES"}},"Title":{"DisplayValue":"Pegatinas para plantas de cannabis, 20 unidades, 1 hoja, 135 mm x 100 mm, para manualidades, fiesta infantil, aspecto metálico","Label":"Title","Locale":"es_ES"}},"Offers":{"Summaries":[{"Condition":{"Value":"New"},"LowestPrice":{"Amount":2.99,"Currency":"EUR","DisplayAmount":"2,99 €"}}]}},{"ASIN":"B08K86S5L7","DetailPageURL":"https://www.amazon.es/dp/B08K86S5L7?tag=topinalambricos-21&linkCode=osi&th=1&psc=1","Images":{"Primary":{"Small":{"Height":52,"URL":"https://m.media-amazon.com/images/I/51aHVyxgnoL._SL75_.jpg","Width":75}}},"ItemInfo":{"ByLineInfo":{"Brand":{"DisplayValue":"Generisch","Label":"Brand","Locale":"es_ES"},"Manufacturer":{"DisplayValue":"Stickerfreaks","Label":"Manufacturer","Locale":"es_ES"}},"Title":{"DisplayValue":"Marihuana - Pegatinas para plantas (14 x 12 cm), diseño de flores","Label":"Title","Locale":"es_ES"}},"Offers":{"Summaries":[{"Condition":{"Value":"New"},"LowestPrice":{"Amount":4.75,"Currency":"EUR","DisplayAmount":"4,75 €"}}]}},{"ASIN":"B0BGC46S4R","DetailPageURL":"https://www.amazon.es/dp/B0BGC46S4R?tag=topinalambricos-21&linkCode=osi&th=1&psc=1","Images":{"Primary":{"Small":{"Height":75,"URL":"https://m.media-amazon.com/images/I/61gdoEUtbYL._SL75_.jpg","Width":75}}},"ItemInfo":{"ByLineInfo":{"Brand":{"DisplayValue":"QJFHURB","Label":"Brand","Locale":"es_ES"},"Manufacturer":{"DisplayValue":"QJFHURB","Label":"Manufacturer","Locale":"es_ES"}},"Title":{"DisplayValue":"Pegatinas De Marcas 251 piezas Pack Pegatinas Skate Pegatina Vinilo Chulas Famosas Stickers Decorativas Stikers Portatil Pegatina Vinilo para Ordenador Maletas Coche Moto Casco Bicicletas","Label":"Title","Locale":"es_ES"}},"Offers":{"Summaries":[{"Condition":{"Value":"New"},"LowestPrice":{"Amount":11.99,"Currency":"EUR","DisplayAmount":"11,99 € (6,00 € / unidad)","PricePerUnit":6.0}}]}},{"ASIN":"B09PBK5X2D","DetailPageURL":"https://www.amazon.es/dp/B09PBK5X2D?tag=topinalambricos-21&linkCode=osi&th=1&psc=1","Images":{"Primary":{"Small":{"Height":75,"URL":"https://m.media-amazon.com/images/I/61BcnLW1KXL._SL75_.jpg","Width":75}}},"ItemInfo":{"ByLineInfo":{"Brand":{"DisplayValue":"ACTTGGJ","Label":"Brand","Locale":"es_ES"},"Manufacturer":{"DisplayValue":"ACTTGGJ","Label":"Manufacturer","Locale":"es_ES"}},"Title":{"DisplayValue":"Pegatinas 100 Piezas Paquete de Pegatinas para Computadora Portátil Pegatinas de Vinilo Graffiti Sticker de Moda Pegatinas Geniales para Snowboard, Motocicleta,Guitarra Botella de Agua, Cuaderno","Label":"Title","Locale":"es_ES"}},"Offers":{"Summaries":[{"Condition":{"Value":"New"},"LowestPrice":{"Amount":9.99,"Currency":"EUR","DisplayAmount":"9,99 € (0,10 € / unidad)","PricePerUnit":0.1}}]}},{"ASIN":"B086J5TC35","DetailPageURL":"https://www.amazon.es/dp/B086J5TC35?tag=topinalambricos-21&linkCode=osi&th=1&psc=1","Images":{"Primary":{"Small":{"Height":75,"URL":"https://m.media-amazon.com/images/I/51M4O8NICOL._SL75_.jpg","Width":75}}},"ItemInfo":{"ByLineInfo":{"Brand":{"DisplayValue":"Destination Vinyl Ltd","Label":"Brand","Locale":"es_ES"},"Manufacturer":{"DisplayValue":"Destination Vinyl Ltd","Label":"Manufacturer","Locale":"es_ES"}},"Title":{"DisplayValue":"2 pegatinas de vinilo divertidas de 10 cm, diseño de marihuana de broma, cannabis y marihuana 10cm Wide","Label":"Title","Locale":"es_ES"}},"Offers":{"Summaries":[{"Condition":{"Value":"New"},"LowestPrice":{"Amount":13.02,"Currency":"EUR","DisplayAmount":"13,02 €"}}]}}],"SearchURL":"https://www.amazon.es/s?k=pegatinas+marihuana&rh=n%3A4358418031%2Cp_n_availability%3A-1&tag=topinalambricos-21&linkCode=osi","TotalResultCount":53}},"76":{"SearchResult":{"Items":[{"ASIN":"B0C6LPS2FS","DetailPageURL":"https://www.amazon.es/dp/B0C6LPS2FS?tag=topinalambricos-21&linkCode=osi&th=1&psc=1","Images":{"Primary":{"Small":{"Height":75,"URL":"https://m.media-amazon.com/images/I/61saj5jsPiL._SL75_.jpg","Width":75}}},"ItemInfo":{"ByLineInfo":{"Brand":{"DisplayValue":"NEULEBEN","Label":"Brand","Locale":"es_ES"}},"Title":{"DisplayValue":"Pegatinas divertidas de hierba, 150 pegatinas de dibujos animados de hojas de marihuana para adolescentes y adultos, pegatinas impermeables de vinilo de hojas mixtas, álbum de recortes y guitarra","Label":"Title","Locale":"es_ES"}},"Offers":{"Summaries":[{"Condition":{"Value":"New"},"LowestPrice":{"Amount":10.99,"Currency":"EUR","DisplayAmount":"10,99 €"}}]}},{"ASIN":"B0BMVH4J88","DetailPageURL":"https://www.amazon.es/dp/B0BMVH4J88?tag=topinalambricos-21&linkCode=osi&th=1&psc=1","Images":{"Primary":{"Small":{"Height":75,"URL":"https://m.media-amazon.com/images/I/61tGBZudfIL._SL75_.jpg","Width":75}}},"ItemInfo":{"ByLineInfo":{"Brand":{"DisplayValue":"AYODPE","Label":"Brand","Locale":"es_ES"},"Manufacturer":{"DisplayValue":"AYODPE","Label":"Manufacturer","Locale":"es_ES"}},"Title":{"DisplayValue":"AYODPE 100 pegatinas de malas hierbas, vinilo resistente al agua para bricolaje, portátil, equipaje, frigorífico, monopatín, coche, moto, bicicleta, pegatinas de marihuana, juego de pegatinas","Label":"Title","Locale":"es_ES"}},"Offers":{"Summaries":[{"Condition":{"Value":"New"},"LowestPrice":{"Amount":11.97,"Currency":"EUR","DisplayAmount":"11,97 € (0,12 € / unidad)","PricePerUnit":0.12}},{"Condition":{"Value":"Used"},"LowestPrice":{"Amount":8.52,"Currency":"EUR","DisplayAmount":"8,52 € (0,09 € / unidad)","PricePerUnit":0.09}}]}},{"ASIN":"B0C8ZF6PDL","DetailPageURL":"https://www.amazon.es/dp/B0C8ZF6PDL?tag=topinalambricos-21&linkCode=osi&th=1&psc=1","Images":{"Primary":{"Small":{"Height":75,"URL":"https://m.media-amazon.com/images/I/51nhVepA96L._SL75_.jpg","Width":75}}},"ItemInfo":{"ByLineInfo":{"Brand":{"DisplayValue":"AK Giftshop","Label":"Brand","Locale":"es_ES"},"Manufacturer":{"DisplayValue":"AK Giftshop","Label":"Manufacturer","Locale":"es_ES"}},"Title":{"DisplayValue":"Pegatinas personalizables con temática de hojas de marihuana de cannabis, etiquetas personalizadas, decoraciones para fiestas, cumpleaños, celebraciones (48 pegatinas)","Label":"Title","Locale":"es_ES"}},"Offers":{"Summaries":[{"Condition":{"Value":"New"},"LowestPrice":{"Amount":5.82,"Currency":"EUR","DisplayAmount":"5,82 €"}}]}},{"ASIN":"B09T8PK6GY","DetailPageURL":"https://www.amazon.es/dp/B09T8PK6GY?tag=topinalambricos-21&linkCode=osi&th=1&psc=1","Images":{"Primary":{"Small":{"Height":75,"URL":"https://m.media-amazon.com/images/I/51tneD1zs9L._SL75_.jpg","Width":75}}},"ItemInfo":{"ByLineInfo":{"Brand":{"DisplayValue":"HNTR","Label":"Brand","Locale":"es_ES"},"Manufacturer":{"DisplayValue":"HNTR","Label":"Manufacturer","Locale":"es_ES"}},"Title":{"DisplayValue":"HNTR Pegatinas de cannabis Weed Get High – Paquete de pegatinas de vinilo Mega Diversión y creatividad para álbumes de recortes","Label":"Title","Locale":"es_ES"}},"Offers":{"Summaries":[{"Condition":{"Value":"New"},"LowestPrice":{"Amount":17.17,"Currency":"EUR","DisplayAmount":"17,17 € (0,34 € / unidad)","PricePerUnit":0.34}}]}},{"ASIN":"B08297GX94","DetailPageURL":"https://www.amazon.es/dp/B08297GX94?tag=topinalambricos-21&linkCode=osi&th=1&psc=1","Images":{"Primary":{"Small":{"Height":75,"URL":"https://m.media-amazon.com/images/I/51qX3QTO0iL._SL75_.jpg","Width":75}}},"ItemInfo":{"ByLineInfo":{"Brand":{"DisplayValue":"Destination Vinyl Ltd","Label":"Brand","Locale":"es_ES"},"Manufacturer":{"DisplayValue":"Destination Vinyl ltd","Label":"Manufacturer","Locale":"es_ES"}},"Title":{"DisplayValue":"Impresionantes pegatinas de vinilo (juego de 2) 7.5 cm – Calcomanías de marihuana con marihuana y marihuana para laptops, tabletas, equipaje, libros de recortes, regalo genial #1403114473, 23x17x1 cm","Label":"Title","Locale":"es_ES"}},"Offers":{"Summaries":[{"Condition":{"Value":"New"},"LowestPrice":{"Amount":13.75,"Currency":"EUR","DisplayAmount":"13,75 €"}}]}},{"ASIN":"B01AHJC9ZM","DetailPageURL":"https://www.amazon.es/dp/B01AHJC9ZM?tag=topinalambricos-21&linkCode=osi&th=1&psc=1","Images":{"Primary":{"Small":{"Height":75,"URL":"https://m.media-amazon.com/images/I/51W08-mMEfL._SL75_.jpg","Width":56}}},"ItemInfo":{"ByLineInfo":{"Brand":{"DisplayValue":"Charo","Label":"Brand","Locale":"es_ES"},"Manufacturer":{"DisplayValue":"Charo","Label":"Manufacturer","Locale":"es_ES"}},"Title":{"DisplayValue":"Pegatinas para plantas de cannabis, 20 unidades, 1 hoja, 135 mm x 100 mm, para manualidades, fiesta infantil, aspecto metálico","Label":"Title","Locale":"es_ES"}},"Offers":{"Summaries":[{"Condition":{"Value":"New"},"LowestPrice":{"Amount":2.99,"Currency":"EUR","DisplayAmount":"2,99 €"}}]}},{"ASIN":"B08K86S5L7","DetailPageURL":"https://www.amazon.es/dp/B08K86S5L7?tag=topinalambricos-21&linkCode=osi&th=1&psc=1","Images":{"Primary":{"Small":{"Height":52,"URL":"https://m.media-amazon.com/images/I/51aHVyxgnoL._SL75_.jpg","Width":75}}},"ItemInfo":{"ByLineInfo":{"Brand":{"DisplayValue":"Generisch","Label":"Brand","Locale":"es_ES"},"Manufacturer":{"DisplayValue":"Stickerfreaks","Label":"Manufacturer","Locale":"es_ES"}},"Title":{"DisplayValue":"Marihuana - Pegatinas para plantas (14 x 12 cm), diseño de flores","Label":"Title","Locale":"es_ES"}},"Offers":{"Summaries":[{"Condition":{"Value":"New"},"LowestPrice":{"Amount":4.75,"Currency":"EUR","DisplayAmount":"4,75 €"}}]}},{"ASIN":"B0BGC46S4R","DetailPageURL":"https://www.amazon.es/dp/B0BGC46S4R?tag=topinalambricos-21&linkCode=osi&th=1&psc=1","Images":{"Primary":{"Small":{"Height":75,"URL":"https://m.media-amazon.com/images/I/61gdoEUtbYL._SL75_.jpg","Width":75}}},"ItemInfo":{"ByLineInfo":{"Brand":{"DisplayValue":"QJFHURB","Label":"Brand","Locale":"es_ES"},"Manufacturer":{"DisplayValue":"QJFHURB","Label":"Manufacturer","Locale":"es_ES"}},"Title":{"DisplayValue":"Pegatinas De Marcas 251 piezas Pack Pegatinas Skate Pegatina Vinilo Chulas Famosas Stickers Decorativas Stikers Portatil Pegatina Vinilo para Ordenador Maletas Coche Moto Casco Bicicletas","Label":"Title","Locale":"es_ES"}},"Offers":{"Summaries":[{"Condition":{"Value":"New"},"LowestPrice":{"Amount":11.99,"Currency":"EUR","DisplayAmount":"11,99 € (6,00 € / unidad)","PricePerUnit":6.0}}]}},{"ASIN":"B09PBK5X2D","DetailPageURL":"https://www.amazon.es/dp/B09PBK5X2D?tag=topinalambricos-21&linkCode=osi&th=1&psc=1","Images":{"Primary":{"Small":{"Height":75,"URL":"https://m.media-amazon.com/images/I/61BcnLW1KXL._SL75_.jpg","Width":75}}},"ItemInfo":{"ByLineInfo":{"Brand":{"DisplayValue":"ACTTGGJ","Label":"Brand","Locale":"es_ES"},"Manufacturer":{"DisplayValue":"ACTTGGJ","Label":"Manufacturer","Locale":"es_ES"}},"Title":{"DisplayValue":"Pegatinas 100 Piezas Paquete de Pegatinas para Computadora Portátil Pegatinas de Vinilo Graffiti Sticker de Moda Pegatinas Geniales para Snowboard, Motocicleta,Guitarra Botella de Agua, Cuaderno","Label":"Title","Locale":"es_ES"}},"Offers":{"Summaries":[{"Condition":{"Value":"New"},"LowestPrice":{"Amount":9.99,"Currency":"EUR","DisplayAmount":"9,99 € (0,10 € / unidad)","PricePerUnit":0.1}}]}},{"ASIN":"B086J5TC35","DetailPageURL":"https://www.amazon.es/dp/B086J5TC35?tag=topinalambricos-21&linkCode=osi&th=1&psc=1","Images":{"Primary":{"Small":{"Height":75,"URL":"https://m.media-amazon.com/images/I/51M4O8NICOL._SL75_.jpg","Width":75}}},"ItemInfo":{"ByLineInfo":{"Brand":{"DisplayValue":"Destination Vinyl Ltd","Label":"Brand","Locale":"es_ES"},"Manufacturer":{"DisplayValue":"Destination Vinyl Ltd","Label":"Manufacturer","Locale":"es_ES"}},"Title":{"DisplayValue":"2 pegatinas de vinilo divertidas de 10 cm, diseño de marihuana de broma, cannabis y marihuana 10cm Wide","Label":"Title","Locale":"es_ES"}},"Offers":{"Summaries":[{"Condition":{"Value":"New"},"LowestPrice":{"Amount":13.02,"Currency":"EUR","DisplayAmount":"13,02 €"}}]}}],"SearchURL":"https://www.amazon.es/s?k=pegatinas+marihuana&rh=n%3A4358418031%2Cp_n_availability%3A-1&tag=topinalambricos-21&linkCode=osi","TotalResultCount":53}}}