{"2":{"SearchResult":{"Items":[{"ASIN":"B07SL4WY1W","DetailPageURL":"https://www.amazon.es/dp/B07SL4WY1W?tag=topinalambricos-21&linkCode=osi&th=1&psc=1","Images":{"Primary":{"Small":{"Height":75,"URL":"https://m.media-amazon.com/images/I/4150jn7SysL._SL75_.jpg","Width":75}}},"ItemInfo":{"ByLineInfo":{"Brand":{"DisplayValue":"Maddox Detail","Label":"Brand","Locale":"es_ES"},"Manufacturer":{"DisplayValue":"Maddox Automoción SL","Label":"Manufacturer","Locale":"es_ES"}},"Title":{"DisplayValue":"Maddox Detail - Leather Detailer 500 ml | Limpiador y Acondicionador de Cuero | Limpieza Profunda para Coche y Sofá | Tratamiento de Piel | Elimina Suciedad y Manchas | Restaura Asientos","Label":"Title","Locale":"es_ES"}},"Offers":{"Summaries":[{"Condition":{"Value":"New"},"LowestPrice":{"Amount":12.9,"Currency":"EUR","DisplayAmount":"12,90 € (25,80 € / l)","PricePerUnit":25.8}}]}},{"ASIN":"B007DJ566O","DetailPageURL":"https://www.amazon.es/dp/B007DJ566O?tag=topinalambricos-21&linkCode=osi&th=1&psc=1","Images":{"Primary":{"Small":{"Height":75,"URL":"https://m.media-amazon.com/images/I/41Arv3FwqYL._SL75_.jpg","Width":75}}},"ItemInfo":{"ByLineInfo":{"Brand":{"DisplayValue":"DELARA","Label":"Brand","Locale":"es_ES"},"Manufacturer":{"DisplayValue":"DELARA","Label":"Manufacturer","Locale":"es_ES"}},"Title":{"DisplayValue":"DELARA Protector intensivo de cuero 100 ml, color: incoloro – Made in Germany","Label":"Title","Locale":"es_ES"}},"Offers":{"Summaries":[{"Condition":{"Value":"New"},"LowestPrice":{"Amount":10.99,"Currency":"EUR","DisplayAmount":"10,99 €"}}]}},{"ASIN":"B0BNZ6LN98","DetailPageURL":"https://www.amazon.es/dp/B0BNZ6LN98?tag=topinalambricos-21&linkCode=osi&th=1&psc=1","Images":{"Primary":{"Small":{"Height":75,"URL":"https://m.media-amazon.com/images/I/41FW8HzHpVL._SL75_.jpg","Width":75}}},"ItemInfo":{"ByLineInfo":{"Brand":{"DisplayValue":"GxDetail","Label":"Brand","Locale":"es_ES"},"Manufacturer":{"DisplayValue":"GxDetail","Label":"Manufacturer","Locale":"es_ES"}},"Title":{"DisplayValue":"GxDetail Limpiador de Cuero y Piel - Limpia, protege y ayuda a mantener las superficies nuevas - Limpiador de Asientos de coche de Cuero - Leather Cleaner (500 ml.)","Label":"Title","Locale":"es_ES"}},"Offers":{"Summaries":[{"Condition":{"Value":"New"},"LowestPrice":{"Amount":10.99,"Currency":"EUR","DisplayAmount":"10,99 € (21,98 € / l)","PricePerUnit":21.98}}]}},{"ASIN":"B07JWHH61W","DetailPageURL":"https://www.amazon.es/dp/B07JWHH61W?tag=topinalambricos-21&linkCode=osi&th=1&psc=1","Images":{"Primary":{"Small":{"Height":75,"URL":"https://m.media-amazon.com/images/I/51mbQkPkmeL._SL75_.jpg","Width":75}}},"ItemInfo":{"ByLineInfo":{"Brand":{"DisplayValue":"Maddox Detail","Label":"Brand","Locale":"es_ES"},"Manufacturer":{"DisplayValue":"Maddox Automoción","Label":"Manufacturer","Locale":"es_ES"}},"Title":{"DisplayValue":"Maddox Detail - Leather Care Kit 500ml | Limpiador y Acondicionador de Cuero y Piel | Incluye Microfibra | Kit Limpiador de Tapicería de Coche","Label":"Title","Locale":"es_ES"}},"Offers":{"Summaries":[{"Condition":{"Value":"New"},"LowestPrice":{"Amount":26.5,"Currency":"EUR","DisplayAmount":"26,50 € (26,50 € / l)","PricePerUnit":26.5}}]}},{"ASIN":"B07K9XPXF8","DetailPageURL":"https://www.amazon.es/dp/B07K9XPXF8?tag=topinalambricos-21&linkCode=osi&th=1&psc=1","Images":{"Primary":{"Small":{"Height":75,"URL":"https://m.media-amazon.com/images/I/41IdIjP7B3L._SL75_.jpg","Width":75}}},"ItemInfo":{"ByLineInfo":{"Brand":{"DisplayValue":"QM Cleaner","Label":"Brand","Locale":"es_ES"},"Manufacturer":{"DisplayValue":"QM Cleaner","Label":"Manufacturer","Locale":"es_ES"}},"Title":{"DisplayValue":"QM Cleaner Limpieza e hidratación Cuero. Cuidado y Limpieza de la tapicería del Coche, sillones Sofa de Cuero. Limpia e hidrata (Kit Leather)","Label":"Title","Locale":"es_ES"}},"Offers":{"Summaries":[{"Condition":{"Value":"New"},"LowestPrice":{"Amount":28.49,"Currency":"EUR","DisplayAmount":"28,49 €"}}]}},{"ASIN":"B0BHT8LCCP","DetailPageURL":"https://www.amazon.es/dp/B0BHT8LCCP?tag=topinalambricos-21&linkCode=osi&th=1&psc=1","Images":{"Primary":{"Small":{"Height":75,"URL":"https://m.media-amazon.com/images/I/31vFEUUo0OL._SL75_.jpg","Width":75}}},"ItemInfo":{"ByLineInfo":{"Brand":{"DisplayValue":"LAAV","Label":"Brand","Locale":"es_ES"},"Manufacturer":{"DisplayValue":"CSG Sp. z o.o.","Label":"Manufacturer","Locale":"es_ES"}},"Title":{"DisplayValue":"LAAV Limpiador Cuero Leather Cleaner (250 ml) I Elimina la Suciedad y Las Manchas, no Seca I Limpiador Tapiceria Coche I Producto de Limpieza Ecológico para Todos los Productos de Piel","Label":"Title","Locale":"es_ES"}},"Offers":{"Summaries":[{"Condition":{"Value":"New"},"LowestPrice":{"Amount":6.9,"Currency":"EUR","DisplayAmount":"6,90 € (27,60 € / l)","PricePerUnit":27.6}}]}},{"ASIN":"B074KKZVMF","DetailPageURL":"https://www.amazon.es/dp/B074KKZVMF?tag=topinalambricos-21&linkCode=osi&th=1&psc=1","Images":{"Primary":{"Small":{"Height":75,"URL":"https://m.media-amazon.com/images/I/410nKkuP99L._SL75_.jpg","Width":75}}},"ItemInfo":{"ByLineInfo":{"Brand":{"DisplayValue":"Maddox Detail","Label":"Brand","Locale":"es_ES"},"Manufacturer":{"DisplayValue":"Maddox Automocion Sl","Label":"Manufacturer","Locale":"es_ES"}},"Title":{"DisplayValue":"Maddox Detail - Leather Conditioner 500ml | Hidratante y Tratamiento Cuero Coche | Limpiador Asientos de Cuero y Piel, Negro","Label":"Title","Locale":"es_ES"}},"Offers":{"Summaries":[{"Condition":{"Value":"New"},"LowestPrice":{"Amount":14.9,"Currency":"EUR","DisplayAmount":"14,90 € (29,80 € / l)","PricePerUnit":29.8}}]}},{"ASIN":"B0BPN5PWY3","DetailPageURL":"https://www.amazon.es/dp/B0BPN5PWY3?tag=topinalambricos-21&linkCode=osi&th=1&psc=1","Images":{"Primary":{"Small":{"Height":75,"URL":"https://m.media-amazon.com/images/I/511GOk2abCL._SL75_.jpg","Width":75}}},"ItemInfo":{"ByLineInfo":{"Brand":{"DisplayValue":"GxDetail","Label":"Brand","Locale":"es_ES"},"Manufacturer":{"DisplayValue":"GxDetail","Label":"Manufacturer","Locale":"es_ES"}},"Title":{"DisplayValue":"GxDetail Pack Cuidado Cuero - Kit Limpieza e Hidratación para Cuero Coche Gx Detail - Kit Con Accesorios y Limpiador de Asientos de Cuero - Limpia Asientos Tapicerias Piel y Cuero de Coche...","Label":"Title","Locale":"es_ES"}},"Offers":{"Summaries":[{"Condition":{"Value":"New"},"LowestPrice":{"Amount":34.95,"Currency":"EUR","DisplayAmount":"34,95 € (34,95 € / l)","PricePerUnit":34.95}}]}},{"ASIN":"B005EBNZTI","DetailPageURL":"https://www.amazon.es/dp/B005EBNZTI?tag=topinalambricos-21&linkCode=osi&th=1&psc=1","Images":{"Primary":{"Small":{"Height":75,"URL":"https://m.media-amazon.com/images/I/41MKOfJ00uL._SL75_.jpg","Width":75}}},"ItemInfo":{"ByLineInfo":{"Brand":{"DisplayValue":"Renapur","Label":"Brand","Locale":"es_ES"},"Manufacturer":{"DisplayValue":"Renapur Ltd","Label":"Manufacturer","Locale":"es_ES"}},"Title":{"DisplayValue":"Bálsamo de cuero, bálsamo natural, acondicionador y restaurador Renapur (200ml + esponja aplicadora)","Label":"Title","Locale":"es_ES"}},"Offers":{"Summaries":[{"Condition":{"Value":"New"},"LowestPrice":{"Amount":17.5,"Currency":"EUR","DisplayAmount":"17,50 €"}}]}},{"ASIN":"B01M0E5OC6","DetailPageURL":"https://www.amazon.es/dp/B01M0E5OC6?tag=topinalambricos-21&linkCode=osi&th=1&psc=1","Images":{"Primary":{"Small":{"Height":75,"URL":"https://m.media-amazon.com/images/I/31aqST56JDL._SL75_.jpg","Width":75}}},"ItemInfo":{"ByLineInfo":{"Brand":{"DisplayValue":"QM Cleaner","Label":"Brand","Locale":"es_ES"},"Manufacturer":{"DisplayValue":"QM Cleaner","Label":"Manufacturer","Locale":"es_ES"}},"Title":{"DisplayValue":"QM Cleaner LEATHER | Limpiador para cuero, piel y polipiel - Ideal para sillones, tapicerías de vehículos y complementos (Bolsos, chaquetas...) - 500ml","Label":"Title","Locale":"es_ES"}},"Offers":{"Summaries":[{"Condition":{"Value":"New"},"LowestPrice":{"Amount":15.99,"Currency":"EUR","DisplayAmount":"15,99 €"}}]}}],"SearchURL":"https://www.amazon.es/s?k=limpiar+cuero&rh=n%3A2424866031%2Cp_n_availability%3A-1&tag=topinalambricos-21&linkCode=osi","TotalResultCount":743}},"4":{"SearchResult":{"Items":[{"ASIN":"B07SL4WY1W","DetailPageURL":"https://www.amazon.es/dp/B07SL4WY1W?tag=topinalambricos-21&linkCode=osi&th=1&psc=1","Images":{"Primary":{"Small":{"Height":75,"URL":"https://m.media-amazon.com/images/I/4150jn7SysL._SL75_.jpg","Width":75}}},"ItemInfo":{"ByLineInfo":{"Brand":{"DisplayValue":"Maddox Detail","Label":"Brand","Locale":"es_ES"},"Manufacturer":{"DisplayValue":"Maddox Automoción SL","Label":"Manufacturer","Locale":"es_ES"}},"Title":{"DisplayValue":"Maddox Detail - Leather Detailer 500 ml | Limpiador y Acondicionador de Cuero | Limpieza Profunda para Coche y Sofá | Tratamiento de Piel | Elimina Suciedad y Manchas | Restaura Asientos","Label":"Title","Locale":"es_ES"}},"Offers":{"Summaries":[{"Condition":{"Value":"New"},"LowestPrice":{"Amount":12.9,"Currency":"EUR","DisplayAmount":"12,90 € (25,80 € / l)","PricePerUnit":25.8}}]}},{"ASIN":"B007DJ566O","DetailPageURL":"https://www.amazon.es/dp/B007DJ566O?tag=topinalambricos-21&linkCode=osi&th=1&psc=1","Images":{"Primary":{"Small":{"Height":75,"URL":"https://m.media-amazon.com/images/I/41Arv3FwqYL._SL75_.jpg","Width":75}}},"ItemInfo":{"ByLineInfo":{"Brand":{"DisplayValue":"DELARA","Label":"Brand","Locale":"es_ES"},"Manufacturer":{"DisplayValue":"DELARA","Label":"Manufacturer","Locale":"es_ES"}},"Title":{"DisplayValue":"DELARA Protector intensivo de cuero 100 ml, color: incoloro – Made in Germany","Label":"Title","Locale":"es_ES"}},"Offers":{"Summaries":[{"Condition":{"Value":"New"},"LowestPrice":{"Amount":10.99,"Currency":"EUR","DisplayAmount":"10,99 €"}}]}},{"ASIN":"B0BNZ6LN98","DetailPageURL":"https://www.amazon.es/dp/B0BNZ6LN98?tag=topinalambricos-21&linkCode=osi&th=1&psc=1","Images":{"Primary":{"Small":{"Height":75,"URL":"https://m.media-amazon.com/images/I/41FW8HzHpVL._SL75_.jpg","Width":75}}},"ItemInfo":{"ByLineInfo":{"Brand":{"DisplayValue":"GxDetail","Label":"Brand","Locale":"es_ES"},"Manufacturer":{"DisplayValue":"GxDetail","Label":"Manufacturer","Locale":"es_ES"}},"Title":{"DisplayValue":"GxDetail Limpiador de Cuero y Piel - Limpia, protege y ayuda a mantener las superficies nuevas - Limpiador de Asientos de coche de Cuero - Leather Cleaner (500 ml.)","Label":"Title","Locale":"es_ES"}},"Offers":{"Summaries":[{"Condition":{"Value":"New"},"LowestPrice":{"Amount":10.99,"Currency":"EUR","DisplayAmount":"10,99 € (21,98 € / l)","PricePerUnit":21.98}}]}},{"ASIN":"B07JWHH61W","DetailPageURL":"https://www.amazon.es/dp/B07JWHH61W?tag=topinalambricos-21&linkCode=osi&th=1&psc=1","Images":{"Primary":{"Small":{"Height":75,"URL":"https://m.media-amazon.com/images/I/51mbQkPkmeL._SL75_.jpg","Width":75}}},"ItemInfo":{"ByLineInfo":{"Brand":{"DisplayValue":"Maddox Detail","Label":"Brand","Locale":"es_ES"},"Manufacturer":{"DisplayValue":"Maddox Automoción","Label":"Manufacturer","Locale":"es_ES"}},"Title":{"DisplayValue":"Maddox Detail - Leather Care Kit 500ml | Limpiador y Acondicionador de Cuero y Piel | Incluye Microfibra | Kit Limpiador de Tapicería de Coche","Label":"Title","Locale":"es_ES"}},"Offers":{"Summaries":[{"Condition":{"Value":"New"},"LowestPrice":{"Amount":26.5,"Currency":"EUR","DisplayAmount":"26,50 € (26,50 € / l)","PricePerUnit":26.5}}]}},{"ASIN":"B07K9XPXF8","DetailPageURL":"https://www.amazon.es/dp/B07K9XPXF8?tag=topinalambricos-21&linkCode=osi&th=1&psc=1","Images":{"Primary":{"Small":{"Height":75,"URL":"https://m.media-amazon.com/images/I/41IdIjP7B3L._SL75_.jpg","Width":75}}},"ItemInfo":{"ByLineInfo":{"Brand":{"DisplayValue":"QM Cleaner","Label":"Brand","Locale":"es_ES"},"Manufacturer":{"DisplayValue":"QM Cleaner","Label":"Manufacturer","Locale":"es_ES"}},"Title":{"DisplayValue":"QM Cleaner Limpieza e hidratación Cuero. Cuidado y Limpieza de la tapicería del Coche, sillones Sofa de Cuero. Limpia e hidrata (Kit Leather)","Label":"Title","Locale":"es_ES"}},"Offers":{"Summaries":[{"Condition":{"Value":"New"},"LowestPrice":{"Amount":28.49,"Currency":"EUR","DisplayAmount":"28,49 €"}}]}},{"ASIN":"B0BHT8LCCP","DetailPageURL":"https://www.amazon.es/dp/B0BHT8LCCP?tag=topinalambricos-21&linkCode=osi&th=1&psc=1","Images":{"Primary":{"Small":{"Height":75,"URL":"https://m.media-amazon.com/images/I/31vFEUUo0OL._SL75_.jpg","Width":75}}},"ItemInfo":{"ByLineInfo":{"Brand":{"DisplayValue":"LAAV","Label":"Brand","Locale":"es_ES"},"Manufacturer":{"DisplayValue":"CSG Sp. z o.o.","Label":"Manufacturer","Locale":"es_ES"}},"Title":{"DisplayValue":"LAAV Limpiador Cuero Leather Cleaner (250 ml) I Elimina la Suciedad y Las Manchas, no Seca I Limpiador Tapiceria Coche I Producto de Limpieza Ecológico para Todos los Productos de Piel","Label":"Title","Locale":"es_ES"}},"Offers":{"Summaries":[{"Condition":{"Value":"New"},"LowestPrice":{"Amount":6.9,"Currency":"EUR","DisplayAmount":"6,90 € (27,60 € / l)","PricePerUnit":27.6}}]}},{"ASIN":"B074KKZVMF","DetailPageURL":"https://www.amazon.es/dp/B074KKZVMF?tag=topinalambricos-21&linkCode=osi&th=1&psc=1","Images":{"Primary":{"Small":{"Height":75,"URL":"https://m.media-amazon.com/images/I/410nKkuP99L._SL75_.jpg","Width":75}}},"ItemInfo":{"ByLineInfo":{"Brand":{"DisplayValue":"Maddox Detail","Label":"Brand","Locale":"es_ES"},"Manufacturer":{"DisplayValue":"Maddox Automocion Sl","Label":"Manufacturer","Locale":"es_ES"}},"Title":{"DisplayValue":"Maddox Detail - Leather Conditioner 500ml | Hidratante y Tratamiento Cuero Coche | Limpiador Asientos de Cuero y Piel, Negro","Label":"Title","Locale":"es_ES"}},"Offers":{"Summaries":[{"Condition":{"Value":"New"},"LowestPrice":{"Amount":14.9,"Currency":"EUR","DisplayAmount":"14,90 € (29,80 € / l)","PricePerUnit":29.8}}]}},{"ASIN":"B0BPN5PWY3","DetailPageURL":"https://www.amazon.es/dp/B0BPN5PWY3?tag=topinalambricos-21&linkCode=osi&th=1&psc=1","Images":{"Primary":{"Small":{"Height":75,"URL":"https://m.media-amazon.com/images/I/511GOk2abCL._SL75_.jpg","Width":75}}},"ItemInfo":{"ByLineInfo":{"Brand":{"DisplayValue":"GxDetail","Label":"Brand","Locale":"es_ES"},"Manufacturer":{"DisplayValue":"GxDetail","Label":"Manufacturer","Locale":"es_ES"}},"Title":{"DisplayValue":"GxDetail Pack Cuidado Cuero - Kit Limpieza e Hidratación para Cuero Coche Gx Detail - Kit Con Accesorios y Limpiador de Asientos de Cuero - Limpia Asientos Tapicerias Piel y Cuero de Coche...","Label":"Title","Locale":"es_ES"}},"Offers":{"Summaries":[{"Condition":{"Value":"New"},"LowestPrice":{"Amount":34.95,"Currency":"EUR","DisplayAmount":"34,95 € (34,95 € / l)","PricePerUnit":34.95}}]}},{"ASIN":"B005EBNZTI","DetailPageURL":"https://www.amazon.es/dp/B005EBNZTI?tag=topinalambricos-21&linkCode=osi&th=1&psc=1","Images":{"Primary":{"Small":{"Height":75,"URL":"https://m.media-amazon.com/images/I/41MKOfJ00uL._SL75_.jpg","Width":75}}},"ItemInfo":{"ByLineInfo":{"Brand":{"DisplayValue":"Renapur","Label":"Brand","Locale":"es_ES"},"Manufacturer":{"DisplayValue":"Renapur Ltd","Label":"Manufacturer","Locale":"es_ES"}},"Title":{"DisplayValue":"Bálsamo de cuero, bálsamo natural, acondicionador y restaurador Renapur (200ml + esponja aplicadora)","Label":"Title","Locale":"es_ES"}},"Offers":{"Summaries":[{"Condition":{"Value":"New"},"LowestPrice":{"Amount":17.5,"Currency":"EUR","DisplayAmount":"17,50 €"}}]}},{"ASIN":"B01M0E5OC6","DetailPageURL":"https://www.amazon.es/dp/B01M0E5OC6?tag=topinalambricos-21&linkCode=osi&th=1&psc=1","Images":{"Primary":{"Small":{"Height":75,"URL":"https://m.media-amazon.com/images/I/31aqST56JDL._SL75_.jpg","Width":75}}},"ItemInfo":{"ByLineInfo":{"Brand":{"DisplayValue":"QM Cleaner","Label":"Brand","Locale":"es_ES"},"Manufacturer":{"DisplayValue":"QM Cleaner","Label":"Manufacturer","Locale":"es_ES"}},"Title":{"DisplayValue":"QM Cleaner LEATHER | Limpiador para cuero, piel y polipiel - Ideal para sillones, tapicerías de vehículos y complementos (Bolsos, chaquetas...) - 500ml","Label":"Title","Locale":"es_ES"}},"Offers":{"Summaries":[{"Condition":{"Value":"New"},"LowestPrice":{"Amount":15.99,"Currency":"EUR","DisplayAmount":"15,99 €"}}]}}],"SearchURL":"https://www.amazon.es/s?k=limpiar+cuero&rh=n%3A2424866031%2Cp_n_availability%3A-1&tag=topinalambricos-21&linkCode=osi","TotalResultCount":743}},"5":{"SearchResult":{"Items":[{"ASIN":"B07SL4WY1W","DetailPageURL":"https://www.amazon.es/dp/B07SL4WY1W?tag=topinalambricos-21&linkCode=osi&th=1&psc=1","Images":{"Primary":{"Small":{"Height":75,"URL":"https://m.media-amazon.com/images/I/4150jn7SysL._SL75_.jpg","Width":75}}},"ItemInfo":{"ByLineInfo":{"Brand":{"DisplayValue":"Maddox Detail","Label":"Brand","Locale":"es_ES"},"Manufacturer":{"DisplayValue":"Maddox Automoción SL","Label":"Manufacturer","Locale":"es_ES"}},"Title":{"DisplayValue":"Maddox Detail - Leather Detailer 500 ml | Limpiador y Acondicionador de Cuero | Limpieza Profunda para Coche y Sofá | Tratamiento de Piel | Elimina Suciedad y Manchas | Restaura Asientos","Label":"Title","Locale":"es_ES"}},"Offers":{"Summaries":[{"Condition":{"Value":"New"},"LowestPrice":{"Amount":12.9,"Currency":"EUR","DisplayAmount":"12,90 € (25,80 € / l)","PricePerUnit":25.8}}]}},{"ASIN":"B007DJ566O","DetailPageURL":"https://www.amazon.es/dp/B007DJ566O?tag=topinalambricos-21&linkCode=osi&th=1&psc=1","Images":{"Primary":{"Small":{"Height":75,"URL":"https://m.media-amazon.com/images/I/41Arv3FwqYL._SL75_.jpg","Width":75}}},"ItemInfo":{"ByLineInfo":{"Brand":{"DisplayValue":"DELARA","Label":"Brand","Locale":"es_ES"},"Manufacturer":{"DisplayValue":"DELARA","Label":"Manufacturer","Locale":"es_ES"}},"Title":{"DisplayValue":"DELARA Protector intensivo de cuero 100 ml, color: incoloro – Made in Germany","Label":"Title","Locale":"es_ES"}},"Offers":{"Summaries":[{"Condition":{"Value":"New"},"LowestPrice":{"Amount":10.99,"Currency":"EUR","DisplayAmount":"10,99 €"}}]}},{"ASIN":"B0BNZ6LN98","DetailPageURL":"https://www.amazon.es/dp/B0BNZ6LN98?tag=topinalambricos-21&linkCode=osi&th=1&psc=1","Images":{"Primary":{"Small":{"Height":75,"URL":"https://m.media-amazon.com/images/I/41FW8HzHpVL._SL75_.jpg","Width":75}}},"ItemInfo":{"ByLineInfo":{"Brand":{"DisplayValue":"GxDetail","Label":"Brand","Locale":"es_ES"},"Manufacturer":{"DisplayValue":"GxDetail","Label":"Manufacturer","Locale":"es_ES"}},"Title":{"DisplayValue":"GxDetail Limpiador de Cuero y Piel - Limpia, protege y ayuda a mantener las superficies nuevas - Limpiador de Asientos de coche de Cuero - Leather Cleaner (500 ml.)","Label":"Title","Locale":"es_ES"}},"Offers":{"Summaries":[{"Condition":{"Value":"New"},"LowestPrice":{"Amount":10.99,"Currency":"EUR","DisplayAmount":"10,99 € (21,98 € / l)","PricePerUnit":21.98}}]}},{"ASIN":"B07JWHH61W","DetailPageURL":"https://www.amazon.es/dp/B07JWHH61W?tag=topinalambricos-21&linkCode=osi&th=1&psc=1","Images":{"Primary":{"Small":{"Height":75,"URL":"https://m.media-amazon.com/images/I/51mbQkPkmeL._SL75_.jpg","Width":75}}},"ItemInfo":{"ByLineInfo":{"Brand":{"DisplayValue":"Maddox Detail","Label":"Brand","Locale":"es_ES"},"Manufacturer":{"DisplayValue":"Maddox Automoción","Label":"Manufacturer","Locale":"es_ES"}},"Title":{"DisplayValue":"Maddox Detail - Leather Care Kit 500ml | Limpiador y Acondicionador de Cuero y Piel | Incluye Microfibra | Kit Limpiador de Tapicería de Coche","Label":"Title","Locale":"es_ES"}},"Offers":{"Summaries":[{"Condition":{"Value":"New"},"LowestPrice":{"Amount":26.5,"Currency":"EUR","DisplayAmount":"26,50 € (26,50 € / l)","PricePerUnit":26.5}}]}},{"ASIN":"B07K9XPXF8","DetailPageURL":"https://www.amazon.es/dp/B07K9XPXF8?tag=topinalambricos-21&linkCode=osi&th=1&psc=1","Images":{"Primary":{"Small":{"Height":75,"URL":"https://m.media-amazon.com/images/I/41IdIjP7B3L._SL75_.jpg","Width":75}}},"ItemInfo":{"ByLineInfo":{"Brand":{"DisplayValue":"QM Cleaner","Label":"Brand","Locale":"es_ES"},"Manufacturer":{"DisplayValue":"QM Cleaner","Label":"Manufacturer","Locale":"es_ES"}},"Title":{"DisplayValue":"QM Cleaner Limpieza e hidratación Cuero. Cuidado y Limpieza de la tapicería del Coche, sillones Sofa de Cuero. Limpia e hidrata (Kit Leather)","Label":"Title","Locale":"es_ES"}},"Offers":{"Summaries":[{"Condition":{"Value":"New"},"LowestPrice":{"Amount":28.49,"Currency":"EUR","DisplayAmount":"28,49 €"}}]}},{"ASIN":"B0BHT8LCCP","DetailPageURL":"https://www.amazon.es/dp/B0BHT8LCCP?tag=topinalambricos-21&linkCode=osi&th=1&psc=1","Images":{"Primary":{"Small":{"Height":75,"URL":"https://m.media-amazon.com/images/I/31vFEUUo0OL._SL75_.jpg","Width":75}}},"ItemInfo":{"ByLineInfo":{"Brand":{"DisplayValue":"LAAV","Label":"Brand","Locale":"es_ES"},"Manufacturer":{"DisplayValue":"CSG Sp. z o.o.","Label":"Manufacturer","Locale":"es_ES"}},"Title":{"DisplayValue":"LAAV Limpiador Cuero Leather Cleaner (250 ml) I Elimina la Suciedad y Las Manchas, no Seca I Limpiador Tapiceria Coche I Producto de Limpieza Ecológico para Todos los Productos de Piel","Label":"Title","Locale":"es_ES"}},"Offers":{"Summaries":[{"Condition":{"Value":"New"},"LowestPrice":{"Amount":6.9,"Currency":"EUR","DisplayAmount":"6,90 € (27,60 € / l)","PricePerUnit":27.6}}]}},{"ASIN":"B074KKZVMF","DetailPageURL":"https://www.amazon.es/dp/B074KKZVMF?tag=topinalambricos-21&linkCode=osi&th=1&psc=1","Images":{"Primary":{"Small":{"Height":75,"URL":"https://m.media-amazon.com/images/I/410nKkuP99L._SL75_.jpg","Width":75}}},"ItemInfo":{"ByLineInfo":{"Brand":{"DisplayValue":"Maddox Detail","Label":"Brand","Locale":"es_ES"},"Manufacturer":{"DisplayValue":"Maddox Automocion Sl","Label":"Manufacturer","Locale":"es_ES"}},"Title":{"DisplayValue":"Maddox Detail - Leather Conditioner 500ml | Hidratante y Tratamiento Cuero Coche | Limpiador Asientos de Cuero y Piel, Negro","Label":"Title","Locale":"es_ES"}},"Offers":{"Summaries":[{"Condition":{"Value":"New"},"LowestPrice":{"Amount":14.9,"Currency":"EUR","DisplayAmount":"14,90 € (29,80 € / l)","PricePerUnit":29.8}}]}},{"ASIN":"B0BPN5PWY3","DetailPageURL":"https://www.amazon.es/dp/B0BPN5PWY3?tag=topinalambricos-21&linkCode=osi&th=1&psc=1","Images":{"Primary":{"Small":{"Height":75,"URL":"https://m.media-amazon.com/images/I/511GOk2abCL._SL75_.jpg","Width":75}}},"ItemInfo":{"ByLineInfo":{"Brand":{"DisplayValue":"GxDetail","Label":"Brand","Locale":"es_ES"},"Manufacturer":{"DisplayValue":"GxDetail","Label":"Manufacturer","Locale":"es_ES"}},"Title":{"DisplayValue":"GxDetail Pack Cuidado Cuero - Kit Limpieza e Hidratación para Cuero Coche Gx Detail - Kit Con Accesorios y Limpiador de Asientos de Cuero - Limpia Asientos Tapicerias Piel y Cuero de Coche...","Label":"Title","Locale":"es_ES"}},"Offers":{"Summaries":[{"Condition":{"Value":"New"},"LowestPrice":{"Amount":34.95,"Currency":"EUR","DisplayAmount":"34,95 € (34,95 € / l)","PricePerUnit":34.95}}]}},{"ASIN":"B005EBNZTI","DetailPageURL":"https://www.amazon.es/dp/B005EBNZTI?tag=topinalambricos-21&linkCode=osi&th=1&psc=1","Images":{"Primary":{"Small":{"Height":75,"URL":"https://m.media-amazon.com/images/I/41MKOfJ00uL._SL75_.jpg","Width":75}}},"ItemInfo":{"ByLineInfo":{"Brand":{"DisplayValue":"Renapur","Label":"Brand","Locale":"es_ES"},"Manufacturer":{"DisplayValue":"Renapur Ltd","Label":"Manufacturer","Locale":"es_ES"}},"Title":{"DisplayValue":"Bálsamo de cuero, bálsamo natural, acondicionador y restaurador Renapur (200ml + esponja aplicadora)","Label":"Title","Locale":"es_ES"}},"Offers":{"Summaries":[{"Condition":{"Value":"New"},"LowestPrice":{"Amount":17.5,"Currency":"EUR","DisplayAmount":"17,50 €"}}]}},{"ASIN":"B01M0E5OC6","DetailPageURL":"https://www.amazon.es/dp/B01M0E5OC6?tag=topinalambricos-21&linkCode=osi&th=1&psc=1","Images":{"Primary":{"Small":{"Height":75,"URL":"https://m.media-amazon.com/images/I/31aqST56JDL._SL75_.jpg","Width":75}}},"ItemInfo":{"ByLineInfo":{"Brand":{"DisplayValue":"QM Cleaner","Label":"Brand","Locale":"es_ES"},"Manufacturer":{"DisplayValue":"QM Cleaner","Label":"Manufacturer","Locale":"es_ES"}},"Title":{"DisplayValue":"QM Cleaner LEATHER | Limpiador para cuero, piel y polipiel - Ideal para sillones, tapicerías de vehículos y complementos (Bolsos, chaquetas...) - 500ml","Label":"Title","Locale":"es_ES"}},"Offers":{"Summaries":[{"Condition":{"Value":"New"},"LowestPrice":{"Amount":15.99,"Currency":"EUR","DisplayAmount":"15,99 €"}}]}}],"SearchURL":"https://www.amazon.es/s?k=limpiar+cuero&rh=n%3A2424866031%2Cp_n_availability%3A-1&tag=topinalambricos-21&linkCode=osi","TotalResultCount":743}},"6":{"SearchResult":{"Items":[{"ASIN":"B07SL4WY1W","DetailPageURL":"https://www.amazon.es/dp/B07SL4WY1W?tag=topinalambricos-21&linkCode=osi&th=1&psc=1","Images":{"Primary":{"Small":{"Height":75,"URL":"https://m.media-amazon.com/images/I/4150jn7SysL._SL75_.jpg","Width":75}}},"ItemInfo":{"ByLineInfo":{"Brand":{"DisplayValue":"Maddox Detail","Label":"Brand","Locale":"es_ES"},"Manufacturer":{"DisplayValue":"Maddox Automoción SL","Label":"Manufacturer","Locale":"es_ES"}},"Title":{"DisplayValue":"Maddox Detail - Leather Detailer 500 ml | Limpiador y Acondicionador de Cuero | Limpieza Profunda para Coche y Sofá | Tratamiento de Piel | Elimina Suciedad y Manchas | Restaura Asientos","Label":"Title","Locale":"es_ES"}},"Offers":{"Summaries":[{"Condition":{"Value":"New"},"LowestPrice":{"Amount":12.9,"Currency":"EUR","DisplayAmount":"12,90 € (25,80 € / l)","PricePerUnit":25.8}}]}},{"ASIN":"B007DJ566O","DetailPageURL":"https://www.amazon.es/dp/B007DJ566O?tag=topinalambricos-21&linkCode=osi&th=1&psc=1","Images":{"Primary":{"Small":{"Height":75,"URL":"https://m.media-amazon.com/images/I/41Arv3FwqYL._SL75_.jpg","Width":75}}},"ItemInfo":{"ByLineInfo":{"Brand":{"DisplayValue":"DELARA","Label":"Brand","Locale":"es_ES"},"Manufacturer":{"DisplayValue":"DELARA","Label":"Manufacturer","Locale":"es_ES"}},"Title":{"DisplayValue":"DELARA Protector intensivo de cuero 100 ml, color: incoloro – Made in Germany","Label":"Title","Locale":"es_ES"}},"Offers":{"Summaries":[{"Condition":{"Value":"New"},"LowestPrice":{"Amount":10.99,"Currency":"EUR","DisplayAmount":"10,99 €"}}]}},{"ASIN":"B0BNZ6LN98","DetailPageURL":"https://www.amazon.es/dp/B0BNZ6LN98?tag=topinalambricos-21&linkCode=osi&th=1&psc=1","Images":{"Primary":{"Small":{"Height":75,"URL":"https://m.media-amazon.com/images/I/41FW8HzHpVL._SL75_.jpg","Width":75}}},"ItemInfo":{"ByLineInfo":{"Brand":{"DisplayValue":"GxDetail","Label":"Brand","Locale":"es_ES"},"Manufacturer":{"DisplayValue":"GxDetail","Label":"Manufacturer","Locale":"es_ES"}},"Title":{"DisplayValue":"GxDetail Limpiador de Cuero y Piel - Limpia, protege y ayuda a mantener las superficies nuevas - Limpiador de Asientos de coche de Cuero - Leather Cleaner (500 ml.)","Label":"Title","Locale":"es_ES"}},"Offers":{"Summaries":[{"Condition":{"Value":"New"},"LowestPrice":{"Amount":10.99,"Currency":"EUR","DisplayAmount":"10,99 € (21,98 € / l)","PricePerUnit":21.98}}]}},{"ASIN":"B07JWHH61W","DetailPageURL":"https://www.amazon.es/dp/B07JWHH61W?tag=topinalambricos-21&linkCode=osi&th=1&psc=1","Images":{"Primary":{"Small":{"Height":75,"URL":"https://m.media-amazon.com/images/I/51mbQkPkmeL._SL75_.jpg","Width":75}}},"ItemInfo":{"ByLineInfo":{"Brand":{"DisplayValue":"Maddox Detail","Label":"Brand","Locale":"es_ES"},"Manufacturer":{"DisplayValue":"Maddox Automoción","Label":"Manufacturer","Locale":"es_ES"}},"Title":{"DisplayValue":"Maddox Detail - Leather Care Kit 500ml | Limpiador y Acondicionador de Cuero y Piel | Incluye Microfibra | Kit Limpiador de Tapicería de Coche","Label":"Title","Locale":"es_ES"}},"Offers":{"Summaries":[{"Condition":{"Value":"New"},"LowestPrice":{"Amount":26.5,"Currency":"EUR","DisplayAmount":"26,50 € (26,50 € / l)","PricePerUnit":26.5}}]}},{"ASIN":"B07K9XPXF8","DetailPageURL":"https://www.amazon.es/dp/B07K9XPXF8?tag=topinalambricos-21&linkCode=osi&th=1&psc=1","Images":{"Primary":{"Small":{"Height":75,"URL":"https://m.media-amazon.com/images/I/41IdIjP7B3L._SL75_.jpg","Width":75}}},"ItemInfo":{"ByLineInfo":{"Brand":{"DisplayValue":"QM Cleaner","Label":"Brand","Locale":"es_ES"},"Manufacturer":{"DisplayValue":"QM Cleaner","Label":"Manufacturer","Locale":"es_ES"}},"Title":{"DisplayValue":"QM Cleaner Limpieza e hidratación Cuero. Cuidado y Limpieza de la tapicería del Coche, sillones Sofa de Cuero. Limpia e hidrata (Kit Leather)","Label":"Title","Locale":"es_ES"}},"Offers":{"Summaries":[{"Condition":{"Value":"New"},"LowestPrice":{"Amount":28.49,"Currency":"EUR","DisplayAmount":"28,49 €"}}]}},{"ASIN":"B0BHT8LCCP","DetailPageURL":"https://www.amazon.es/dp/B0BHT8LCCP?tag=topinalambricos-21&linkCode=osi&th=1&psc=1","Images":{"Primary":{"Small":{"Height":75,"URL":"https://m.media-amazon.com/images/I/31vFEUUo0OL._SL75_.jpg","Width":75}}},"ItemInfo":{"ByLineInfo":{"Brand":{"DisplayValue":"LAAV","Label":"Brand","Locale":"es_ES"},"Manufacturer":{"DisplayValue":"CSG Sp. z o.o.","Label":"Manufacturer","Locale":"es_ES"}},"Title":{"DisplayValue":"LAAV Limpiador Cuero Leather Cleaner (250 ml) I Elimina la Suciedad y Las Manchas, no Seca I Limpiador Tapiceria Coche I Producto de Limpieza Ecológico para Todos los Productos de Piel","Label":"Title","Locale":"es_ES"}},"Offers":{"Summaries":[{"Condition":{"Value":"New"},"LowestPrice":{"Amount":6.9,"Currency":"EUR","DisplayAmount":"6,90 € (27,60 € / l)","PricePerUnit":27.6}}]}},{"ASIN":"B074KKZVMF","DetailPageURL":"https://www.amazon.es/dp/B074KKZVMF?tag=topinalambricos-21&linkCode=osi&th=1&psc=1","Images":{"Primary":{"Small":{"Height":75,"URL":"https://m.media-amazon.com/images/I/410nKkuP99L._SL75_.jpg","Width":75}}},"ItemInfo":{"ByLineInfo":{"Brand":{"DisplayValue":"Maddox Detail","Label":"Brand","Locale":"es_ES"},"Manufacturer":{"DisplayValue":"Maddox Automocion Sl","Label":"Manufacturer","Locale":"es_ES"}},"Title":{"DisplayValue":"Maddox Detail - Leather Conditioner 500ml | Hidratante y Tratamiento Cuero Coche | Limpiador Asientos de Cuero y Piel, Negro","Label":"Title","Locale":"es_ES"}},"Offers":{"Summaries":[{"Condition":{"Value":"New"},"LowestPrice":{"Amount":14.9,"Currency":"EUR","DisplayAmount":"14,90 € (29,80 € / l)","PricePerUnit":29.8}}]}},{"ASIN":"B0BPN5PWY3","DetailPageURL":"https://www.amazon.es/dp/B0BPN5PWY3?tag=topinalambricos-21&linkCode=osi&th=1&psc=1","Images":{"Primary":{"Small":{"Height":75,"URL":"https://m.media-amazon.com/images/I/511GOk2abCL._SL75_.jpg","Width":75}}},"ItemInfo":{"ByLineInfo":{"Brand":{"DisplayValue":"GxDetail","Label":"Brand","Locale":"es_ES"},"Manufacturer":{"DisplayValue":"GxDetail","Label":"Manufacturer","Locale":"es_ES"}},"Title":{"DisplayValue":"GxDetail Pack Cuidado Cuero - Kit Limpieza e Hidratación para Cuero Coche Gx Detail - Kit Con Accesorios y Limpiador de Asientos de Cuero - Limpia Asientos Tapicerias Piel y Cuero de Coche...","Label":"Title","Locale":"es_ES"}},"Offers":{"Summaries":[{"Condition":{"Value":"New"},"LowestPrice":{"Amount":34.95,"Currency":"EUR","DisplayAmount":"34,95 € (34,95 € / l)","PricePerUnit":34.95}}]}},{"ASIN":"B005EBNZTI","DetailPageURL":"https://www.amazon.es/dp/B005EBNZTI?tag=topinalambricos-21&linkCode=osi&th=1&psc=1","Images":{"Primary":{"Small":{"Height":75,"URL":"https://m.media-amazon.com/images/I/41MKOfJ00uL._SL75_.jpg","Width":75}}},"ItemInfo":{"ByLineInfo":{"Brand":{"DisplayValue":"Renapur","Label":"Brand","Locale":"es_ES"},"Manufacturer":{"DisplayValue":"Renapur Ltd","Label":"Manufacturer","Locale":"es_ES"}},"Title":{"DisplayValue":"Bálsamo de cuero, bálsamo natural, acondicionador y restaurador Renapur (200ml + esponja aplicadora)","Label":"Title","Locale":"es_ES"}},"Offers":{"Summaries":[{"Condition":{"Value":"New"},"LowestPrice":{"Amount":17.5,"Currency":"EUR","DisplayAmount":"17,50 €"}}]}},{"ASIN":"B01M0E5OC6","DetailPageURL":"https://www.amazon.es/dp/B01M0E5OC6?tag=topinalambricos-21&linkCode=osi&th=1&psc=1","Images":{"Primary":{"Small":{"Height":75,"URL":"https://m.media-amazon.com/images/I/31aqST56JDL._SL75_.jpg","Width":75}}},"ItemInfo":{"ByLineInfo":{"Brand":{"DisplayValue":"QM Cleaner","Label":"Brand","Locale":"es_ES"},"Manufacturer":{"DisplayValue":"QM Cleaner","Label":"Manufacturer","Locale":"es_ES"}},"Title":{"DisplayValue":"QM Cleaner LEATHER | Limpiador para cuero, piel y polipiel - Ideal para sillones, tapicerías de vehículos y complementos (Bolsos, chaquetas...) - 500ml","Label":"Title","Locale":"es_ES"}},"Offers":{"Summaries":[{"Condition":{"Value":"New"},"LowestPrice":{"Amount":15.99,"Currency":"EUR","DisplayAmount":"15,99 €"}}]}}],"SearchURL":"https://www.amazon.es/s?k=limpiar+cuero&rh=n%3A2424866031%2Cp_n_availability%3A-1&tag=topinalambricos-21&linkCode=osi","TotalResultCount":743}},"7":{"SearchResult":{"Items":[{"ASIN":"B07SL4WY1W","DetailPageURL":"https://www.amazon.es/dp/B07SL4WY1W?tag=topinalambricos-21&linkCode=osi&th=1&psc=1","Images":{"Primary":{"Small":{"Height":75,"URL":"https://m.media-amazon.com/images/I/4150jn7SysL._SL75_.jpg","Width":75}}},"ItemInfo":{"ByLineInfo":{"Brand":{"DisplayValue":"Maddox Detail","Label":"Brand","Locale":"es_ES"},"Manufacturer":{"DisplayValue":"Maddox Automoción SL","Label":"Manufacturer","Locale":"es_ES"}},"Title":{"DisplayValue":"Maddox Detail - Leather Detailer 500 ml | Limpiador y Acondicionador de Cuero | Limpieza Profunda para Coche y Sofá | Tratamiento de Piel | Elimina Suciedad y Manchas | Restaura Asientos","Label":"Title","Locale":"es_ES"}},"Offers":{"Summaries":[{"Condition":{"Value":"New"},"LowestPrice":{"Amount":12.9,"Currency":"EUR","DisplayAmount":"12,90 € (25,80 € / l)","PricePerUnit":25.8}}]}},{"ASIN":"B007DJ566O","DetailPageURL":"https://www.amazon.es/dp/B007DJ566O?tag=topinalambricos-21&linkCode=osi&th=1&psc=1","Images":{"Primary":{"Small":{"Height":75,"URL":"https://m.media-amazon.com/images/I/41Arv3FwqYL._SL75_.jpg","Width":75}}},"ItemInfo":{"ByLineInfo":{"Brand":{"DisplayValue":"DELARA","Label":"Brand","Locale":"es_ES"},"Manufacturer":{"DisplayValue":"DELARA","Label":"Manufacturer","Locale":"es_ES"}},"Title":{"DisplayValue":"DELARA Protector intensivo de cuero 100 ml, color: incoloro – Made in Germany","Label":"Title","Locale":"es_ES"}},"Offers":{"Summaries":[{"Condition":{"Value":"New"},"LowestPrice":{"Amount":10.99,"Currency":"EUR","DisplayAmount":"10,99 €"}}]}},{"ASIN":"B0BNZ6LN98","DetailPageURL":"https://www.amazon.es/dp/B0BNZ6LN98?tag=topinalambricos-21&linkCode=osi&th=1&psc=1","Images":{"Primary":{"Small":{"Height":75,"URL":"https://m.media-amazon.com/images/I/41FW8HzHpVL._SL75_.jpg","Width":75}}},"ItemInfo":{"ByLineInfo":{"Brand":{"DisplayValue":"GxDetail","Label":"Brand","Locale":"es_ES"},"Manufacturer":{"DisplayValue":"GxDetail","Label":"Manufacturer","Locale":"es_ES"}},"Title":{"DisplayValue":"GxDetail Limpiador de Cuero y Piel - Limpia, protege y ayuda a mantener las superficies nuevas - Limpiador de Asientos de coche de Cuero - Leather Cleaner (500 ml.)","Label":"Title","Locale":"es_ES"}},"Offers":{"Summaries":[{"Condition":{"Value":"New"},"LowestPrice":{"Amount":10.99,"Currency":"EUR","DisplayAmount":"10,99 € (21,98 € / l)","PricePerUnit":21.98}}]}},{"ASIN":"B07JWHH61W","DetailPageURL":"https://www.amazon.es/dp/B07JWHH61W?tag=topinalambricos-21&linkCode=osi&th=1&psc=1","Images":{"Primary":{"Small":{"Height":75,"URL":"https://m.media-amazon.com/images/I/51mbQkPkmeL._SL75_.jpg","Width":75}}},"ItemInfo":{"ByLineInfo":{"Brand":{"DisplayValue":"Maddox Detail","Label":"Brand","Locale":"es_ES"},"Manufacturer":{"DisplayValue":"Maddox Automoción","Label":"Manufacturer","Locale":"es_ES"}},"Title":{"DisplayValue":"Maddox Detail - Leather Care Kit 500ml | Limpiador y Acondicionador de Cuero y Piel | Incluye Microfibra | Kit Limpiador de Tapicería de Coche","Label":"Title","Locale":"es_ES"}},"Offers":{"Summaries":[{"Condition":{"Value":"New"},"LowestPrice":{"Amount":26.5,"Currency":"EUR","DisplayAmount":"26,50 € (26,50 € / l)","PricePerUnit":26.5}}]}},{"ASIN":"B07K9XPXF8","DetailPageURL":"https://www.amazon.es/dp/B07K9XPXF8?tag=topinalambricos-21&linkCode=osi&th=1&psc=1","Images":{"Primary":{"Small":{"Height":75,"URL":"https://m.media-amazon.com/images/I/41IdIjP7B3L._SL75_.jpg","Width":75}}},"ItemInfo":{"ByLineInfo":{"Brand":{"DisplayValue":"QM Cleaner","Label":"Brand","Locale":"es_ES"},"Manufacturer":{"DisplayValue":"QM Cleaner","Label":"Manufacturer","Locale":"es_ES"}},"Title":{"DisplayValue":"QM Cleaner Limpieza e hidratación Cuero. Cuidado y Limpieza de la tapicería del Coche, sillones Sofa de Cuero. Limpia e hidrata (Kit Leather)","Label":"Title","Locale":"es_ES"}},"Offers":{"Summaries":[{"Condition":{"Value":"New"},"LowestPrice":{"Amount":28.49,"Currency":"EUR","DisplayAmount":"28,49 €"}}]}},{"ASIN":"B0BHT8LCCP","DetailPageURL":"https://www.amazon.es/dp/B0BHT8LCCP?tag=topinalambricos-21&linkCode=osi&th=1&psc=1","Images":{"Primary":{"Small":{"Height":75,"URL":"https://m.media-amazon.com/images/I/31vFEUUo0OL._SL75_.jpg","Width":75}}},"ItemInfo":{"ByLineInfo":{"Brand":{"DisplayValue":"LAAV","Label":"Brand","Locale":"es_ES"},"Manufacturer":{"DisplayValue":"CSG Sp. z o.o.","Label":"Manufacturer","Locale":"es_ES"}},"Title":{"DisplayValue":"LAAV Limpiador Cuero Leather Cleaner (250 ml) I Elimina la Suciedad y Las Manchas, no Seca I Limpiador Tapiceria Coche I Producto de Limpieza Ecológico para Todos los Productos de Piel","Label":"Title","Locale":"es_ES"}},"Offers":{"Summaries":[{"Condition":{"Value":"New"},"LowestPrice":{"Amount":6.9,"Currency":"EUR","DisplayAmount":"6,90 € (27,60 € / l)","PricePerUnit":27.6}}]}},{"ASIN":"B074KKZVMF","DetailPageURL":"https://www.amazon.es/dp/B074KKZVMF?tag=topinalambricos-21&linkCode=osi&th=1&psc=1","Images":{"Primary":{"Small":{"Height":75,"URL":"https://m.media-amazon.com/images/I/410nKkuP99L._SL75_.jpg","Width":75}}},"ItemInfo":{"ByLineInfo":{"Brand":{"DisplayValue":"Maddox Detail","Label":"Brand","Locale":"es_ES"},"Manufacturer":{"DisplayValue":"Maddox Automocion Sl","Label":"Manufacturer","Locale":"es_ES"}},"Title":{"DisplayValue":"Maddox Detail - Leather Conditioner 500ml | Hidratante y Tratamiento Cuero Coche | Limpiador Asientos de Cuero y Piel, Negro","Label":"Title","Locale":"es_ES"}},"Offers":{"Summaries":[{"Condition":{"Value":"New"},"LowestPrice":{"Amount":14.9,"Currency":"EUR","DisplayAmount":"14,90 € (29,80 € / l)","PricePerUnit":29.8}}]}},{"ASIN":"B0BPN5PWY3","DetailPageURL":"https://www.amazon.es/dp/B0BPN5PWY3?tag=topinalambricos-21&linkCode=osi&th=1&psc=1","Images":{"Primary":{"Small":{"Height":75,"URL":"https://m.media-amazon.com/images/I/511GOk2abCL._SL75_.jpg","Width":75}}},"ItemInfo":{"ByLineInfo":{"Brand":{"DisplayValue":"GxDetail","Label":"Brand","Locale":"es_ES"},"Manufacturer":{"DisplayValue":"GxDetail","Label":"Manufacturer","Locale":"es_ES"}},"Title":{"DisplayValue":"GxDetail Pack Cuidado Cuero - Kit Limpieza e Hidratación para Cuero Coche Gx Detail - Kit Con Accesorios y Limpiador de Asientos de Cuero - Limpia Asientos Tapicerias Piel y Cuero de Coche...","Label":"Title","Locale":"es_ES"}},"Offers":{"Summaries":[{"Condition":{"Value":"New"},"LowestPrice":{"Amount":34.95,"Currency":"EUR","DisplayAmount":"34,95 € (34,95 € / l)","PricePerUnit":34.95}}]}},{"ASIN":"B005EBNZTI","DetailPageURL":"https://www.amazon.es/dp/B005EBNZTI?tag=topinalambricos-21&linkCode=osi&th=1&psc=1","Images":{"Primary":{"Small":{"Height":75,"URL":"https://m.media-amazon.com/images/I/41MKOfJ00uL._SL75_.jpg","Width":75}}},"ItemInfo":{"ByLineInfo":{"Brand":{"DisplayValue":"Renapur","Label":"Brand","Locale":"es_ES"},"Manufacturer":{"DisplayValue":"Renapur Ltd","Label":"Manufacturer","Locale":"es_ES"}},"Title":{"DisplayValue":"Bálsamo de cuero, bálsamo natural, acondicionador y restaurador Renapur (200ml + esponja aplicadora)","Label":"Title","Locale":"es_ES"}},"Offers":{"Summaries":[{"Condition":{"Value":"New"},"LowestPrice":{"Amount":17.5,"Currency":"EUR","DisplayAmount":"17,50 €"}}]}},{"ASIN":"B01M0E5OC6","DetailPageURL":"https://www.amazon.es/dp/B01M0E5OC6?tag=topinalambricos-21&linkCode=osi&th=1&psc=1","Images":{"Primary":{"Small":{"Height":75,"URL":"https://m.media-amazon.com/images/I/31aqST56JDL._SL75_.jpg","Width":75}}},"ItemInfo":{"ByLineInfo":{"Brand":{"DisplayValue":"QM Cleaner","Label":"Brand","Locale":"es_ES"},"Manufacturer":{"DisplayValue":"QM Cleaner","Label":"Manufacturer","Locale":"es_ES"}},"Title":{"DisplayValue":"QM Cleaner LEATHER | Limpiador para cuero, piel y polipiel - Ideal para sillones, tapicerías de vehículos y complementos (Bolsos, chaquetas...) - 500ml","Label":"Title","Locale":"es_ES"}},"Offers":{"Summaries":[{"Condition":{"Value":"New"},"LowestPrice":{"Amount":15.99,"Currency":"EUR","DisplayAmount":"15,99 €"}}]}}],"SearchURL":"https://www.amazon.es/s?k=limpiar+cuero&rh=n%3A2424866031%2Cp_n_availability%3A-1&tag=topinalambricos-21&linkCode=osi","TotalResultCount":743}},"9":{"SearchResult":{"Items":[{"ASIN":"B07SL4WY1W","DetailPageURL":"https://www.amazon.es/dp/B07SL4WY1W?tag=topinalambricos-21&linkCode=osi&th=1&psc=1","Images":{"Primary":{"Small":{"Height":75,"URL":"https://m.media-amazon.com/images/I/4150jn7SysL._SL75_.jpg","Width":75}}},"ItemInfo":{"ByLineInfo":{"Brand":{"DisplayValue":"Maddox Detail","Label":"Brand","Locale":"es_ES"},"Manufacturer":{"DisplayValue":"Maddox Automoción SL","Label":"Manufacturer","Locale":"es_ES"}},"Title":{"DisplayValue":"Maddox Detail - Leather Detailer 500 ml | Limpiador y Acondicionador de Cuero | Limpieza Profunda para Coche y Sofá | Tratamiento de Piel | Elimina Suciedad y Manchas | Restaura Asientos","Label":"Title","Locale":"es_ES"}},"Offers":{"Summaries":[{"Condition":{"Value":"New"},"LowestPrice":{"Amount":12.9,"Currency":"EUR","DisplayAmount":"12,90 € (25,80 € / l)","PricePerUnit":25.8}}]}},{"ASIN":"B007DJ566O","DetailPageURL":"https://www.amazon.es/dp/B007DJ566O?tag=topinalambricos-21&linkCode=osi&th=1&psc=1","Images":{"Primary":{"Small":{"Height":75,"URL":"https://m.media-amazon.com/images/I/41Arv3FwqYL._SL75_.jpg","Width":75}}},"ItemInfo":{"ByLineInfo":{"Brand":{"DisplayValue":"DELARA","Label":"Brand","Locale":"es_ES"},"Manufacturer":{"DisplayValue":"DELARA","Label":"Manufacturer","Locale":"es_ES"}},"Title":{"DisplayValue":"DELARA Protector intensivo de cuero 100 ml, color: incoloro – Made in Germany","Label":"Title","Locale":"es_ES"}},"Offers":{"Summaries":[{"Condition":{"Value":"New"},"LowestPrice":{"Amount":10.99,"Currency":"EUR","DisplayAmount":"10,99 €"}}]}},{"ASIN":"B0BNZ6LN98","DetailPageURL":"https://www.amazon.es/dp/B0BNZ6LN98?tag=topinalambricos-21&linkCode=osi&th=1&psc=1","Images":{"Primary":{"Small":{"Height":75,"URL":"https://m.media-amazon.com/images/I/41FW8HzHpVL._SL75_.jpg","Width":75}}},"ItemInfo":{"ByLineInfo":{"Brand":{"DisplayValue":"GxDetail","Label":"Brand","Locale":"es_ES"},"Manufacturer":{"DisplayValue":"GxDetail","Label":"Manufacturer","Locale":"es_ES"}},"Title":{"DisplayValue":"GxDetail Limpiador de Cuero y Piel - Limpia, protege y ayuda a mantener las superficies nuevas - Limpiador de Asientos de coche de Cuero - Leather Cleaner (500 ml.)","Label":"Title","Locale":"es_ES"}},"Offers":{"Summaries":[{"Condition":{"Value":"New"},"LowestPrice":{"Amount":10.99,"Currency":"EUR","DisplayAmount":"10,99 € (21,98 € / l)","PricePerUnit":21.98}}]}},{"ASIN":"B07JWHH61W","DetailPageURL":"https://www.amazon.es/dp/B07JWHH61W?tag=topinalambricos-21&linkCode=osi&th=1&psc=1","Images":{"Primary":{"Small":{"Height":75,"URL":"https://m.media-amazon.com/images/I/51mbQkPkmeL._SL75_.jpg","Width":75}}},"ItemInfo":{"ByLineInfo":{"Brand":{"DisplayValue":"Maddox Detail","Label":"Brand","Locale":"es_ES"},"Manufacturer":{"DisplayValue":"Maddox Automoción","Label":"Manufacturer","Locale":"es_ES"}},"Title":{"DisplayValue":"Maddox Detail - Leather Care Kit 500ml | Limpiador y Acondicionador de Cuero y Piel | Incluye Microfibra | Kit Limpiador de Tapicería de Coche","Label":"Title","Locale":"es_ES"}},"Offers":{"Summaries":[{"Condition":{"Value":"New"},"LowestPrice":{"Amount":26.5,"Currency":"EUR","DisplayAmount":"26,50 € (26,50 € / l)","PricePerUnit":26.5}}]}},{"ASIN":"B07K9XPXF8","DetailPageURL":"https://www.amazon.es/dp/B07K9XPXF8?tag=topinalambricos-21&linkCode=osi&th=1&psc=1","Images":{"Primary":{"Small":{"Height":75,"URL":"https://m.media-amazon.com/images/I/41IdIjP7B3L._SL75_.jpg","Width":75}}},"ItemInfo":{"ByLineInfo":{"Brand":{"DisplayValue":"QM Cleaner","Label":"Brand","Locale":"es_ES"},"Manufacturer":{"DisplayValue":"QM Cleaner","Label":"Manufacturer","Locale":"es_ES"}},"Title":{"DisplayValue":"QM Cleaner Limpieza e hidratación Cuero. Cuidado y Limpieza de la tapicería del Coche, sillones Sofa de Cuero. Limpia e hidrata (Kit Leather)","Label":"Title","Locale":"es_ES"}},"Offers":{"Summaries":[{"Condition":{"Value":"New"},"LowestPrice":{"Amount":28.49,"Currency":"EUR","DisplayAmount":"28,49 €"}}]}},{"ASIN":"B0BHT8LCCP","DetailPageURL":"https://www.amazon.es/dp/B0BHT8LCCP?tag=topinalambricos-21&linkCode=osi&th=1&psc=1","Images":{"Primary":{"Small":{"Height":75,"URL":"https://m.media-amazon.com/images/I/31vFEUUo0OL._SL75_.jpg","Width":75}}},"ItemInfo":{"ByLineInfo":{"Brand":{"DisplayValue":"LAAV","Label":"Brand","Locale":"es_ES"},"Manufacturer":{"DisplayValue":"CSG Sp. z o.o.","Label":"Manufacturer","Locale":"es_ES"}},"Title":{"DisplayValue":"LAAV Limpiador Cuero Leather Cleaner (250 ml) I Elimina la Suciedad y Las Manchas, no Seca I Limpiador Tapiceria Coche I Producto de Limpieza Ecológico para Todos los Productos de Piel","Label":"Title","Locale":"es_ES"}},"Offers":{"Summaries":[{"Condition":{"Value":"New"},"LowestPrice":{"Amount":6.9,"Currency":"EUR","DisplayAmount":"6,90 € (27,60 € / l)","PricePerUnit":27.6}}]}},{"ASIN":"B074KKZVMF","DetailPageURL":"https://www.amazon.es/dp/B074KKZVMF?tag=topinalambricos-21&linkCode=osi&th=1&psc=1","Images":{"Primary":{"Small":{"Height":75,"URL":"https://m.media-amazon.com/images/I/410nKkuP99L._SL75_.jpg","Width":75}}},"ItemInfo":{"ByLineInfo":{"Brand":{"DisplayValue":"Maddox Detail","Label":"Brand","Locale":"es_ES"},"Manufacturer":{"DisplayValue":"Maddox Automocion Sl","Label":"Manufacturer","Locale":"es_ES"}},"Title":{"DisplayValue":"Maddox Detail - Leather Conditioner 500ml | Hidratante y Tratamiento Cuero Coche | Limpiador Asientos de Cuero y Piel, Negro","Label":"Title","Locale":"es_ES"}},"Offers":{"Summaries":[{"Condition":{"Value":"New"},"LowestPrice":{"Amount":14.9,"Currency":"EUR","DisplayAmount":"14,90 € (29,80 € / l)","PricePerUnit":29.8}}]}},{"ASIN":"B0BPN5PWY3","DetailPageURL":"https://www.amazon.es/dp/B0BPN5PWY3?tag=topinalambricos-21&linkCode=osi&th=1&psc=1","Images":{"Primary":{"Small":{"Height":75,"URL":"https://m.media-amazon.com/images/I/511GOk2abCL._SL75_.jpg","Width":75}}},"ItemInfo":{"ByLineInfo":{"Brand":{"DisplayValue":"GxDetail","Label":"Brand","Locale":"es_ES"},"Manufacturer":{"DisplayValue":"GxDetail","Label":"Manufacturer","Locale":"es_ES"}},"Title":{"DisplayValue":"GxDetail Pack Cuidado Cuero - Kit Limpieza e Hidratación para Cuero Coche Gx Detail - Kit Con Accesorios y Limpiador de Asientos de Cuero - Limpia Asientos Tapicerias Piel y Cuero de Coche...","Label":"Title","Locale":"es_ES"}},"Offers":{"Summaries":[{"Condition":{"Value":"New"},"LowestPrice":{"Amount":34.95,"Currency":"EUR","DisplayAmount":"34,95 € (34,95 € / l)","PricePerUnit":34.95}}]}},{"ASIN":"B005EBNZTI","DetailPageURL":"https://www.amazon.es/dp/B005EBNZTI?tag=topinalambricos-21&linkCode=osi&th=1&psc=1","Images":{"Primary":{"Small":{"Height":75,"URL":"https://m.media-amazon.com/images/I/41MKOfJ00uL._SL75_.jpg","Width":75}}},"ItemInfo":{"ByLineInfo":{"Brand":{"DisplayValue":"Renapur","Label":"Brand","Locale":"es_ES"},"Manufacturer":{"DisplayValue":"Renapur Ltd","Label":"Manufacturer","Locale":"es_ES"}},"Title":{"DisplayValue":"Bálsamo de cuero, bálsamo natural, acondicionador y restaurador Renapur (200ml + esponja aplicadora)","Label":"Title","Locale":"es_ES"}},"Offers":{"Summaries":[{"Condition":{"Value":"New"},"LowestPrice":{"Amount":17.5,"Currency":"EUR","DisplayAmount":"17,50 €"}}]}},{"ASIN":"B01M0E5OC6","DetailPageURL":"https://www.amazon.es/dp/B01M0E5OC6?tag=topinalambricos-21&linkCode=osi&th=1&psc=1","Images":{"Primary":{"Small":{"Height":75,"URL":"https://m.media-amazon.com/images/I/31aqST56JDL._SL75_.jpg","Width":75}}},"ItemInfo":{"ByLineInfo":{"Brand":{"DisplayValue":"QM Cleaner","Label":"Brand","Locale":"es_ES"},"Manufacturer":{"DisplayValue":"QM Cleaner","Label":"Manufacturer","Locale":"es_ES"}},"Title":{"DisplayValue":"QM Cleaner LEATHER | Limpiador para cuero, piel y polipiel - Ideal para sillones, tapicerías de vehículos y complementos (Bolsos, chaquetas...) - 500ml","Label":"Title","Locale":"es_ES"}},"Offers":{"Summaries":[{"Condition":{"Value":"New"},"LowestPrice":{"Amount":15.99,"Currency":"EUR","DisplayAmount":"15,99 €"}}]}}],"SearchURL":"https://www.amazon.es/s?k=limpiar+cuero&rh=n%3A2424866031%2Cp_n_availability%3A-1&tag=topinalambricos-21&linkCode=osi","TotalResultCount":743}},"10":{"SearchResult":{"Items":[{"ASIN":"B07SL4WY1W","DetailPageURL":"https://www.amazon.es/dp/B07SL4WY1W?tag=topinalambricos-21&linkCode=osi&th=1&psc=1","Images":{"Primary":{"Small":{"Height":75,"URL":"https://m.media-amazon.com/images/I/4150jn7SysL._SL75_.jpg","Width":75}}},"ItemInfo":{"ByLineInfo":{"Brand":{"DisplayValue":"Maddox Detail","Label":"Brand","Locale":"es_ES"},"Manufacturer":{"DisplayValue":"Maddox Automoción SL","Label":"Manufacturer","Locale":"es_ES"}},"Title":{"DisplayValue":"Maddox Detail - Leather Detailer 500 ml | Limpiador y Acondicionador de Cuero | Limpieza Profunda para Coche y Sofá | Tratamiento de Piel | Elimina Suciedad y Manchas | Restaura Asientos","Label":"Title","Locale":"es_ES"}},"Offers":{"Summaries":[{"Condition":{"Value":"New"},"LowestPrice":{"Amount":12.9,"Currency":"EUR","DisplayAmount":"12,90 € (25,80 € / l)","PricePerUnit":25.8}}]}},{"ASIN":"B007DJ566O","DetailPageURL":"https://www.amazon.es/dp/B007DJ566O?tag=topinalambricos-21&linkCode=osi&th=1&psc=1","Images":{"Primary":{"Small":{"Height":75,"URL":"https://m.media-amazon.com/images/I/41Arv3FwqYL._SL75_.jpg","Width":75}}},"ItemInfo":{"ByLineInfo":{"Brand":{"DisplayValue":"DELARA","Label":"Brand","Locale":"es_ES"},"Manufacturer":{"DisplayValue":"DELARA","Label":"Manufacturer","Locale":"es_ES"}},"Title":{"DisplayValue":"DELARA Protector intensivo de cuero 100 ml, color: incoloro – Made in Germany","Label":"Title","Locale":"es_ES"}},"Offers":{"Summaries":[{"Condition":{"Value":"New"},"LowestPrice":{"Amount":10.99,"Currency":"EUR","DisplayAmount":"10,99 €"}}]}},{"ASIN":"B0BNZ6LN98","DetailPageURL":"https://www.amazon.es/dp/B0BNZ6LN98?tag=topinalambricos-21&linkCode=osi&th=1&psc=1","Images":{"Primary":{"Small":{"Height":75,"URL":"https://m.media-amazon.com/images/I/41FW8HzHpVL._SL75_.jpg","Width":75}}},"ItemInfo":{"ByLineInfo":{"Brand":{"DisplayValue":"GxDetail","Label":"Brand","Locale":"es_ES"},"Manufacturer":{"DisplayValue":"GxDetail","Label":"Manufacturer","Locale":"es_ES"}},"Title":{"DisplayValue":"GxDetail Limpiador de Cuero y Piel - Limpia, protege y ayuda a mantener las superficies nuevas - Limpiador de Asientos de coche de Cuero - Leather Cleaner (500 ml.)","Label":"Title","Locale":"es_ES"}},"Offers":{"Summaries":[{"Condition":{"Value":"New"},"LowestPrice":{"Amount":10.99,"Currency":"EUR","DisplayAmount":"10,99 € (21,98 € / l)","PricePerUnit":21.98}}]}},{"ASIN":"B07JWHH61W","DetailPageURL":"https://www.amazon.es/dp/B07JWHH61W?tag=topinalambricos-21&linkCode=osi&th=1&psc=1","Images":{"Primary":{"Small":{"Height":75,"URL":"https://m.media-amazon.com/images/I/51mbQkPkmeL._SL75_.jpg","Width":75}}},"ItemInfo":{"ByLineInfo":{"Brand":{"DisplayValue":"Maddox Detail","Label":"Brand","Locale":"es_ES"},"Manufacturer":{"DisplayValue":"Maddox Automoción","Label":"Manufacturer","Locale":"es_ES"}},"Title":{"DisplayValue":"Maddox Detail - Leather Care Kit 500ml | Limpiador y Acondicionador de Cuero y Piel | Incluye Microfibra | Kit Limpiador de Tapicería de Coche","Label":"Title","Locale":"es_ES"}},"Offers":{"Summaries":[{"Condition":{"Value":"New"},"LowestPrice":{"Amount":26.5,"Currency":"EUR","DisplayAmount":"26,50 € (26,50 € / l)","PricePerUnit":26.5}}]}},{"ASIN":"B07K9XPXF8","DetailPageURL":"https://www.amazon.es/dp/B07K9XPXF8?tag=topinalambricos-21&linkCode=osi&th=1&psc=1","Images":{"Primary":{"Small":{"Height":75,"URL":"https://m.media-amazon.com/images/I/41IdIjP7B3L._SL75_.jpg","Width":75}}},"ItemInfo":{"ByLineInfo":{"Brand":{"DisplayValue":"QM Cleaner","Label":"Brand","Locale":"es_ES"},"Manufacturer":{"DisplayValue":"QM Cleaner","Label":"Manufacturer","Locale":"es_ES"}},"Title":{"DisplayValue":"QM Cleaner Limpieza e hidratación Cuero. Cuidado y Limpieza de la tapicería del Coche, sillones Sofa de Cuero. Limpia e hidrata (Kit Leather)","Label":"Title","Locale":"es_ES"}},"Offers":{"Summaries":[{"Condition":{"Value":"New"},"LowestPrice":{"Amount":28.49,"Currency":"EUR","DisplayAmount":"28,49 €"}}]}},{"ASIN":"B0BHT8LCCP","DetailPageURL":"https://www.amazon.es/dp/B0BHT8LCCP?tag=topinalambricos-21&linkCode=osi&th=1&psc=1","Images":{"Primary":{"Small":{"Height":75,"URL":"https://m.media-amazon.com/images/I/31vFEUUo0OL._SL75_.jpg","Width":75}}},"ItemInfo":{"ByLineInfo":{"Brand":{"DisplayValue":"LAAV","Label":"Brand","Locale":"es_ES"},"Manufacturer":{"DisplayValue":"CSG Sp. z o.o.","Label":"Manufacturer","Locale":"es_ES"}},"Title":{"DisplayValue":"LAAV Limpiador Cuero Leather Cleaner (250 ml) I Elimina la Suciedad y Las Manchas, no Seca I Limpiador Tapiceria Coche I Producto de Limpieza Ecológico para Todos los Productos de Piel","Label":"Title","Locale":"es_ES"}},"Offers":{"Summaries":[{"Condition":{"Value":"New"},"LowestPrice":{"Amount":6.9,"Currency":"EUR","DisplayAmount":"6,90 € (27,60 € / l)","PricePerUnit":27.6}}]}},{"ASIN":"B074KKZVMF","DetailPageURL":"https://www.amazon.es/dp/B074KKZVMF?tag=topinalambricos-21&linkCode=osi&th=1&psc=1","Images":{"Primary":{"Small":{"Height":75,"URL":"https://m.media-amazon.com/images/I/410nKkuP99L._SL75_.jpg","Width":75}}},"ItemInfo":{"ByLineInfo":{"Brand":{"DisplayValue":"Maddox Detail","Label":"Brand","Locale":"es_ES"},"Manufacturer":{"DisplayValue":"Maddox Automocion Sl","Label":"Manufacturer","Locale":"es_ES"}},"Title":{"DisplayValue":"Maddox Detail - Leather Conditioner 500ml | Hidratante y Tratamiento Cuero Coche | Limpiador Asientos de Cuero y Piel, Negro","Label":"Title","Locale":"es_ES"}},"Offers":{"Summaries":[{"Condition":{"Value":"New"},"LowestPrice":{"Amount":14.9,"Currency":"EUR","DisplayAmount":"14,90 € (29,80 € / l)","PricePerUnit":29.8}}]}},{"ASIN":"B0BPN5PWY3","DetailPageURL":"https://www.amazon.es/dp/B0BPN5PWY3?tag=topinalambricos-21&linkCode=osi&th=1&psc=1","Images":{"Primary":{"Small":{"Height":75,"URL":"https://m.media-amazon.com/images/I/511GOk2abCL._SL75_.jpg","Width":75}}},"ItemInfo":{"ByLineInfo":{"Brand":{"DisplayValue":"GxDetail","Label":"Brand","Locale":"es_ES"},"Manufacturer":{"DisplayValue":"GxDetail","Label":"Manufacturer","Locale":"es_ES"}},"Title":{"DisplayValue":"GxDetail Pack Cuidado Cuero - Kit Limpieza e Hidratación para Cuero Coche Gx Detail - Kit Con Accesorios y Limpiador de Asientos de Cuero - Limpia Asientos Tapicerias Piel y Cuero de Coche...","Label":"Title","Locale":"es_ES"}},"Offers":{"Summaries":[{"Condition":{"Value":"New"},"LowestPrice":{"Amount":34.95,"Currency":"EUR","DisplayAmount":"34,95 € (34,95 € / l)","PricePerUnit":34.95}}]}},{"ASIN":"B005EBNZTI","DetailPageURL":"https://www.amazon.es/dp/B005EBNZTI?tag=topinalambricos-21&linkCode=osi&th=1&psc=1","Images":{"Primary":{"Small":{"Height":75,"URL":"https://m.media-amazon.com/images/I/41MKOfJ00uL._SL75_.jpg","Width":75}}},"ItemInfo":{"ByLineInfo":{"Brand":{"DisplayValue":"Renapur","Label":"Brand","Locale":"es_ES"},"Manufacturer":{"DisplayValue":"Renapur Ltd","Label":"Manufacturer","Locale":"es_ES"}},"Title":{"DisplayValue":"Bálsamo de cuero, bálsamo natural, acondicionador y restaurador Renapur (200ml + esponja aplicadora)","Label":"Title","Locale":"es_ES"}},"Offers":{"Summaries":[{"Condition":{"Value":"New"},"LowestPrice":{"Amount":17.5,"Currency":"EUR","DisplayAmount":"17,50 €"}}]}},{"ASIN":"B01M0E5OC6","DetailPageURL":"https://www.amazon.es/dp/B01M0E5OC6?tag=topinalambricos-21&linkCode=osi&th=1&psc=1","Images":{"Primary":{"Small":{"Height":75,"URL":"https://m.media-amazon.com/images/I/31aqST56JDL._SL75_.jpg","Width":75}}},"ItemInfo":{"ByLineInfo":{"Brand":{"DisplayValue":"QM Cleaner","Label":"Brand","Locale":"es_ES"},"Manufacturer":{"DisplayValue":"QM Cleaner","Label":"Manufacturer","Locale":"es_ES"}},"Title":{"DisplayValue":"QM Cleaner LEATHER | Limpiador para cuero, piel y polipiel - Ideal para sillones, tapicerías de vehículos y complementos (Bolsos, chaquetas...) - 500ml","Label":"Title","Locale":"es_ES"}},"Offers":{"Summaries":[{"Condition":{"Value":"New"},"LowestPrice":{"Amount":15.99,"Currency":"EUR","DisplayAmount":"15,99 €"}}]}}],"SearchURL":"https://www.amazon.es/s?k=limpiar+cuero&rh=n%3A2424866031%2Cp_n_availability%3A-1&tag=topinalambricos-21&linkCode=osi","TotalResultCount":743}},"11":{"SearchResult":{"Items":[{"ASIN":"B07SL4WY1W","DetailPageURL":"https://www.amazon.es/dp/B07SL4WY1W?tag=topinalambricos-21&linkCode=osi&th=1&psc=1","Images":{"Primary":{"Small":{"Height":75,"URL":"https://m.media-amazon.com/images/I/4150jn7SysL._SL75_.jpg","Width":75}}},"ItemInfo":{"ByLineInfo":{"Brand":{"DisplayValue":"Maddox Detail","Label":"Brand","Locale":"es_ES"},"Manufacturer":{"DisplayValue":"Maddox Automoción SL","Label":"Manufacturer","Locale":"es_ES"}},"Title":{"DisplayValue":"Maddox Detail - Leather Detailer 500 ml | Limpiador y Acondicionador de Cuero | Limpieza Profunda para Coche y Sofá | Tratamiento de Piel | Elimina Suciedad y Manchas | Restaura Asientos","Label":"Title","Locale":"es_ES"}},"Offers":{"Summaries":[{"Condition":{"Value":"New"},"LowestPrice":{"Amount":12.9,"Currency":"EUR","DisplayAmount":"12,90 € (25,80 € / l)","PricePerUnit":25.8}}]}},{"ASIN":"B007DJ566O","DetailPageURL":"https://www.amazon.es/dp/B007DJ566O?tag=topinalambricos-21&linkCode=osi&th=1&psc=1","Images":{"Primary":{"Small":{"Height":75,"URL":"https://m.media-amazon.com/images/I/41Arv3FwqYL._SL75_.jpg","Width":75}}},"ItemInfo":{"ByLineInfo":{"Brand":{"DisplayValue":"DELARA","Label":"Brand","Locale":"es_ES"},"Manufacturer":{"DisplayValue":"DELARA","Label":"Manufacturer","Locale":"es_ES"}},"Title":{"DisplayValue":"DELARA Protector intensivo de cuero 100 ml, color: incoloro – Made in Germany","Label":"Title","Locale":"es_ES"}},"Offers":{"Summaries":[{"Condition":{"Value":"New"},"LowestPrice":{"Amount":10.99,"Currency":"EUR","DisplayAmount":"10,99 €"}}]}},{"ASIN":"B0BNZ6LN98","DetailPageURL":"https://www.amazon.es/dp/B0BNZ6LN98?tag=topinalambricos-21&linkCode=osi&th=1&psc=1","Images":{"Primary":{"Small":{"Height":75,"URL":"https://m.media-amazon.com/images/I/41FW8HzHpVL._SL75_.jpg","Width":75}}},"ItemInfo":{"ByLineInfo":{"Brand":{"DisplayValue":"GxDetail","Label":"Brand","Locale":"es_ES"},"Manufacturer":{"DisplayValue":"GxDetail","Label":"Manufacturer","Locale":"es_ES"}},"Title":{"DisplayValue":"GxDetail Limpiador de Cuero y Piel - Limpia, protege y ayuda a mantener las superficies nuevas - Limpiador de Asientos de coche de Cuero - Leather Cleaner (500 ml.)","Label":"Title","Locale":"es_ES"}},"Offers":{"Summaries":[{"Condition":{"Value":"New"},"LowestPrice":{"Amount":10.99,"Currency":"EUR","DisplayAmount":"10,99 € (21,98 € / l)","PricePerUnit":21.98}}]}},{"ASIN":"B07JWHH61W","DetailPageURL":"https://www.amazon.es/dp/B07JWHH61W?tag=topinalambricos-21&linkCode=osi&th=1&psc=1","Images":{"Primary":{"Small":{"Height":75,"URL":"https://m.media-amazon.com/images/I/51mbQkPkmeL._SL75_.jpg","Width":75}}},"ItemInfo":{"ByLineInfo":{"Brand":{"DisplayValue":"Maddox Detail","Label":"Brand","Locale":"es_ES"},"Manufacturer":{"DisplayValue":"Maddox Automoción","Label":"Manufacturer","Locale":"es_ES"}},"Title":{"DisplayValue":"Maddox Detail - Leather Care Kit 500ml | Limpiador y Acondicionador de Cuero y Piel | Incluye Microfibra | Kit Limpiador de Tapicería de Coche","Label":"Title","Locale":"es_ES"}},"Offers":{"Summaries":[{"Condition":{"Value":"New"},"LowestPrice":{"Amount":26.5,"Currency":"EUR","DisplayAmount":"26,50 € (26,50 € / l)","PricePerUnit":26.5}}]}},{"ASIN":"B07K9XPXF8","DetailPageURL":"https://www.amazon.es/dp/B07K9XPXF8?tag=topinalambricos-21&linkCode=osi&th=1&psc=1","Images":{"Primary":{"Small":{"Height":75,"URL":"https://m.media-amazon.com/images/I/41IdIjP7B3L._SL75_.jpg","Width":75}}},"ItemInfo":{"ByLineInfo":{"Brand":{"DisplayValue":"QM Cleaner","Label":"Brand","Locale":"es_ES"},"Manufacturer":{"DisplayValue":"QM Cleaner","Label":"Manufacturer","Locale":"es_ES"}},"Title":{"DisplayValue":"QM Cleaner Limpieza e hidratación Cuero. Cuidado y Limpieza de la tapicería del Coche, sillones Sofa de Cuero. Limpia e hidrata (Kit Leather)","Label":"Title","Locale":"es_ES"}},"Offers":{"Summaries":[{"Condition":{"Value":"New"},"LowestPrice":{"Amount":28.49,"Currency":"EUR","DisplayAmount":"28,49 €"}}]}},{"ASIN":"B0BHT8LCCP","DetailPageURL":"https://www.amazon.es/dp/B0BHT8LCCP?tag=topinalambricos-21&linkCode=osi&th=1&psc=1","Images":{"Primary":{"Small":{"Height":75,"URL":"https://m.media-amazon.com/images/I/31vFEUUo0OL._SL75_.jpg","Width":75}}},"ItemInfo":{"ByLineInfo":{"Brand":{"DisplayValue":"LAAV","Label":"Brand","Locale":"es_ES"},"Manufacturer":{"DisplayValue":"CSG Sp. z o.o.","Label":"Manufacturer","Locale":"es_ES"}},"Title":{"DisplayValue":"LAAV Limpiador Cuero Leather Cleaner (250 ml) I Elimina la Suciedad y Las Manchas, no Seca I Limpiador Tapiceria Coche I Producto de Limpieza Ecológico para Todos los Productos de Piel","Label":"Title","Locale":"es_ES"}},"Offers":{"Summaries":[{"Condition":{"Value":"New"},"LowestPrice":{"Amount":6.9,"Currency":"EUR","DisplayAmount":"6,90 € (27,60 € / l)","PricePerUnit":27.6}}]}},{"ASIN":"B074KKZVMF","DetailPageURL":"https://www.amazon.es/dp/B074KKZVMF?tag=topinalambricos-21&linkCode=osi&th=1&psc=1","Images":{"Primary":{"Small":{"Height":75,"URL":"https://m.media-amazon.com/images/I/410nKkuP99L._SL75_.jpg","Width":75}}},"ItemInfo":{"ByLineInfo":{"Brand":{"DisplayValue":"Maddox Detail","Label":"Brand","Locale":"es_ES"},"Manufacturer":{"DisplayValue":"Maddox Automocion Sl","Label":"Manufacturer","Locale":"es_ES"}},"Title":{"DisplayValue":"Maddox Detail - Leather Conditioner 500ml | Hidratante y Tratamiento Cuero Coche | Limpiador Asientos de Cuero y Piel, Negro","Label":"Title","Locale":"es_ES"}},"Offers":{"Summaries":[{"Condition":{"Value":"New"},"LowestPrice":{"Amount":14.9,"Currency":"EUR","DisplayAmount":"14,90 € (29,80 € / l)","PricePerUnit":29.8}}]}},{"ASIN":"B0BPN5PWY3","DetailPageURL":"https://www.amazon.es/dp/B0BPN5PWY3?tag=topinalambricos-21&linkCode=osi&th=1&psc=1","Images":{"Primary":{"Small":{"Height":75,"URL":"https://m.media-amazon.com/images/I/511GOk2abCL._SL75_.jpg","Width":75}}},"ItemInfo":{"ByLineInfo":{"Brand":{"DisplayValue":"GxDetail","Label":"Brand","Locale":"es_ES"},"Manufacturer":{"DisplayValue":"GxDetail","Label":"Manufacturer","Locale":"es_ES"}},"Title":{"DisplayValue":"GxDetail Pack Cuidado Cuero - Kit Limpieza e Hidratación para Cuero Coche Gx Detail - Kit Con Accesorios y Limpiador de Asientos de Cuero - Limpia Asientos Tapicerias Piel y Cuero de Coche...","Label":"Title","Locale":"es_ES"}},"Offers":{"Summaries":[{"Condition":{"Value":"New"},"LowestPrice":{"Amount":34.95,"Currency":"EUR","DisplayAmount":"34,95 € (34,95 € / l)","PricePerUnit":34.95}}]}},{"ASIN":"B005EBNZTI","DetailPageURL":"https://www.amazon.es/dp/B005EBNZTI?tag=topinalambricos-21&linkCode=osi&th=1&psc=1","Images":{"Primary":{"Small":{"Height":75,"URL":"https://m.media-amazon.com/images/I/41MKOfJ00uL._SL75_.jpg","Width":75}}},"ItemInfo":{"ByLineInfo":{"Brand":{"DisplayValue":"Renapur","Label":"Brand","Locale":"es_ES"},"Manufacturer":{"DisplayValue":"Renapur Ltd","Label":"Manufacturer","Locale":"es_ES"}},"Title":{"DisplayValue":"Bálsamo de cuero, bálsamo natural, acondicionador y restaurador Renapur (200ml + esponja aplicadora)","Label":"Title","Locale":"es_ES"}},"Offers":{"Summaries":[{"Condition":{"Value":"New"},"LowestPrice":{"Amount":17.5,"Currency":"EUR","DisplayAmount":"17,50 €"}}]}},{"ASIN":"B01M0E5OC6","DetailPageURL":"https://www.amazon.es/dp/B01M0E5OC6?tag=topinalambricos-21&linkCode=osi&th=1&psc=1","Images":{"Primary":{"Small":{"Height":75,"URL":"https://m.media-amazon.com/images/I/31aqST56JDL._SL75_.jpg","Width":75}}},"ItemInfo":{"ByLineInfo":{"Brand":{"DisplayValue":"QM Cleaner","Label":"Brand","Locale":"es_ES"},"Manufacturer":{"DisplayValue":"QM Cleaner","Label":"Manufacturer","Locale":"es_ES"}},"Title":{"DisplayValue":"QM Cleaner LEATHER | Limpiador para cuero, piel y polipiel - Ideal para sillones, tapicerías de vehículos y complementos (Bolsos, chaquetas...) - 500ml","Label":"Title","Locale":"es_ES"}},"Offers":{"Summaries":[{"Condition":{"Value":"New"},"LowestPrice":{"Amount":15.99,"Currency":"EUR","DisplayAmount":"15,99 €"}}]}}],"SearchURL":"https://www.amazon.es/s?k=limpiar+cuero&rh=n%3A2424866031%2Cp_n_availability%3A-1&tag=topinalambricos-21&linkCode=osi","TotalResultCount":743}},"12":{"SearchResult":{"Items":[{"ASIN":"B07SL4WY1W","DetailPageURL":"https://www.amazon.es/dp/B07SL4WY1W?tag=topinalambricos-21&linkCode=osi&th=1&psc=1","Images":{"Primary":{"Small":{"Height":75,"URL":"https://m.media-amazon.com/images/I/4150jn7SysL._SL75_.jpg","Width":75}}},"ItemInfo":{"ByLineInfo":{"Brand":{"DisplayValue":"Maddox Detail","Label":"Brand","Locale":"es_ES"},"Manufacturer":{"DisplayValue":"Maddox Automoción SL","Label":"Manufacturer","Locale":"es_ES"}},"Title":{"DisplayValue":"Maddox Detail - Leather Detailer 500 ml | Limpiador y Acondicionador de Cuero | Limpieza Profunda para Coche y Sofá | Tratamiento de Piel | Elimina Suciedad y Manchas | Restaura Asientos","Label":"Title","Locale":"es_ES"}},"Offers":{"Summaries":[{"Condition":{"Value":"New"},"LowestPrice":{"Amount":12.9,"Currency":"EUR","DisplayAmount":"12,90 € (25,80 € / l)","PricePerUnit":25.8}}]}},{"ASIN":"B007DJ566O","DetailPageURL":"https://www.amazon.es/dp/B007DJ566O?tag=topinalambricos-21&linkCode=osi&th=1&psc=1","Images":{"Primary":{"Small":{"Height":75,"URL":"https://m.media-amazon.com/images/I/41Arv3FwqYL._SL75_.jpg","Width":75}}},"ItemInfo":{"ByLineInfo":{"Brand":{"DisplayValue":"DELARA","Label":"Brand","Locale":"es_ES"},"Manufacturer":{"DisplayValue":"DELARA","Label":"Manufacturer","Locale":"es_ES"}},"Title":{"DisplayValue":"DELARA Protector intensivo de cuero 100 ml, color: incoloro – Made in Germany","Label":"Title","Locale":"es_ES"}},"Offers":{"Summaries":[{"Condition":{"Value":"New"},"LowestPrice":{"Amount":10.99,"Currency":"EUR","DisplayAmount":"10,99 €"}}]}},{"ASIN":"B0BNZ6LN98","DetailPageURL":"https://www.amazon.es/dp/B0BNZ6LN98?tag=topinalambricos-21&linkCode=osi&th=1&psc=1","Images":{"Primary":{"Small":{"Height":75,"URL":"https://m.media-amazon.com/images/I/41FW8HzHpVL._SL75_.jpg","Width":75}}},"ItemInfo":{"ByLineInfo":{"Brand":{"DisplayValue":"GxDetail","Label":"Brand","Locale":"es_ES"},"Manufacturer":{"DisplayValue":"GxDetail","Label":"Manufacturer","Locale":"es_ES"}},"Title":{"DisplayValue":"GxDetail Limpiador de Cuero y Piel - Limpia, protege y ayuda a mantener las superficies nuevas - Limpiador de Asientos de coche de Cuero - Leather Cleaner (500 ml.)","Label":"Title","Locale":"es_ES"}},"Offers":{"Summaries":[{"Condition":{"Value":"New"},"LowestPrice":{"Amount":10.99,"Currency":"EUR","DisplayAmount":"10,99 € (21,98 € / l)","PricePerUnit":21.98}}]}},{"ASIN":"B07JWHH61W","DetailPageURL":"https://www.amazon.es/dp/B07JWHH61W?tag=topinalambricos-21&linkCode=osi&th=1&psc=1","Images":{"Primary":{"Small":{"Height":75,"URL":"https://m.media-amazon.com/images/I/51mbQkPkmeL._SL75_.jpg","Width":75}}},"ItemInfo":{"ByLineInfo":{"Brand":{"DisplayValue":"Maddox Detail","Label":"Brand","Locale":"es_ES"},"Manufacturer":{"DisplayValue":"Maddox Automoción","Label":"Manufacturer","Locale":"es_ES"}},"Title":{"DisplayValue":"Maddox Detail - Leather Care Kit 500ml | Limpiador y Acondicionador de Cuero y Piel | Incluye Microfibra | Kit Limpiador de Tapicería de Coche","Label":"Title","Locale":"es_ES"}},"Offers":{"Summaries":[{"Condition":{"Value":"New"},"LowestPrice":{"Amount":26.5,"Currency":"EUR","DisplayAmount":"26,50 € (26,50 € / l)","PricePerUnit":26.5}}]}},{"ASIN":"B07K9XPXF8","DetailPageURL":"https://www.amazon.es/dp/B07K9XPXF8?tag=topinalambricos-21&linkCode=osi&th=1&psc=1","Images":{"Primary":{"Small":{"Height":75,"URL":"https://m.media-amazon.com/images/I/41IdIjP7B3L._SL75_.jpg","Width":75}}},"ItemInfo":{"ByLineInfo":{"Brand":{"DisplayValue":"QM Cleaner","Label":"Brand","Locale":"es_ES"},"Manufacturer":{"DisplayValue":"QM Cleaner","Label":"Manufacturer","Locale":"es_ES"}},"Title":{"DisplayValue":"QM Cleaner Limpieza e hidratación Cuero. Cuidado y Limpieza de la tapicería del Coche, sillones Sofa de Cuero. Limpia e hidrata (Kit Leather)","Label":"Title","Locale":"es_ES"}},"Offers":{"Summaries":[{"Condition":{"Value":"New"},"LowestPrice":{"Amount":28.49,"Currency":"EUR","DisplayAmount":"28,49 €"}}]}},{"ASIN":"B0BHT8LCCP","DetailPageURL":"https://www.amazon.es/dp/B0BHT8LCCP?tag=topinalambricos-21&linkCode=osi&th=1&psc=1","Images":{"Primary":{"Small":{"Height":75,"URL":"https://m.media-amazon.com/images/I/31vFEUUo0OL._SL75_.jpg","Width":75}}},"ItemInfo":{"ByLineInfo":{"Brand":{"DisplayValue":"LAAV","Label":"Brand","Locale":"es_ES"},"Manufacturer":{"DisplayValue":"CSG Sp. z o.o.","Label":"Manufacturer","Locale":"es_ES"}},"Title":{"DisplayValue":"LAAV Limpiador Cuero Leather Cleaner (250 ml) I Elimina la Suciedad y Las Manchas, no Seca I Limpiador Tapiceria Coche I Producto de Limpieza Ecológico para Todos los Productos de Piel","Label":"Title","Locale":"es_ES"}},"Offers":{"Summaries":[{"Condition":{"Value":"New"},"LowestPrice":{"Amount":6.9,"Currency":"EUR","DisplayAmount":"6,90 € (27,60 € / l)","PricePerUnit":27.6}}]}},{"ASIN":"B074KKZVMF","DetailPageURL":"https://www.amazon.es/dp/B074KKZVMF?tag=topinalambricos-21&linkCode=osi&th=1&psc=1","Images":{"Primary":{"Small":{"Height":75,"URL":"https://m.media-amazon.com/images/I/410nKkuP99L._SL75_.jpg","Width":75}}},"ItemInfo":{"ByLineInfo":{"Brand":{"DisplayValue":"Maddox Detail","Label":"Brand","Locale":"es_ES"},"Manufacturer":{"DisplayValue":"Maddox Automocion Sl","Label":"Manufacturer","Locale":"es_ES"}},"Title":{"DisplayValue":"Maddox Detail - Leather Conditioner 500ml | Hidratante y Tratamiento Cuero Coche | Limpiador Asientos de Cuero y Piel, Negro","Label":"Title","Locale":"es_ES"}},"Offers":{"Summaries":[{"Condition":{"Value":"New"},"LowestPrice":{"Amount":14.9,"Currency":"EUR","DisplayAmount":"14,90 € (29,80 € / l)","PricePerUnit":29.8}}]}},{"ASIN":"B0BPN5PWY3","DetailPageURL":"https://www.amazon.es/dp/B0BPN5PWY3?tag=topinalambricos-21&linkCode=osi&th=1&psc=1","Images":{"Primary":{"Small":{"Height":75,"URL":"https://m.media-amazon.com/images/I/511GOk2abCL._SL75_.jpg","Width":75}}},"ItemInfo":{"ByLineInfo":{"Brand":{"DisplayValue":"GxDetail","Label":"Brand","Locale":"es_ES"},"Manufacturer":{"DisplayValue":"GxDetail","Label":"Manufacturer","Locale":"es_ES"}},"Title":{"DisplayValue":"GxDetail Pack Cuidado Cuero - Kit Limpieza e Hidratación para Cuero Coche Gx Detail - Kit Con Accesorios y Limpiador de Asientos de Cuero - Limpia Asientos Tapicerias Piel y Cuero de Coche...","Label":"Title","Locale":"es_ES"}},"Offers":{"Summaries":[{"Condition":{"Value":"New"},"LowestPrice":{"Amount":34.95,"Currency":"EUR","DisplayAmount":"34,95 € (34,95 € / l)","PricePerUnit":34.95}}]}},{"ASIN":"B005EBNZTI","DetailPageURL":"https://www.amazon.es/dp/B005EBNZTI?tag=topinalambricos-21&linkCode=osi&th=1&psc=1","Images":{"Primary":{"Small":{"Height":75,"URL":"https://m.media-amazon.com/images/I/41MKOfJ00uL._SL75_.jpg","Width":75}}},"ItemInfo":{"ByLineInfo":{"Brand":{"DisplayValue":"Renapur","Label":"Brand","Locale":"es_ES"},"Manufacturer":{"DisplayValue":"Renapur Ltd","Label":"Manufacturer","Locale":"es_ES"}},"Title":{"DisplayValue":"Bálsamo de cuero, bálsamo natural, acondicionador y restaurador Renapur (200ml + esponja aplicadora)","Label":"Title","Locale":"es_ES"}},"Offers":{"Summaries":[{"Condition":{"Value":"New"},"LowestPrice":{"Amount":17.5,"Currency":"EUR","DisplayAmount":"17,50 €"}}]}},{"ASIN":"B01M0E5OC6","DetailPageURL":"https://www.amazon.es/dp/B01M0E5OC6?tag=topinalambricos-21&linkCode=osi&th=1&psc=1","Images":{"Primary":{"Small":{"Height":75,"URL":"https://m.media-amazon.com/images/I/31aqST56JDL._SL75_.jpg","Width":75}}},"ItemInfo":{"ByLineInfo":{"Brand":{"DisplayValue":"QM Cleaner","Label":"Brand","Locale":"es_ES"},"Manufacturer":{"DisplayValue":"QM Cleaner","Label":"Manufacturer","Locale":"es_ES"}},"Title":{"DisplayValue":"QM Cleaner LEATHER | Limpiador para cuero, piel y polipiel - Ideal para sillones, tapicerías de vehículos y complementos (Bolsos, chaquetas...) - 500ml","Label":"Title","Locale":"es_ES"}},"Offers":{"Summaries":[{"Condition":{"Value":"New"},"LowestPrice":{"Amount":15.99,"Currency":"EUR","DisplayAmount":"15,99 €"}}]}}],"SearchURL":"https://www.amazon.es/s?k=limpiar+cuero&rh=n%3A2424866031%2Cp_n_availability%3A-1&tag=topinalambricos-21&linkCode=osi","TotalResultCount":743}},"13":{"SearchResult":{"Items":[{"ASIN":"B07SL4WY1W","DetailPageURL":"https://www.amazon.es/dp/B07SL4WY1W?tag=topinalambricos-21&linkCode=osi&th=1&psc=1","Images":{"Primary":{"Small":{"Height":75,"URL":"https://m.media-amazon.com/images/I/4150jn7SysL._SL75_.jpg","Width":75}}},"ItemInfo":{"ByLineInfo":{"Brand":{"DisplayValue":"Maddox Detail","Label":"Brand","Locale":"es_ES"},"Manufacturer":{"DisplayValue":"Maddox Automoción SL","Label":"Manufacturer","Locale":"es_ES"}},"Title":{"DisplayValue":"Maddox Detail - Leather Detailer 500 ml | Limpiador y Acondicionador de Cuero | Limpieza Profunda para Coche y Sofá | Tratamiento de Piel | Elimina Suciedad y Manchas | Restaura Asientos","Label":"Title","Locale":"es_ES"}},"Offers":{"Summaries":[{"Condition":{"Value":"New"},"LowestPrice":{"Amount":12.9,"Currency":"EUR","DisplayAmount":"12,90 € (25,80 € / l)","PricePerUnit":25.8}}]}},{"ASIN":"B007DJ566O","DetailPageURL":"https://www.amazon.es/dp/B007DJ566O?tag=topinalambricos-21&linkCode=osi&th=1&psc=1","Images":{"Primary":{"Small":{"Height":75,"URL":"https://m.media-amazon.com/images/I/41Arv3FwqYL._SL75_.jpg","Width":75}}},"ItemInfo":{"ByLineInfo":{"Brand":{"DisplayValue":"DELARA","Label":"Brand","Locale":"es_ES"},"Manufacturer":{"DisplayValue":"DELARA","Label":"Manufacturer","Locale":"es_ES"}},"Title":{"DisplayValue":"DELARA Protector intensivo de cuero 100 ml, color: incoloro – Made in Germany","Label":"Title","Locale":"es_ES"}},"Offers":{"Summaries":[{"Condition":{"Value":"New"},"LowestPrice":{"Amount":10.99,"Currency":"EUR","DisplayAmount":"10,99 €"}}]}},{"ASIN":"B0BNZ6LN98","DetailPageURL":"https://www.amazon.es/dp/B0BNZ6LN98?tag=topinalambricos-21&linkCode=osi&th=1&psc=1","Images":{"Primary":{"Small":{"Height":75,"URL":"https://m.media-amazon.com/images/I/41FW8HzHpVL._SL75_.jpg","Width":75}}},"ItemInfo":{"ByLineInfo":{"Brand":{"DisplayValue":"GxDetail","Label":"Brand","Locale":"es_ES"},"Manufacturer":{"DisplayValue":"GxDetail","Label":"Manufacturer","Locale":"es_ES"}},"Title":{"DisplayValue":"GxDetail Limpiador de Cuero y Piel - Limpia, protege y ayuda a mantener las superficies nuevas - Limpiador de Asientos de coche de Cuero - Leather Cleaner (500 ml.)","Label":"Title","Locale":"es_ES"}},"Offers":{"Summaries":[{"Condition":{"Value":"New"},"LowestPrice":{"Amount":10.99,"Currency":"EUR","DisplayAmount":"10,99 € (21,98 € / l)","PricePerUnit":21.98}}]}},{"ASIN":"B07JWHH61W","DetailPageURL":"https://www.amazon.es/dp/B07JWHH61W?tag=topinalambricos-21&linkCode=osi&th=1&psc=1","Images":{"Primary":{"Small":{"Height":75,"URL":"https://m.media-amazon.com/images/I/51mbQkPkmeL._SL75_.jpg","Width":75}}},"ItemInfo":{"ByLineInfo":{"Brand":{"DisplayValue":"Maddox Detail","Label":"Brand","Locale":"es_ES"},"Manufacturer":{"DisplayValue":"Maddox Automoción","Label":"Manufacturer","Locale":"es_ES"}},"Title":{"DisplayValue":"Maddox Detail - Leather Care Kit 500ml | Limpiador y Acondicionador de Cuero y Piel | Incluye Microfibra | Kit Limpiador de Tapicería de Coche","Label":"Title","Locale":"es_ES"}},"Offers":{"Summaries":[{"Condition":{"Value":"New"},"LowestPrice":{"Amount":26.5,"Currency":"EUR","DisplayAmount":"26,50 € (26,50 € / l)","PricePerUnit":26.5}}]}},{"ASIN":"B07K9XPXF8","DetailPageURL":"https://www.amazon.es/dp/B07K9XPXF8?tag=topinalambricos-21&linkCode=osi&th=1&psc=1","Images":{"Primary":{"Small":{"Height":75,"URL":"https://m.media-amazon.com/images/I/41IdIjP7B3L._SL75_.jpg","Width":75}}},"ItemInfo":{"ByLineInfo":{"Brand":{"DisplayValue":"QM Cleaner","Label":"Brand","Locale":"es_ES"},"Manufacturer":{"DisplayValue":"QM Cleaner","Label":"Manufacturer","Locale":"es_ES"}},"Title":{"DisplayValue":"QM Cleaner Limpieza e hidratación Cuero. Cuidado y Limpieza de la tapicería del Coche, sillones Sofa de Cuero. Limpia e hidrata (Kit Leather)","Label":"Title","Locale":"es_ES"}},"Offers":{"Summaries":[{"Condition":{"Value":"New"},"LowestPrice":{"Amount":28.49,"Currency":"EUR","DisplayAmount":"28,49 €"}}]}},{"ASIN":"B0BHT8LCCP","DetailPageURL":"https://www.amazon.es/dp/B0BHT8LCCP?tag=topinalambricos-21&linkCode=osi&th=1&psc=1","Images":{"Primary":{"Small":{"Height":75,"URL":"https://m.media-amazon.com/images/I/31vFEUUo0OL._SL75_.jpg","Width":75}}},"ItemInfo":{"ByLineInfo":{"Brand":{"DisplayValue":"LAAV","Label":"Brand","Locale":"es_ES"},"Manufacturer":{"DisplayValue":"CSG Sp. z o.o.","Label":"Manufacturer","Locale":"es_ES"}},"Title":{"DisplayValue":"LAAV Limpiador Cuero Leather Cleaner (250 ml) I Elimina la Suciedad y Las Manchas, no Seca I Limpiador Tapiceria Coche I Producto de Limpieza Ecológico para Todos los Productos de Piel","Label":"Title","Locale":"es_ES"}},"Offers":{"Summaries":[{"Condition":{"Value":"New"},"LowestPrice":{"Amount":6.9,"Currency":"EUR","DisplayAmount":"6,90 € (27,60 € / l)","PricePerUnit":27.6}}]}},{"ASIN":"B074KKZVMF","DetailPageURL":"https://www.amazon.es/dp/B074KKZVMF?tag=topinalambricos-21&linkCode=osi&th=1&psc=1","Images":{"Primary":{"Small":{"Height":75,"URL":"https://m.media-amazon.com/images/I/410nKkuP99L._SL75_.jpg","Width":75}}},"ItemInfo":{"ByLineInfo":{"Brand":{"DisplayValue":"Maddox Detail","Label":"Brand","Locale":"es_ES"},"Manufacturer":{"DisplayValue":"Maddox Automocion Sl","Label":"Manufacturer","Locale":"es_ES"}},"Title":{"DisplayValue":"Maddox Detail - Leather Conditioner 500ml | Hidratante y Tratamiento Cuero Coche | Limpiador Asientos de Cuero y Piel, Negro","Label":"Title","Locale":"es_ES"}},"Offers":{"Summaries":[{"Condition":{"Value":"New"},"LowestPrice":{"Amount":14.9,"Currency":"EUR","DisplayAmount":"14,90 € (29,80 € / l)","PricePerUnit":29.8}}]}},{"ASIN":"B0BPN5PWY3","DetailPageURL":"https://www.amazon.es/dp/B0BPN5PWY3?tag=topinalambricos-21&linkCode=osi&th=1&psc=1","Images":{"Primary":{"Small":{"Height":75,"URL":"https://m.media-amazon.com/images/I/511GOk2abCL._SL75_.jpg","Width":75}}},"ItemInfo":{"ByLineInfo":{"Brand":{"DisplayValue":"GxDetail","Label":"Brand","Locale":"es_ES"},"Manufacturer":{"DisplayValue":"GxDetail","Label":"Manufacturer","Locale":"es_ES"}},"Title":{"DisplayValue":"GxDetail Pack Cuidado Cuero - Kit Limpieza e Hidratación para Cuero Coche Gx Detail - Kit Con Accesorios y Limpiador de Asientos de Cuero - Limpia Asientos Tapicerias Piel y Cuero de Coche...","Label":"Title","Locale":"es_ES"}},"Offers":{"Summaries":[{"Condition":{"Value":"New"},"LowestPrice":{"Amount":34.95,"Currency":"EUR","DisplayAmount":"34,95 € (34,95 € / l)","PricePerUnit":34.95}}]}},{"ASIN":"B005EBNZTI","DetailPageURL":"https://www.amazon.es/dp/B005EBNZTI?tag=topinalambricos-21&linkCode=osi&th=1&psc=1","Images":{"Primary":{"Small":{"Height":75,"URL":"https://m.media-amazon.com/images/I/41MKOfJ00uL._SL75_.jpg","Width":75}}},"ItemInfo":{"ByLineInfo":{"Brand":{"DisplayValue":"Renapur","Label":"Brand","Locale":"es_ES"},"Manufacturer":{"DisplayValue":"Renapur Ltd","Label":"Manufacturer","Locale":"es_ES"}},"Title":{"DisplayValue":"Bálsamo de cuero, bálsamo natural, acondicionador y restaurador Renapur (200ml + esponja aplicadora)","Label":"Title","Locale":"es_ES"}},"Offers":{"Summaries":[{"Condition":{"Value":"New"},"LowestPrice":{"Amount":17.5,"Currency":"EUR","DisplayAmount":"17,50 €"}}]}},{"ASIN":"B01M0E5OC6","DetailPageURL":"https://www.amazon.es/dp/B01M0E5OC6?tag=topinalambricos-21&linkCode=osi&th=1&psc=1","Images":{"Primary":{"Small":{"Height":75,"URL":"https://m.media-amazon.com/images/I/31aqST56JDL._SL75_.jpg","Width":75}}},"ItemInfo":{"ByLineInfo":{"Brand":{"DisplayValue":"QM Cleaner","Label":"Brand","Locale":"es_ES"},"Manufacturer":{"DisplayValue":"QM Cleaner","Label":"Manufacturer","Locale":"es_ES"}},"Title":{"DisplayValue":"QM Cleaner LEATHER | Limpiador para cuero, piel y polipiel - Ideal para sillones, tapicerías de vehículos y complementos (Bolsos, chaquetas...) - 500ml","Label":"Title","Locale":"es_ES"}},"Offers":{"Summaries":[{"Condition":{"Value":"New"},"LowestPrice":{"Amount":15.99,"Currency":"EUR","DisplayAmount":"15,99 €"}}]}}],"SearchURL":"https://www.amazon.es/s?k=limpiar+cuero&rh=n%3A2424866031%2Cp_n_availability%3A-1&tag=topinalambricos-21&linkCode=osi","TotalResultCount":743}},"14":{"SearchResult":{"Items":[{"ASIN":"B07SL4WY1W","DetailPageURL":"https://www.amazon.es/dp/B07SL4WY1W?tag=topinalambricos-21&linkCode=osi&th=1&psc=1","Images":{"Primary":{"Small":{"Height":75,"URL":"https://m.media-amazon.com/images/I/4150jn7SysL._SL75_.jpg","Width":75}}},"ItemInfo":{"ByLineInfo":{"Brand":{"DisplayValue":"Maddox Detail","Label":"Brand","Locale":"es_ES"},"Manufacturer":{"DisplayValue":"Maddox Automoción SL","Label":"Manufacturer","Locale":"es_ES"}},"Title":{"DisplayValue":"Maddox Detail - Leather Detailer 500 ml | Limpiador y Acondicionador de Cuero | Limpieza Profunda para Coche y Sofá | Tratamiento de Piel | Elimina Suciedad y Manchas | Restaura Asientos","Label":"Title","Locale":"es_ES"}},"Offers":{"Summaries":[{"Condition":{"Value":"New"},"LowestPrice":{"Amount":12.9,"Currency":"EUR","DisplayAmount":"12,90 € (25,80 € / l)","PricePerUnit":25.8}}]}},{"ASIN":"B007DJ566O","DetailPageURL":"https://www.amazon.es/dp/B007DJ566O?tag=topinalambricos-21&linkCode=osi&th=1&psc=1","Images":{"Primary":{"Small":{"Height":75,"URL":"https://m.media-amazon.com/images/I/41Arv3FwqYL._SL75_.jpg","Width":75}}},"ItemInfo":{"ByLineInfo":{"Brand":{"DisplayValue":"DELARA","Label":"Brand","Locale":"es_ES"},"Manufacturer":{"DisplayValue":"DELARA","Label":"Manufacturer","Locale":"es_ES"}},"Title":{"DisplayValue":"DELARA Protector intensivo de cuero 100 ml, color: incoloro – Made in Germany","Label":"Title","Locale":"es_ES"}},"Offers":{"Summaries":[{"Condition":{"Value":"New"},"LowestPrice":{"Amount":10.99,"Currency":"EUR","DisplayAmount":"10,99 €"}}]}},{"ASIN":"B0BNZ6LN98","DetailPageURL":"https://www.amazon.es/dp/B0BNZ6LN98?tag=topinalambricos-21&linkCode=osi&th=1&psc=1","Images":{"Primary":{"Small":{"Height":75,"URL":"https://m.media-amazon.com/images/I/41FW8HzHpVL._SL75_.jpg","Width":75}}},"ItemInfo":{"ByLineInfo":{"Brand":{"DisplayValue":"GxDetail","Label":"Brand","Locale":"es_ES"},"Manufacturer":{"DisplayValue":"GxDetail","Label":"Manufacturer","Locale":"es_ES"}},"Title":{"DisplayValue":"GxDetail Limpiador de Cuero y Piel - Limpia, protege y ayuda a mantener las superficies nuevas - Limpiador de Asientos de coche de Cuero - Leather Cleaner (500 ml.)","Label":"Title","Locale":"es_ES"}},"Offers":{"Summaries":[{"Condition":{"Value":"New"},"LowestPrice":{"Amount":10.99,"Currency":"EUR","DisplayAmount":"10,99 € (21,98 € / l)","PricePerUnit":21.98}}]}},{"ASIN":"B07JWHH61W","DetailPageURL":"https://www.amazon.es/dp/B07JWHH61W?tag=topinalambricos-21&linkCode=osi&th=1&psc=1","Images":{"Primary":{"Small":{"Height":75,"URL":"https://m.media-amazon.com/images/I/51mbQkPkmeL._SL75_.jpg","Width":75}}},"ItemInfo":{"ByLineInfo":{"Brand":{"DisplayValue":"Maddox Detail","Label":"Brand","Locale":"es_ES"},"Manufacturer":{"DisplayValue":"Maddox Automoción","Label":"Manufacturer","Locale":"es_ES"}},"Title":{"DisplayValue":"Maddox Detail - Leather Care Kit 500ml | Limpiador y Acondicionador de Cuero y Piel | Incluye Microfibra | Kit Limpiador de Tapicería de Coche","Label":"Title","Locale":"es_ES"}},"Offers":{"Summaries":[{"Condition":{"Value":"New"},"LowestPrice":{"Amount":26.5,"Currency":"EUR","DisplayAmount":"26,50 € (26,50 € / l)","PricePerUnit":26.5}}]}},{"ASIN":"B07K9XPXF8","DetailPageURL":"https://www.amazon.es/dp/B07K9XPXF8?tag=topinalambricos-21&linkCode=osi&th=1&psc=1","Images":{"Primary":{"Small":{"Height":75,"URL":"https://m.media-amazon.com/images/I/41IdIjP7B3L._SL75_.jpg","Width":75}}},"ItemInfo":{"ByLineInfo":{"Brand":{"DisplayValue":"QM Cleaner","Label":"Brand","Locale":"es_ES"},"Manufacturer":{"DisplayValue":"QM Cleaner","Label":"Manufacturer","Locale":"es_ES"}},"Title":{"DisplayValue":"QM Cleaner Limpieza e hidratación Cuero. Cuidado y Limpieza de la tapicería del Coche, sillones Sofa de Cuero. Limpia e hidrata (Kit Leather)","Label":"Title","Locale":"es_ES"}},"Offers":{"Summaries":[{"Condition":{"Value":"New"},"LowestPrice":{"Amount":28.49,"Currency":"EUR","DisplayAmount":"28,49 €"}}]}},{"ASIN":"B0BHT8LCCP","DetailPageURL":"https://www.amazon.es/dp/B0BHT8LCCP?tag=topinalambricos-21&linkCode=osi&th=1&psc=1","Images":{"Primary":{"Small":{"Height":75,"URL":"https://m.media-amazon.com/images/I/31vFEUUo0OL._SL75_.jpg","Width":75}}},"ItemInfo":{"ByLineInfo":{"Brand":{"DisplayValue":"LAAV","Label":"Brand","Locale":"es_ES"},"Manufacturer":{"DisplayValue":"CSG Sp. z o.o.","Label":"Manufacturer","Locale":"es_ES"}},"Title":{"DisplayValue":"LAAV Limpiador Cuero Leather Cleaner (250 ml) I Elimina la Suciedad y Las Manchas, no Seca I Limpiador Tapiceria Coche I Producto de Limpieza Ecológico para Todos los Productos de Piel","Label":"Title","Locale":"es_ES"}},"Offers":{"Summaries":[{"Condition":{"Value":"New"},"LowestPrice":{"Amount":6.9,"Currency":"EUR","DisplayAmount":"6,90 € (27,60 € / l)","PricePerUnit":27.6}}]}},{"ASIN":"B074KKZVMF","DetailPageURL":"https://www.amazon.es/dp/B074KKZVMF?tag=topinalambricos-21&linkCode=osi&th=1&psc=1","Images":{"Primary":{"Small":{"Height":75,"URL":"https://m.media-amazon.com/images/I/410nKkuP99L._SL75_.jpg","Width":75}}},"ItemInfo":{"ByLineInfo":{"Brand":{"DisplayValue":"Maddox Detail","Label":"Brand","Locale":"es_ES"},"Manufacturer":{"DisplayValue":"Maddox Automocion Sl","Label":"Manufacturer","Locale":"es_ES"}},"Title":{"DisplayValue":"Maddox Detail - Leather Conditioner 500ml | Hidratante y Tratamiento Cuero Coche | Limpiador Asientos de Cuero y Piel, Negro","Label":"Title","Locale":"es_ES"}},"Offers":{"Summaries":[{"Condition":{"Value":"New"},"LowestPrice":{"Amount":14.9,"Currency":"EUR","DisplayAmount":"14,90 € (29,80 € / l)","PricePerUnit":29.8}}]}},{"ASIN":"B0BPN5PWY3","DetailPageURL":"https://www.amazon.es/dp/B0BPN5PWY3?tag=topinalambricos-21&linkCode=osi&th=1&psc=1","Images":{"Primary":{"Small":{"Height":75,"URL":"https://m.media-amazon.com/images/I/511GOk2abCL._SL75_.jpg","Width":75}}},"ItemInfo":{"ByLineInfo":{"Brand":{"DisplayValue":"GxDetail","Label":"Brand","Locale":"es_ES"},"Manufacturer":{"DisplayValue":"GxDetail","Label":"Manufacturer","Locale":"es_ES"}},"Title":{"DisplayValue":"GxDetail Pack Cuidado Cuero - Kit Limpieza e Hidratación para Cuero Coche Gx Detail - Kit Con Accesorios y Limpiador de Asientos de Cuero - Limpia Asientos Tapicerias Piel y Cuero de Coche...","Label":"Title","Locale":"es_ES"}},"Offers":{"Summaries":[{"Condition":{"Value":"New"},"LowestPrice":{"Amount":34.95,"Currency":"EUR","DisplayAmount":"34,95 € (34,95 € / l)","PricePerUnit":34.95}}]}},{"ASIN":"B005EBNZTI","DetailPageURL":"https://www.amazon.es/dp/B005EBNZTI?tag=topinalambricos-21&linkCode=osi&th=1&psc=1","Images":{"Primary":{"Small":{"Height":75,"URL":"https://m.media-amazon.com/images/I/41MKOfJ00uL._SL75_.jpg","Width":75}}},"ItemInfo":{"ByLineInfo":{"Brand":{"DisplayValue":"Renapur","Label":"Brand","Locale":"es_ES"},"Manufacturer":{"DisplayValue":"Renapur Ltd","Label":"Manufacturer","Locale":"es_ES"}},"Title":{"DisplayValue":"Bálsamo de cuero, bálsamo natural, acondicionador y restaurador Renapur (200ml + esponja aplicadora)","Label":"Title","Locale":"es_ES"}},"Offers":{"Summaries":[{"Condition":{"Value":"New"},"LowestPrice":{"Amount":17.5,"Currency":"EUR","DisplayAmount":"17,50 €"}}]}},{"ASIN":"B01M0E5OC6","DetailPageURL":"https://www.amazon.es/dp/B01M0E5OC6?tag=topinalambricos-21&linkCode=osi&th=1&psc=1","Images":{"Primary":{"Small":{"Height":75,"URL":"https://m.media-amazon.com/images/I/31aqST56JDL._SL75_.jpg","Width":75}}},"ItemInfo":{"ByLineInfo":{"Brand":{"DisplayValue":"QM Cleaner","Label":"Brand","Locale":"es_ES"},"Manufacturer":{"DisplayValue":"QM Cleaner","Label":"Manufacturer","Locale":"es_ES"}},"Title":{"DisplayValue":"QM Cleaner LEATHER | Limpiador para cuero, piel y polipiel - Ideal para sillones, tapicerías de vehículos y complementos (Bolsos, chaquetas...) - 500ml","Label":"Title","Locale":"es_ES"}},"Offers":{"Summaries":[{"Condition":{"Value":"New"},"LowestPrice":{"Amount":15.99,"Currency":"EUR","DisplayAmount":"15,99 €"}}]}}],"SearchURL":"https://www.amazon.es/s?k=limpiar+cuero&rh=n%3A2424866031%2Cp_n_availability%3A-1&tag=topinalambricos-21&linkCode=osi","TotalResultCount":743}},"16":{"SearchResult":{"Items":[{"ASIN":"B07SL4WY1W","DetailPageURL":"https://www.amazon.es/dp/B07SL4WY1W?tag=topinalambricos-21&linkCode=osi&th=1&psc=1","Images":{"Primary":{"Small":{"Height":75,"URL":"https://m.media-amazon.com/images/I/4150jn7SysL._SL75_.jpg","Width":75}}},"ItemInfo":{"ByLineInfo":{"Brand":{"DisplayValue":"Maddox Detail","Label":"Brand","Locale":"es_ES"},"Manufacturer":{"DisplayValue":"Maddox Automoción SL","Label":"Manufacturer","Locale":"es_ES"}},"Title":{"DisplayValue":"Maddox Detail - Leather Detailer 500 ml | Limpiador y Acondicionador de Cuero | Limpieza Profunda para Coche y Sofá | Tratamiento de Piel | Elimina Suciedad y Manchas | Restaura Asientos","Label":"Title","Locale":"es_ES"}},"Offers":{"Summaries":[{"Condition":{"Value":"New"},"LowestPrice":{"Amount":12.9,"Currency":"EUR","DisplayAmount":"12,90 € (25,80 € / l)","PricePerUnit":25.8}}]}},{"ASIN":"B007DJ566O","DetailPageURL":"https://www.amazon.es/dp/B007DJ566O?tag=topinalambricos-21&linkCode=osi&th=1&psc=1","Images":{"Primary":{"Small":{"Height":75,"URL":"https://m.media-amazon.com/images/I/41Arv3FwqYL._SL75_.jpg","Width":75}}},"ItemInfo":{"ByLineInfo":{"Brand":{"DisplayValue":"DELARA","Label":"Brand","Locale":"es_ES"},"Manufacturer":{"DisplayValue":"DELARA","Label":"Manufacturer","Locale":"es_ES"}},"Title":{"DisplayValue":"DELARA Protector intensivo de cuero 100 ml, color: incoloro – Made in Germany","Label":"Title","Locale":"es_ES"}},"Offers":{"Summaries":[{"Condition":{"Value":"New"},"LowestPrice":{"Amount":10.99,"Currency":"EUR","DisplayAmount":"10,99 €"}}]}},{"ASIN":"B0BNZ6LN98","DetailPageURL":"https://www.amazon.es/dp/B0BNZ6LN98?tag=topinalambricos-21&linkCode=osi&th=1&psc=1","Images":{"Primary":{"Small":{"Height":75,"URL":"https://m.media-amazon.com/images/I/41FW8HzHpVL._SL75_.jpg","Width":75}}},"ItemInfo":{"ByLineInfo":{"Brand":{"DisplayValue":"GxDetail","Label":"Brand","Locale":"es_ES"},"Manufacturer":{"DisplayValue":"GxDetail","Label":"Manufacturer","Locale":"es_ES"}},"Title":{"DisplayValue":"GxDetail Limpiador de Cuero y Piel - Limpia, protege y ayuda a mantener las superficies nuevas - Limpiador de Asientos de coche de Cuero - Leather Cleaner (500 ml.)","Label":"Title","Locale":"es_ES"}},"Offers":{"Summaries":[{"Condition":{"Value":"New"},"LowestPrice":{"Amount":10.99,"Currency":"EUR","DisplayAmount":"10,99 € (21,98 € / l)","PricePerUnit":21.98}}]}},{"ASIN":"B07JWHH61W","DetailPageURL":"https://www.amazon.es/dp/B07JWHH61W?tag=topinalambricos-21&linkCode=osi&th=1&psc=1","Images":{"Primary":{"Small":{"Height":75,"URL":"https://m.media-amazon.com/images/I/51mbQkPkmeL._SL75_.jpg","Width":75}}},"ItemInfo":{"ByLineInfo":{"Brand":{"DisplayValue":"Maddox Detail","Label":"Brand","Locale":"es_ES"},"Manufacturer":{"DisplayValue":"Maddox Automoción","Label":"Manufacturer","Locale":"es_ES"}},"Title":{"DisplayValue":"Maddox Detail - Leather Care Kit 500ml | Limpiador y Acondicionador de Cuero y Piel | Incluye Microfibra | Kit Limpiador de Tapicería de Coche","Label":"Title","Locale":"es_ES"}},"Offers":{"Summaries":[{"Condition":{"Value":"New"},"LowestPrice":{"Amount":26.5,"Currency":"EUR","DisplayAmount":"26,50 € (26,50 € / l)","PricePerUnit":26.5}}]}},{"ASIN":"B07K9XPXF8","DetailPageURL":"https://www.amazon.es/dp/B07K9XPXF8?tag=topinalambricos-21&linkCode=osi&th=1&psc=1","Images":{"Primary":{"Small":{"Height":75,"URL":"https://m.media-amazon.com/images/I/41IdIjP7B3L._SL75_.jpg","Width":75}}},"ItemInfo":{"ByLineInfo":{"Brand":{"DisplayValue":"QM Cleaner","Label":"Brand","Locale":"es_ES"},"Manufacturer":{"DisplayValue":"QM Cleaner","Label":"Manufacturer","Locale":"es_ES"}},"Title":{"DisplayValue":"QM Cleaner Limpieza e hidratación Cuero. Cuidado y Limpieza de la tapicería del Coche, sillones Sofa de Cuero. Limpia e hidrata (Kit Leather)","Label":"Title","Locale":"es_ES"}},"Offers":{"Summaries":[{"Condition":{"Value":"New"},"LowestPrice":{"Amount":28.49,"Currency":"EUR","DisplayAmount":"28,49 €"}}]}},{"ASIN":"B0BHT8LCCP","DetailPageURL":"https://www.amazon.es/dp/B0BHT8LCCP?tag=topinalambricos-21&linkCode=osi&th=1&psc=1","Images":{"Primary":{"Small":{"Height":75,"URL":"https://m.media-amazon.com/images/I/31vFEUUo0OL._SL75_.jpg","Width":75}}},"ItemInfo":{"ByLineInfo":{"Brand":{"DisplayValue":"LAAV","Label":"Brand","Locale":"es_ES"},"Manufacturer":{"DisplayValue":"CSG Sp. z o.o.","Label":"Manufacturer","Locale":"es_ES"}},"Title":{"DisplayValue":"LAAV Limpiador Cuero Leather Cleaner (250 ml) I Elimina la Suciedad y Las Manchas, no Seca I Limpiador Tapiceria Coche I Producto de Limpieza Ecológico para Todos los Productos de Piel","Label":"Title","Locale":"es_ES"}},"Offers":{"Summaries":[{"Condition":{"Value":"New"},"LowestPrice":{"Amount":6.9,"Currency":"EUR","DisplayAmount":"6,90 € (27,60 € / l)","PricePerUnit":27.6}}]}},{"ASIN":"B074KKZVMF","DetailPageURL":"https://www.amazon.es/dp/B074KKZVMF?tag=topinalambricos-21&linkCode=osi&th=1&psc=1","Images":{"Primary":{"Small":{"Height":75,"URL":"https://m.media-amazon.com/images/I/410nKkuP99L._SL75_.jpg","Width":75}}},"ItemInfo":{"ByLineInfo":{"Brand":{"DisplayValue":"Maddox Detail","Label":"Brand","Locale":"es_ES"},"Manufacturer":{"DisplayValue":"Maddox Automocion Sl","Label":"Manufacturer","Locale":"es_ES"}},"Title":{"DisplayValue":"Maddox Detail - Leather Conditioner 500ml | Hidratante y Tratamiento Cuero Coche | Limpiador Asientos de Cuero y Piel, Negro","Label":"Title","Locale":"es_ES"}},"Offers":{"Summaries":[{"Condition":{"Value":"New"},"LowestPrice":{"Amount":14.9,"Currency":"EUR","DisplayAmount":"14,90 € (29,80 € / l)","PricePerUnit":29.8}}]}},{"ASIN":"B0BPN5PWY3","DetailPageURL":"https://www.amazon.es/dp/B0BPN5PWY3?tag=topinalambricos-21&linkCode=osi&th=1&psc=1","Images":{"Primary":{"Small":{"Height":75,"URL":"https://m.media-amazon.com/images/I/511GOk2abCL._SL75_.jpg","Width":75}}},"ItemInfo":{"ByLineInfo":{"Brand":{"DisplayValue":"GxDetail","Label":"Brand","Locale":"es_ES"},"Manufacturer":{"DisplayValue":"GxDetail","Label":"Manufacturer","Locale":"es_ES"}},"Title":{"DisplayValue":"GxDetail Pack Cuidado Cuero - Kit Limpieza e Hidratación para Cuero Coche Gx Detail - Kit Con Accesorios y Limpiador de Asientos de Cuero - Limpia Asientos Tapicerias Piel y Cuero de Coche...","Label":"Title","Locale":"es_ES"}},"Offers":{"Summaries":[{"Condition":{"Value":"New"},"LowestPrice":{"Amount":34.95,"Currency":"EUR","DisplayAmount":"34,95 € (34,95 € / l)","PricePerUnit":34.95}}]}},{"ASIN":"B005EBNZTI","DetailPageURL":"https://www.amazon.es/dp/B005EBNZTI?tag=topinalambricos-21&linkCode=osi&th=1&psc=1","Images":{"Primary":{"Small":{"Height":75,"URL":"https://m.media-amazon.com/images/I/41MKOfJ00uL._SL75_.jpg","Width":75}}},"ItemInfo":{"ByLineInfo":{"Brand":{"DisplayValue":"Renapur","Label":"Brand","Locale":"es_ES"},"Manufacturer":{"DisplayValue":"Renapur Ltd","Label":"Manufacturer","Locale":"es_ES"}},"Title":{"DisplayValue":"Bálsamo de cuero, bálsamo natural, acondicionador y restaurador Renapur (200ml + esponja aplicadora)","Label":"Title","Locale":"es_ES"}},"Offers":{"Summaries":[{"Condition":{"Value":"New"},"LowestPrice":{"Amount":17.5,"Currency":"EUR","DisplayAmount":"17,50 €"}}]}},{"ASIN":"B01M0E5OC6","DetailPageURL":"https://www.amazon.es/dp/B01M0E5OC6?tag=topinalambricos-21&linkCode=osi&th=1&psc=1","Images":{"Primary":{"Small":{"Height":75,"URL":"https://m.media-amazon.com/images/I/31aqST56JDL._SL75_.jpg","Width":75}}},"ItemInfo":{"ByLineInfo":{"Brand":{"DisplayValue":"QM Cleaner","Label":"Brand","Locale":"es_ES"},"Manufacturer":{"DisplayValue":"QM Cleaner","Label":"Manufacturer","Locale":"es_ES"}},"Title":{"DisplayValue":"QM Cleaner LEATHER | Limpiador para cuero, piel y polipiel - Ideal para sillones, tapicerías de vehículos y complementos (Bolsos, chaquetas...) - 500ml","Label":"Title","Locale":"es_ES"}},"Offers":{"Summaries":[{"Condition":{"Value":"New"},"LowestPrice":{"Amount":15.99,"Currency":"EUR","DisplayAmount":"15,99 €"}}]}}],"SearchURL":"https://www.amazon.es/s?k=limpiar+cuero&rh=n%3A2424866031%2Cp_n_availability%3A-1&tag=topinalambricos-21&linkCode=osi","TotalResultCount":743}},"17":{"SearchResult":{"Items":[{"ASIN":"B07SL4WY1W","DetailPageURL":"https://www.amazon.es/dp/B07SL4WY1W?tag=topinalambricos-21&linkCode=osi&th=1&psc=1","Images":{"Primary":{"Small":{"Height":75,"URL":"https://m.media-amazon.com/images/I/4150jn7SysL._SL75_.jpg","Width":75}}},"ItemInfo":{"ByLineInfo":{"Brand":{"DisplayValue":"Maddox Detail","Label":"Brand","Locale":"es_ES"},"Manufacturer":{"DisplayValue":"Maddox Automoción SL","Label":"Manufacturer","Locale":"es_ES"}},"Title":{"DisplayValue":"Maddox Detail - Leather Detailer 500 ml | Limpiador y Acondicionador de Cuero | Limpieza Profunda para Coche y Sofá | Tratamiento de Piel | Elimina Suciedad y Manchas | Restaura Asientos","Label":"Title","Locale":"es_ES"}},"Offers":{"Summaries":[{"Condition":{"Value":"New"},"LowestPrice":{"Amount":12.9,"Currency":"EUR","DisplayAmount":"12,90 € (25,80 € / l)","PricePerUnit":25.8}}]}},{"ASIN":"B007DJ566O","DetailPageURL":"https://www.amazon.es/dp/B007DJ566O?tag=topinalambricos-21&linkCode=osi&th=1&psc=1","Images":{"Primary":{"Small":{"Height":75,"URL":"https://m.media-amazon.com/images/I/41Arv3FwqYL._SL75_.jpg","Width":75}}},"ItemInfo":{"ByLineInfo":{"Brand":{"DisplayValue":"DELARA","Label":"Brand","Locale":"es_ES"},"Manufacturer":{"DisplayValue":"DELARA","Label":"Manufacturer","Locale":"es_ES"}},"Title":{"DisplayValue":"DELARA Protector intensivo de cuero 100 ml, color: incoloro – Made in Germany","Label":"Title","Locale":"es_ES"}},"Offers":{"Summaries":[{"Condition":{"Value":"New"},"LowestPrice":{"Amount":10.99,"Currency":"EUR","DisplayAmount":"10,99 €"}}]}},{"ASIN":"B0BNZ6LN98","DetailPageURL":"https://www.amazon.es/dp/B0BNZ6LN98?tag=topinalambricos-21&linkCode=osi&th=1&psc=1","Images":{"Primary":{"Small":{"Height":75,"URL":"https://m.media-amazon.com/images/I/41FW8HzHpVL._SL75_.jpg","Width":75}}},"ItemInfo":{"ByLineInfo":{"Brand":{"DisplayValue":"GxDetail","Label":"Brand","Locale":"es_ES"},"Manufacturer":{"DisplayValue":"GxDetail","Label":"Manufacturer","Locale":"es_ES"}},"Title":{"DisplayValue":"GxDetail Limpiador de Cuero y Piel - Limpia, protege y ayuda a mantener las superficies nuevas - Limpiador de Asientos de coche de Cuero - Leather Cleaner (500 ml.)","Label":"Title","Locale":"es_ES"}},"Offers":{"Summaries":[{"Condition":{"Value":"New"},"LowestPrice":{"Amount":10.99,"Currency":"EUR","DisplayAmount":"10,99 € (21,98 € / l)","PricePerUnit":21.98}}]}},{"ASIN":"B07JWHH61W","DetailPageURL":"https://www.amazon.es/dp/B07JWHH61W?tag=topinalambricos-21&linkCode=osi&th=1&psc=1","Images":{"Primary":{"Small":{"Height":75,"URL":"https://m.media-amazon.com/images/I/51mbQkPkmeL._SL75_.jpg","Width":75}}},"ItemInfo":{"ByLineInfo":{"Brand":{"DisplayValue":"Maddox Detail","Label":"Brand","Locale":"es_ES"},"Manufacturer":{"DisplayValue":"Maddox Automoción","Label":"Manufacturer","Locale":"es_ES"}},"Title":{"DisplayValue":"Maddox Detail - Leather Care Kit 500ml | Limpiador y Acondicionador de Cuero y Piel | Incluye Microfibra | Kit Limpiador de Tapicería de Coche","Label":"Title","Locale":"es_ES"}},"Offers":{"Summaries":[{"Condition":{"Value":"New"},"LowestPrice":{"Amount":26.5,"Currency":"EUR","DisplayAmount":"26,50 € (26,50 € / l)","PricePerUnit":26.5}}]}},{"ASIN":"B07K9XPXF8","DetailPageURL":"https://www.amazon.es/dp/B07K9XPXF8?tag=topinalambricos-21&linkCode=osi&th=1&psc=1","Images":{"Primary":{"Small":{"Height":75,"URL":"https://m.media-amazon.com/images/I/41IdIjP7B3L._SL75_.jpg","Width":75}}},"ItemInfo":{"ByLineInfo":{"Brand":{"DisplayValue":"QM Cleaner","Label":"Brand","Locale":"es_ES"},"Manufacturer":{"DisplayValue":"QM Cleaner","Label":"Manufacturer","Locale":"es_ES"}},"Title":{"DisplayValue":"QM Cleaner Limpieza e hidratación Cuero. Cuidado y Limpieza de la tapicería del Coche, sillones Sofa de Cuero. Limpia e hidrata (Kit Leather)","Label":"Title","Locale":"es_ES"}},"Offers":{"Summaries":[{"Condition":{"Value":"New"},"LowestPrice":{"Amount":28.49,"Currency":"EUR","DisplayAmount":"28,49 €"}}]}},{"ASIN":"B0BHT8LCCP","DetailPageURL":"https://www.amazon.es/dp/B0BHT8LCCP?tag=topinalambricos-21&linkCode=osi&th=1&psc=1","Images":{"Primary":{"Small":{"Height":75,"URL":"https://m.media-amazon.com/images/I/31vFEUUo0OL._SL75_.jpg","Width":75}}},"ItemInfo":{"ByLineInfo":{"Brand":{"DisplayValue":"LAAV","Label":"Brand","Locale":"es_ES"},"Manufacturer":{"DisplayValue":"CSG Sp. z o.o.","Label":"Manufacturer","Locale":"es_ES"}},"Title":{"DisplayValue":"LAAV Limpiador Cuero Leather Cleaner (250 ml) I Elimina la Suciedad y Las Manchas, no Seca I Limpiador Tapiceria Coche I Producto de Limpieza Ecológico para Todos los Productos de Piel","Label":"Title","Locale":"es_ES"}},"Offers":{"Summaries":[{"Condition":{"Value":"New"},"LowestPrice":{"Amount":6.9,"Currency":"EUR","DisplayAmount":"6,90 € (27,60 € / l)","PricePerUnit":27.6}}]}},{"ASIN":"B074KKZVMF","DetailPageURL":"https://www.amazon.es/dp/B074KKZVMF?tag=topinalambricos-21&linkCode=osi&th=1&psc=1","Images":{"Primary":{"Small":{"Height":75,"URL":"https://m.media-amazon.com/images/I/410nKkuP99L._SL75_.jpg","Width":75}}},"ItemInfo":{"ByLineInfo":{"Brand":{"DisplayValue":"Maddox Detail","Label":"Brand","Locale":"es_ES"},"Manufacturer":{"DisplayValue":"Maddox Automocion Sl","Label":"Manufacturer","Locale":"es_ES"}},"Title":{"DisplayValue":"Maddox Detail - Leather Conditioner 500ml | Hidratante y Tratamiento Cuero Coche | Limpiador Asientos de Cuero y Piel, Negro","Label":"Title","Locale":"es_ES"}},"Offers":{"Summaries":[{"Condition":{"Value":"New"},"LowestPrice":{"Amount":14.9,"Currency":"EUR","DisplayAmount":"14,90 € (29,80 € / l)","PricePerUnit":29.8}}]}},{"ASIN":"B0BPN5PWY3","DetailPageURL":"https://www.amazon.es/dp/B0BPN5PWY3?tag=topinalambricos-21&linkCode=osi&th=1&psc=1","Images":{"Primary":{"Small":{"Height":75,"URL":"https://m.media-amazon.com/images/I/511GOk2abCL._SL75_.jpg","Width":75}}},"ItemInfo":{"ByLineInfo":{"Brand":{"DisplayValue":"GxDetail","Label":"Brand","Locale":"es_ES"},"Manufacturer":{"DisplayValue":"GxDetail","Label":"Manufacturer","Locale":"es_ES"}},"Title":{"DisplayValue":"GxDetail Pack Cuidado Cuero - Kit Limpieza e Hidratación para Cuero Coche Gx Detail - Kit Con Accesorios y Limpiador de Asientos de Cuero - Limpia Asientos Tapicerias Piel y Cuero de Coche...","Label":"Title","Locale":"es_ES"}},"Offers":{"Summaries":[{"Condition":{"Value":"New"},"LowestPrice":{"Amount":34.95,"Currency":"EUR","DisplayAmount":"34,95 € (34,95 € / l)","PricePerUnit":34.95}}]}},{"ASIN":"B005EBNZTI","DetailPageURL":"https://www.amazon.es/dp/B005EBNZTI?tag=topinalambricos-21&linkCode=osi&th=1&psc=1","Images":{"Primary":{"Small":{"Height":75,"URL":"https://m.media-amazon.com/images/I/41MKOfJ00uL._SL75_.jpg","Width":75}}},"ItemInfo":{"ByLineInfo":{"Brand":{"DisplayValue":"Renapur","Label":"Brand","Locale":"es_ES"},"Manufacturer":{"DisplayValue":"Renapur Ltd","Label":"Manufacturer","Locale":"es_ES"}},"Title":{"DisplayValue":"Bálsamo de cuero, bálsamo natural, acondicionador y restaurador Renapur (200ml + esponja aplicadora)","Label":"Title","Locale":"es_ES"}},"Offers":{"Summaries":[{"Condition":{"Value":"New"},"LowestPrice":{"Amount":17.5,"Currency":"EUR","DisplayAmount":"17,50 €"}}]}},{"ASIN":"B01M0E5OC6","DetailPageURL":"https://www.amazon.es/dp/B01M0E5OC6?tag=topinalambricos-21&linkCode=osi&th=1&psc=1","Images":{"Primary":{"Small":{"Height":75,"URL":"https://m.media-amazon.com/images/I/31aqST56JDL._SL75_.jpg","Width":75}}},"ItemInfo":{"ByLineInfo":{"Brand":{"DisplayValue":"QM Cleaner","Label":"Brand","Locale":"es_ES"},"Manufacturer":{"DisplayValue":"QM Cleaner","Label":"Manufacturer","Locale":"es_ES"}},"Title":{"DisplayValue":"QM Cleaner LEATHER | Limpiador para cuero, piel y polipiel - Ideal para sillones, tapicerías de vehículos y complementos (Bolsos, chaquetas...) - 500ml","Label":"Title","Locale":"es_ES"}},"Offers":{"Summaries":[{"Condition":{"Value":"New"},"LowestPrice":{"Amount":15.99,"Currency":"EUR","DisplayAmount":"15,99 €"}}]}}],"SearchURL":"https://www.amazon.es/s?k=limpiar+cuero&rh=n%3A2424866031%2Cp_n_availability%3A-1&tag=topinalambricos-21&linkCode=osi","TotalResultCount":743}},"18":{"SearchResult":{"Items":[{"ASIN":"B07SL4WY1W","DetailPageURL":"https://www.amazon.es/dp/B07SL4WY1W?tag=topinalambricos-21&linkCode=osi&th=1&psc=1","Images":{"Primary":{"Small":{"Height":75,"URL":"https://m.media-amazon.com/images/I/4150jn7SysL._SL75_.jpg","Width":75}}},"ItemInfo":{"ByLineInfo":{"Brand":{"DisplayValue":"Maddox Detail","Label":"Brand","Locale":"es_ES"},"Manufacturer":{"DisplayValue":"Maddox Automoción SL","Label":"Manufacturer","Locale":"es_ES"}},"Title":{"DisplayValue":"Maddox Detail - Leather Detailer 500 ml | Limpiador y Acondicionador de Cuero | Limpieza Profunda para Coche y Sofá | Tratamiento de Piel | Elimina Suciedad y Manchas | Restaura Asientos","Label":"Title","Locale":"es_ES"}},"Offers":{"Summaries":[{"Condition":{"Value":"New"},"LowestPrice":{"Amount":12.9,"Currency":"EUR","DisplayAmount":"12,90 € (25,80 € / l)","PricePerUnit":25.8}}]}},{"ASIN":"B007DJ566O","DetailPageURL":"https://www.amazon.es/dp/B007DJ566O?tag=topinalambricos-21&linkCode=osi&th=1&psc=1","Images":{"Primary":{"Small":{"Height":75,"URL":"https://m.media-amazon.com/images/I/41Arv3FwqYL._SL75_.jpg","Width":75}}},"ItemInfo":{"ByLineInfo":{"Brand":{"DisplayValue":"DELARA","Label":"Brand","Locale":"es_ES"},"Manufacturer":{"DisplayValue":"DELARA","Label":"Manufacturer","Locale":"es_ES"}},"Title":{"DisplayValue":"DELARA Protector intensivo de cuero 100 ml, color: incoloro – Made in Germany","Label":"Title","Locale":"es_ES"}},"Offers":{"Summaries":[{"Condition":{"Value":"New"},"LowestPrice":{"Amount":10.99,"Currency":"EUR","DisplayAmount":"10,99 €"}}]}},{"ASIN":"B0BNZ6LN98","DetailPageURL":"https://www.amazon.es/dp/B0BNZ6LN98?tag=topinalambricos-21&linkCode=osi&th=1&psc=1","Images":{"Primary":{"Small":{"Height":75,"URL":"https://m.media-amazon.com/images/I/41FW8HzHpVL._SL75_.jpg","Width":75}}},"ItemInfo":{"ByLineInfo":{"Brand":{"DisplayValue":"GxDetail","Label":"Brand","Locale":"es_ES"},"Manufacturer":{"DisplayValue":"GxDetail","Label":"Manufacturer","Locale":"es_ES"}},"Title":{"DisplayValue":"GxDetail Limpiador de Cuero y Piel - Limpia, protege y ayuda a mantener las superficies nuevas - Limpiador de Asientos de coche de Cuero - Leather Cleaner (500 ml.)","Label":"Title","Locale":"es_ES"}},"Offers":{"Summaries":[{"Condition":{"Value":"New"},"LowestPrice":{"Amount":10.99,"Currency":"EUR","DisplayAmount":"10,99 € (21,98 € / l)","PricePerUnit":21.98}}]}},{"ASIN":"B07JWHH61W","DetailPageURL":"https://www.amazon.es/dp/B07JWHH61W?tag=topinalambricos-21&linkCode=osi&th=1&psc=1","Images":{"Primary":{"Small":{"Height":75,"URL":"https://m.media-amazon.com/images/I/51mbQkPkmeL._SL75_.jpg","Width":75}}},"ItemInfo":{"ByLineInfo":{"Brand":{"DisplayValue":"Maddox Detail","Label":"Brand","Locale":"es_ES"},"Manufacturer":{"DisplayValue":"Maddox Automoción","Label":"Manufacturer","Locale":"es_ES"}},"Title":{"DisplayValue":"Maddox Detail - Leather Care Kit 500ml | Limpiador y Acondicionador de Cuero y Piel | Incluye Microfibra | Kit Limpiador de Tapicería de Coche","Label":"Title","Locale":"es_ES"}},"Offers":{"Summaries":[{"Condition":{"Value":"New"},"LowestPrice":{"Amount":26.5,"Currency":"EUR","DisplayAmount":"26,50 € (26,50 € / l)","PricePerUnit":26.5}}]}},{"ASIN":"B07K9XPXF8","DetailPageURL":"https://www.amazon.es/dp/B07K9XPXF8?tag=topinalambricos-21&linkCode=osi&th=1&psc=1","Images":{"Primary":{"Small":{"Height":75,"URL":"https://m.media-amazon.com/images/I/41IdIjP7B3L._SL75_.jpg","Width":75}}},"ItemInfo":{"ByLineInfo":{"Brand":{"DisplayValue":"QM Cleaner","Label":"Brand","Locale":"es_ES"},"Manufacturer":{"DisplayValue":"QM Cleaner","Label":"Manufacturer","Locale":"es_ES"}},"Title":{"DisplayValue":"QM Cleaner Limpieza e hidratación Cuero. Cuidado y Limpieza de la tapicería del Coche, sillones Sofa de Cuero. Limpia e hidrata (Kit Leather)","Label":"Title","Locale":"es_ES"}},"Offers":{"Summaries":[{"Condition":{"Value":"New"},"LowestPrice":{"Amount":28.49,"Currency":"EUR","DisplayAmount":"28,49 €"}}]}},{"ASIN":"B0BHT8LCCP","DetailPageURL":"https://www.amazon.es/dp/B0BHT8LCCP?tag=topinalambricos-21&linkCode=osi&th=1&psc=1","Images":{"Primary":{"Small":{"Height":75,"URL":"https://m.media-amazon.com/images/I/31vFEUUo0OL._SL75_.jpg","Width":75}}},"ItemInfo":{"ByLineInfo":{"Brand":{"DisplayValue":"LAAV","Label":"Brand","Locale":"es_ES"},"Manufacturer":{"DisplayValue":"CSG Sp. z o.o.","Label":"Manufacturer","Locale":"es_ES"}},"Title":{"DisplayValue":"LAAV Limpiador Cuero Leather Cleaner (250 ml) I Elimina la Suciedad y Las Manchas, no Seca I Limpiador Tapiceria Coche I Producto de Limpieza Ecológico para Todos los Productos de Piel","Label":"Title","Locale":"es_ES"}},"Offers":{"Summaries":[{"Condition":{"Value":"New"},"LowestPrice":{"Amount":6.9,"Currency":"EUR","DisplayAmount":"6,90 € (27,60 € / l)","PricePerUnit":27.6}}]}},{"ASIN":"B074KKZVMF","DetailPageURL":"https://www.amazon.es/dp/B074KKZVMF?tag=topinalambricos-21&linkCode=osi&th=1&psc=1","Images":{"Primary":{"Small":{"Height":75,"URL":"https://m.media-amazon.com/images/I/410nKkuP99L._SL75_.jpg","Width":75}}},"ItemInfo":{"ByLineInfo":{"Brand":{"DisplayValue":"Maddox Detail","Label":"Brand","Locale":"es_ES"},"Manufacturer":{"DisplayValue":"Maddox Automocion Sl","Label":"Manufacturer","Locale":"es_ES"}},"Title":{"DisplayValue":"Maddox Detail - Leather Conditioner 500ml | Hidratante y Tratamiento Cuero Coche | Limpiador Asientos de Cuero y Piel, Negro","Label":"Title","Locale":"es_ES"}},"Offers":{"Summaries":[{"Condition":{"Value":"New"},"LowestPrice":{"Amount":14.9,"Currency":"EUR","DisplayAmount":"14,90 € (29,80 € / l)","PricePerUnit":29.8}}]}},{"ASIN":"B0BPN5PWY3","DetailPageURL":"https://www.amazon.es/dp/B0BPN5PWY3?tag=topinalambricos-21&linkCode=osi&th=1&psc=1","Images":{"Primary":{"Small":{"Height":75,"URL":"https://m.media-amazon.com/images/I/511GOk2abCL._SL75_.jpg","Width":75}}},"ItemInfo":{"ByLineInfo":{"Brand":{"DisplayValue":"GxDetail","Label":"Brand","Locale":"es_ES"},"Manufacturer":{"DisplayValue":"GxDetail","Label":"Manufacturer","Locale":"es_ES"}},"Title":{"DisplayValue":"GxDetail Pack Cuidado Cuero - Kit Limpieza e Hidratación para Cuero Coche Gx Detail - Kit Con Accesorios y Limpiador de Asientos de Cuero - Limpia Asientos Tapicerias Piel y Cuero de Coche...","Label":"Title","Locale":"es_ES"}},"Offers":{"Summaries":[{"Condition":{"Value":"New"},"LowestPrice":{"Amount":34.95,"Currency":"EUR","DisplayAmount":"34,95 € (34,95 € / l)","PricePerUnit":34.95}}]}},{"ASIN":"B005EBNZTI","DetailPageURL":"https://www.amazon.es/dp/B005EBNZTI?tag=topinalambricos-21&linkCode=osi&th=1&psc=1","Images":{"Primary":{"Small":{"Height":75,"URL":"https://m.media-amazon.com/images/I/41MKOfJ00uL._SL75_.jpg","Width":75}}},"ItemInfo":{"ByLineInfo":{"Brand":{"DisplayValue":"Renapur","Label":"Brand","Locale":"es_ES"},"Manufacturer":{"DisplayValue":"Renapur Ltd","Label":"Manufacturer","Locale":"es_ES"}},"Title":{"DisplayValue":"Bálsamo de cuero, bálsamo natural, acondicionador y restaurador Renapur (200ml + esponja aplicadora)","Label":"Title","Locale":"es_ES"}},"Offers":{"Summaries":[{"Condition":{"Value":"New"},"LowestPrice":{"Amount":17.5,"Currency":"EUR","DisplayAmount":"17,50 €"}}]}},{"ASIN":"B01M0E5OC6","DetailPageURL":"https://www.amazon.es/dp/B01M0E5OC6?tag=topinalambricos-21&linkCode=osi&th=1&psc=1","Images":{"Primary":{"Small":{"Height":75,"URL":"https://m.media-amazon.com/images/I/31aqST56JDL._SL75_.jpg","Width":75}}},"ItemInfo":{"ByLineInfo":{"Brand":{"DisplayValue":"QM Cleaner","Label":"Brand","Locale":"es_ES"},"Manufacturer":{"DisplayValue":"QM Cleaner","Label":"Manufacturer","Locale":"es_ES"}},"Title":{"DisplayValue":"QM Cleaner LEATHER | Limpiador para cuero, piel y polipiel - Ideal para sillones, tapicerías de vehículos y complementos (Bolsos, chaquetas...) - 500ml","Label":"Title","Locale":"es_ES"}},"Offers":{"Summaries":[{"Condition":{"Value":"New"},"LowestPrice":{"Amount":15.99,"Currency":"EUR","DisplayAmount":"15,99 €"}}]}}],"SearchURL":"https://www.amazon.es/s?k=limpiar+cuero&rh=n%3A2424866031%2Cp_n_availability%3A-1&tag=topinalambricos-21&linkCode=osi","TotalResultCount":743}},"19":{"SearchResult":{"Items":[{"ASIN":"B07SL4WY1W","DetailPageURL":"https://www.amazon.es/dp/B07SL4WY1W?tag=topinalambricos-21&linkCode=osi&th=1&psc=1","Images":{"Primary":{"Small":{"Height":75,"URL":"https://m.media-amazon.com/images/I/4150jn7SysL._SL75_.jpg","Width":75}}},"ItemInfo":{"ByLineInfo":{"Brand":{"DisplayValue":"Maddox Detail","Label":"Brand","Locale":"es_ES"},"Manufacturer":{"DisplayValue":"Maddox Automoción SL","Label":"Manufacturer","Locale":"es_ES"}},"Title":{"DisplayValue":"Maddox Detail - Leather Detailer 500 ml | Limpiador y Acondicionador de Cuero | Limpieza Profunda para Coche y Sofá | Tratamiento de Piel | Elimina Suciedad y Manchas | Restaura Asientos","Label":"Title","Locale":"es_ES"}},"Offers":{"Summaries":[{"Condition":{"Value":"New"},"LowestPrice":{"Amount":12.9,"Currency":"EUR","DisplayAmount":"12,90 € (25,80 € / l)","PricePerUnit":25.8}}]}},{"ASIN":"B007DJ566O","DetailPageURL":"https://www.amazon.es/dp/B007DJ566O?tag=topinalambricos-21&linkCode=osi&th=1&psc=1","Images":{"Primary":{"Small":{"Height":75,"URL":"https://m.media-amazon.com/images/I/41Arv3FwqYL._SL75_.jpg","Width":75}}},"ItemInfo":{"ByLineInfo":{"Brand":{"DisplayValue":"DELARA","Label":"Brand","Locale":"es_ES"},"Manufacturer":{"DisplayValue":"DELARA","Label":"Manufacturer","Locale":"es_ES"}},"Title":{"DisplayValue":"DELARA Protector intensivo de cuero 100 ml, color: incoloro – Made in Germany","Label":"Title","Locale":"es_ES"}},"Offers":{"Summaries":[{"Condition":{"Value":"New"},"LowestPrice":{"Amount":10.99,"Currency":"EUR","DisplayAmount":"10,99 €"}}]}},{"ASIN":"B0BNZ6LN98","DetailPageURL":"https://www.amazon.es/dp/B0BNZ6LN98?tag=topinalambricos-21&linkCode=osi&th=1&psc=1","Images":{"Primary":{"Small":{"Height":75,"URL":"https://m.media-amazon.com/images/I/41FW8HzHpVL._SL75_.jpg","Width":75}}},"ItemInfo":{"ByLineInfo":{"Brand":{"DisplayValue":"GxDetail","Label":"Brand","Locale":"es_ES"},"Manufacturer":{"DisplayValue":"GxDetail","Label":"Manufacturer","Locale":"es_ES"}},"Title":{"DisplayValue":"GxDetail Limpiador de Cuero y Piel - Limpia, protege y ayuda a mantener las superficies nuevas - Limpiador de Asientos de coche de Cuero - Leather Cleaner (500 ml.)","Label":"Title","Locale":"es_ES"}},"Offers":{"Summaries":[{"Condition":{"Value":"New"},"LowestPrice":{"Amount":10.99,"Currency":"EUR","DisplayAmount":"10,99 € (21,98 € / l)","PricePerUnit":21.98}}]}},{"ASIN":"B07JWHH61W","DetailPageURL":"https://www.amazon.es/dp/B07JWHH61W?tag=topinalambricos-21&linkCode=osi&th=1&psc=1","Images":{"Primary":{"Small":{"Height":75,"URL":"https://m.media-amazon.com/images/I/51mbQkPkmeL._SL75_.jpg","Width":75}}},"ItemInfo":{"ByLineInfo":{"Brand":{"DisplayValue":"Maddox Detail","Label":"Brand","Locale":"es_ES"},"Manufacturer":{"DisplayValue":"Maddox Automoción","Label":"Manufacturer","Locale":"es_ES"}},"Title":{"DisplayValue":"Maddox Detail - Leather Care Kit 500ml | Limpiador y Acondicionador de Cuero y Piel | Incluye Microfibra | Kit Limpiador de Tapicería de Coche","Label":"Title","Locale":"es_ES"}},"Offers":{"Summaries":[{"Condition":{"Value":"New"},"LowestPrice":{"Amount":26.5,"Currency":"EUR","DisplayAmount":"26,50 € (26,50 € / l)","PricePerUnit":26.5}}]}},{"ASIN":"B07K9XPXF8","DetailPageURL":"https://www.amazon.es/dp/B07K9XPXF8?tag=topinalambricos-21&linkCode=osi&th=1&psc=1","Images":{"Primary":{"Small":{"Height":75,"URL":"https://m.media-amazon.com/images/I/41IdIjP7B3L._SL75_.jpg","Width":75}}},"ItemInfo":{"ByLineInfo":{"Brand":{"DisplayValue":"QM Cleaner","Label":"Brand","Locale":"es_ES"},"Manufacturer":{"DisplayValue":"QM Cleaner","Label":"Manufacturer","Locale":"es_ES"}},"Title":{"DisplayValue":"QM Cleaner Limpieza e hidratación Cuero. Cuidado y Limpieza de la tapicería del Coche, sillones Sofa de Cuero. Limpia e hidrata (Kit Leather)","Label":"Title","Locale":"es_ES"}},"Offers":{"Summaries":[{"Condition":{"Value":"New"},"LowestPrice":{"Amount":28.49,"Currency":"EUR","DisplayAmount":"28,49 €"}}]}},{"ASIN":"B0BHT8LCCP","DetailPageURL":"https://www.amazon.es/dp/B0BHT8LCCP?tag=topinalambricos-21&linkCode=osi&th=1&psc=1","Images":{"Primary":{"Small":{"Height":75,"URL":"https://m.media-amazon.com/images/I/31vFEUUo0OL._SL75_.jpg","Width":75}}},"ItemInfo":{"ByLineInfo":{"Brand":{"DisplayValue":"LAAV","Label":"Brand","Locale":"es_ES"},"Manufacturer":{"DisplayValue":"CSG Sp. z o.o.","Label":"Manufacturer","Locale":"es_ES"}},"Title":{"DisplayValue":"LAAV Limpiador Cuero Leather Cleaner (250 ml) I Elimina la Suciedad y Las Manchas, no Seca I Limpiador Tapiceria Coche I Producto de Limpieza Ecológico para Todos los Productos de Piel","Label":"Title","Locale":"es_ES"}},"Offers":{"Summaries":[{"Condition":{"Value":"New"},"LowestPrice":{"Amount":6.9,"Currency":"EUR","DisplayAmount":"6,90 € (27,60 € / l)","PricePerUnit":27.6}}]}},{"ASIN":"B074KKZVMF","DetailPageURL":"https://www.amazon.es/dp/B074KKZVMF?tag=topinalambricos-21&linkCode=osi&th=1&psc=1","Images":{"Primary":{"Small":{"Height":75,"URL":"https://m.media-amazon.com/images/I/410nKkuP99L._SL75_.jpg","Width":75}}},"ItemInfo":{"ByLineInfo":{"Brand":{"DisplayValue":"Maddox Detail","Label":"Brand","Locale":"es_ES"},"Manufacturer":{"DisplayValue":"Maddox Automocion Sl","Label":"Manufacturer","Locale":"es_ES"}},"Title":{"DisplayValue":"Maddox Detail - Leather Conditioner 500ml | Hidratante y Tratamiento Cuero Coche | Limpiador Asientos de Cuero y Piel, Negro","Label":"Title","Locale":"es_ES"}},"Offers":{"Summaries":[{"Condition":{"Value":"New"},"LowestPrice":{"Amount":14.9,"Currency":"EUR","DisplayAmount":"14,90 € (29,80 € / l)","PricePerUnit":29.8}}]}},{"ASIN":"B0BPN5PWY3","DetailPageURL":"https://www.amazon.es/dp/B0BPN5PWY3?tag=topinalambricos-21&linkCode=osi&th=1&psc=1","Images":{"Primary":{"Small":{"Height":75,"URL":"https://m.media-amazon.com/images/I/511GOk2abCL._SL75_.jpg","Width":75}}},"ItemInfo":{"ByLineInfo":{"Brand":{"DisplayValue":"GxDetail","Label":"Brand","Locale":"es_ES"},"Manufacturer":{"DisplayValue":"GxDetail","Label":"Manufacturer","Locale":"es_ES"}},"Title":{"DisplayValue":"GxDetail Pack Cuidado Cuero - Kit Limpieza e Hidratación para Cuero Coche Gx Detail - Kit Con Accesorios y Limpiador de Asientos de Cuero - Limpia Asientos Tapicerias Piel y Cuero de Coche...","Label":"Title","Locale":"es_ES"}},"Offers":{"Summaries":[{"Condition":{"Value":"New"},"LowestPrice":{"Amount":34.95,"Currency":"EUR","DisplayAmount":"34,95 € (34,95 € / l)","PricePerUnit":34.95}}]}},{"ASIN":"B005EBNZTI","DetailPageURL":"https://www.amazon.es/dp/B005EBNZTI?tag=topinalambricos-21&linkCode=osi&th=1&psc=1","Images":{"Primary":{"Small":{"Height":75,"URL":"https://m.media-amazon.com/images/I/41MKOfJ00uL._SL75_.jpg","Width":75}}},"ItemInfo":{"ByLineInfo":{"Brand":{"DisplayValue":"Renapur","Label":"Brand","Locale":"es_ES"},"Manufacturer":{"DisplayValue":"Renapur Ltd","Label":"Manufacturer","Locale":"es_ES"}},"Title":{"DisplayValue":"Bálsamo de cuero, bálsamo natural, acondicionador y restaurador Renapur (200ml + esponja aplicadora)","Label":"Title","Locale":"es_ES"}},"Offers":{"Summaries":[{"Condition":{"Value":"New"},"LowestPrice":{"Amount":17.5,"Currency":"EUR","DisplayAmount":"17,50 €"}}]}},{"ASIN":"B01M0E5OC6","DetailPageURL":"https://www.amazon.es/dp/B01M0E5OC6?tag=topinalambricos-21&linkCode=osi&th=1&psc=1","Images":{"Primary":{"Small":{"Height":75,"URL":"https://m.media-amazon.com/images/I/31aqST56JDL._SL75_.jpg","Width":75}}},"ItemInfo":{"ByLineInfo":{"Brand":{"DisplayValue":"QM Cleaner","Label":"Brand","Locale":"es_ES"},"Manufacturer":{"DisplayValue":"QM Cleaner","Label":"Manufacturer","Locale":"es_ES"}},"Title":{"DisplayValue":"QM Cleaner LEATHER | Limpiador para cuero, piel y polipiel - Ideal para sillones, tapicerías de vehículos y complementos (Bolsos, chaquetas...) - 500ml","Label":"Title","Locale":"es_ES"}},"Offers":{"Summaries":[{"Condition":{"Value":"New"},"LowestPrice":{"Amount":15.99,"Currency":"EUR","DisplayAmount":"15,99 €"}}]}}],"SearchURL":"https://www.amazon.es/s?k=limpiar+cuero&rh=n%3A2424866031%2Cp_n_availability%3A-1&tag=topinalambricos-21&linkCode=osi","TotalResultCount":743}},"20":{"SearchResult":{"Items":[{"ASIN":"B07SL4WY1W","DetailPageURL":"https://www.amazon.es/dp/B07SL4WY1W?tag=topinalambricos-21&linkCode=osi&th=1&psc=1","Images":{"Primary":{"Small":{"Height":75,"URL":"https://m.media-amazon.com/images/I/4150jn7SysL._SL75_.jpg","Width":75}}},"ItemInfo":{"ByLineInfo":{"Brand":{"DisplayValue":"Maddox Detail","Label":"Brand","Locale":"es_ES"},"Manufacturer":{"DisplayValue":"Maddox Automoción SL","Label":"Manufacturer","Locale":"es_ES"}},"Title":{"DisplayValue":"Maddox Detail - Leather Detailer 500 ml | Limpiador y Acondicionador de Cuero | Limpieza Profunda para Coche y Sofá | Tratamiento de Piel | Elimina Suciedad y Manchas | Restaura Asientos","Label":"Title","Locale":"es_ES"}},"Offers":{"Summaries":[{"Condition":{"Value":"New"},"LowestPrice":{"Amount":12.9,"Currency":"EUR","DisplayAmount":"12,90 € (25,80 € / l)","PricePerUnit":25.8}}]}},{"ASIN":"B007DJ566O","DetailPageURL":"https://www.amazon.es/dp/B007DJ566O?tag=topinalambricos-21&linkCode=osi&th=1&psc=1","Images":{"Primary":{"Small":{"Height":75,"URL":"https://m.media-amazon.com/images/I/41Arv3FwqYL._SL75_.jpg","Width":75}}},"ItemInfo":{"ByLineInfo":{"Brand":{"DisplayValue":"DELARA","Label":"Brand","Locale":"es_ES"},"Manufacturer":{"DisplayValue":"DELARA","Label":"Manufacturer","Locale":"es_ES"}},"Title":{"DisplayValue":"DELARA Protector intensivo de cuero 100 ml, color: incoloro – Made in Germany","Label":"Title","Locale":"es_ES"}},"Offers":{"Summaries":[{"Condition":{"Value":"New"},"LowestPrice":{"Amount":10.99,"Currency":"EUR","DisplayAmount":"10,99 €"}}]}},{"ASIN":"B0BNZ6LN98","DetailPageURL":"https://www.amazon.es/dp/B0BNZ6LN98?tag=topinalambricos-21&linkCode=osi&th=1&psc=1","Images":{"Primary":{"Small":{"Height":75,"URL":"https://m.media-amazon.com/images/I/41FW8HzHpVL._SL75_.jpg","Width":75}}},"ItemInfo":{"ByLineInfo":{"Brand":{"DisplayValue":"GxDetail","Label":"Brand","Locale":"es_ES"},"Manufacturer":{"DisplayValue":"GxDetail","Label":"Manufacturer","Locale":"es_ES"}},"Title":{"DisplayValue":"GxDetail Limpiador de Cuero y Piel - Limpia, protege y ayuda a mantener las superficies nuevas - Limpiador de Asientos de coche de Cuero - Leather Cleaner (500 ml.)","Label":"Title","Locale":"es_ES"}},"Offers":{"Summaries":[{"Condition":{"Value":"New"},"LowestPrice":{"Amount":10.99,"Currency":"EUR","DisplayAmount":"10,99 € (21,98 € / l)","PricePerUnit":21.98}}]}},{"ASIN":"B07JWHH61W","DetailPageURL":"https://www.amazon.es/dp/B07JWHH61W?tag=topinalambricos-21&linkCode=osi&th=1&psc=1","Images":{"Primary":{"Small":{"Height":75,"URL":"https://m.media-amazon.com/images/I/51mbQkPkmeL._SL75_.jpg","Width":75}}},"ItemInfo":{"ByLineInfo":{"Brand":{"DisplayValue":"Maddox Detail","Label":"Brand","Locale":"es_ES"},"Manufacturer":{"DisplayValue":"Maddox Automoción","Label":"Manufacturer","Locale":"es_ES"}},"Title":{"DisplayValue":"Maddox Detail - Leather Care Kit 500ml | Limpiador y Acondicionador de Cuero y Piel | Incluye Microfibra | Kit Limpiador de Tapicería de Coche","Label":"Title","Locale":"es_ES"}},"Offers":{"Summaries":[{"Condition":{"Value":"New"},"LowestPrice":{"Amount":26.5,"Currency":"EUR","DisplayAmount":"26,50 € (26,50 € / l)","PricePerUnit":26.5}}]}},{"ASIN":"B07K9XPXF8","DetailPageURL":"https://www.amazon.es/dp/B07K9XPXF8?tag=topinalambricos-21&linkCode=osi&th=1&psc=1","Images":{"Primary":{"Small":{"Height":75,"URL":"https://m.media-amazon.com/images/I/41IdIjP7B3L._SL75_.jpg","Width":75}}},"ItemInfo":{"ByLineInfo":{"Brand":{"DisplayValue":"QM Cleaner","Label":"Brand","Locale":"es_ES"},"Manufacturer":{"DisplayValue":"QM Cleaner","Label":"Manufacturer","Locale":"es_ES"}},"Title":{"DisplayValue":"QM Cleaner Limpieza e hidratación Cuero. Cuidado y Limpieza de la tapicería del Coche, sillones Sofa de Cuero. Limpia e hidrata (Kit Leather)","Label":"Title","Locale":"es_ES"}},"Offers":{"Summaries":[{"Condition":{"Value":"New"},"LowestPrice":{"Amount":28.49,"Currency":"EUR","DisplayAmount":"28,49 €"}}]}},{"ASIN":"B0BHT8LCCP","DetailPageURL":"https://www.amazon.es/dp/B0BHT8LCCP?tag=topinalambricos-21&linkCode=osi&th=1&psc=1","Images":{"Primary":{"Small":{"Height":75,"URL":"https://m.media-amazon.com/images/I/31vFEUUo0OL._SL75_.jpg","Width":75}}},"ItemInfo":{"ByLineInfo":{"Brand":{"DisplayValue":"LAAV","Label":"Brand","Locale":"es_ES"},"Manufacturer":{"DisplayValue":"CSG Sp. z o.o.","Label":"Manufacturer","Locale":"es_ES"}},"Title":{"DisplayValue":"LAAV Limpiador Cuero Leather Cleaner (250 ml) I Elimina la Suciedad y Las Manchas, no Seca I Limpiador Tapiceria Coche I Producto de Limpieza Ecológico para Todos los Productos de Piel","Label":"Title","Locale":"es_ES"}},"Offers":{"Summaries":[{"Condition":{"Value":"New"},"LowestPrice":{"Amount":6.9,"Currency":"EUR","DisplayAmount":"6,90 € (27,60 € / l)","PricePerUnit":27.6}}]}},{"ASIN":"B074KKZVMF","DetailPageURL":"https://www.amazon.es/dp/B074KKZVMF?tag=topinalambricos-21&linkCode=osi&th=1&psc=1","Images":{"Primary":{"Small":{"Height":75,"URL":"https://m.media-amazon.com/images/I/410nKkuP99L._SL75_.jpg","Width":75}}},"ItemInfo":{"ByLineInfo":{"Brand":{"DisplayValue":"Maddox Detail","Label":"Brand","Locale":"es_ES"},"Manufacturer":{"DisplayValue":"Maddox Automocion Sl","Label":"Manufacturer","Locale":"es_ES"}},"Title":{"DisplayValue":"Maddox Detail - Leather Conditioner 500ml | Hidratante y Tratamiento Cuero Coche | Limpiador Asientos de Cuero y Piel, Negro","Label":"Title","Locale":"es_ES"}},"Offers":{"Summaries":[{"Condition":{"Value":"New"},"LowestPrice":{"Amount":14.9,"Currency":"EUR","DisplayAmount":"14,90 € (29,80 € / l)","PricePerUnit":29.8}}]}},{"ASIN":"B0BPN5PWY3","DetailPageURL":"https://www.amazon.es/dp/B0BPN5PWY3?tag=topinalambricos-21&linkCode=osi&th=1&psc=1","Images":{"Primary":{"Small":{"Height":75,"URL":"https://m.media-amazon.com/images/I/511GOk2abCL._SL75_.jpg","Width":75}}},"ItemInfo":{"ByLineInfo":{"Brand":{"DisplayValue":"GxDetail","Label":"Brand","Locale":"es_ES"},"Manufacturer":{"DisplayValue":"GxDetail","Label":"Manufacturer","Locale":"es_ES"}},"Title":{"DisplayValue":"GxDetail Pack Cuidado Cuero - Kit Limpieza e Hidratación para Cuero Coche Gx Detail - Kit Con Accesorios y Limpiador de Asientos de Cuero - Limpia Asientos Tapicerias Piel y Cuero de Coche...","Label":"Title","Locale":"es_ES"}},"Offers":{"Summaries":[{"Condition":{"Value":"New"},"LowestPrice":{"Amount":34.95,"Currency":"EUR","DisplayAmount":"34,95 € (34,95 € / l)","PricePerUnit":34.95}}]}},{"ASIN":"B005EBNZTI","DetailPageURL":"https://www.amazon.es/dp/B005EBNZTI?tag=topinalambricos-21&linkCode=osi&th=1&psc=1","Images":{"Primary":{"Small":{"Height":75,"URL":"https://m.media-amazon.com/images/I/41MKOfJ00uL._SL75_.jpg","Width":75}}},"ItemInfo":{"ByLineInfo":{"Brand":{"DisplayValue":"Renapur","Label":"Brand","Locale":"es_ES"},"Manufacturer":{"DisplayValue":"Renapur Ltd","Label":"Manufacturer","Locale":"es_ES"}},"Title":{"DisplayValue":"Bálsamo de cuero, bálsamo natural, acondicionador y restaurador Renapur (200ml + esponja aplicadora)","Label":"Title","Locale":"es_ES"}},"Offers":{"Summaries":[{"Condition":{"Value":"New"},"LowestPrice":{"Amount":17.5,"Currency":"EUR","DisplayAmount":"17,50 €"}}]}},{"ASIN":"B01M0E5OC6","DetailPageURL":"https://www.amazon.es/dp/B01M0E5OC6?tag=topinalambricos-21&linkCode=osi&th=1&psc=1","Images":{"Primary":{"Small":{"Height":75,"URL":"https://m.media-amazon.com/images/I/31aqST56JDL._SL75_.jpg","Width":75}}},"ItemInfo":{"ByLineInfo":{"Brand":{"DisplayValue":"QM Cleaner","Label":"Brand","Locale":"es_ES"},"Manufacturer":{"DisplayValue":"QM Cleaner","Label":"Manufacturer","Locale":"es_ES"}},"Title":{"DisplayValue":"QM Cleaner LEATHER | Limpiador para cuero, piel y polipiel - Ideal para sillones, tapicerías de vehículos y complementos (Bolsos, chaquetas...) - 500ml","Label":"Title","Locale":"es_ES"}},"Offers":{"Summaries":[{"Condition":{"Value":"New"},"LowestPrice":{"Amount":15.99,"Currency":"EUR","DisplayAmount":"15,99 €"}}]}}],"SearchURL":"https://www.amazon.es/s?k=limpiar+cuero&rh=n%3A2424866031%2Cp_n_availability%3A-1&tag=topinalambricos-21&linkCode=osi","TotalResultCount":743}},"21":{"SearchResult":{"Items":[{"ASIN":"B07SL4WY1W","DetailPageURL":"https://www.amazon.es/dp/B07SL4WY1W?tag=topinalambricos-21&linkCode=osi&th=1&psc=1","Images":{"Primary":{"Small":{"Height":75,"URL":"https://m.media-amazon.com/images/I/4150jn7SysL._SL75_.jpg","Width":75}}},"ItemInfo":{"ByLineInfo":{"Brand":{"DisplayValue":"Maddox Detail","Label":"Brand","Locale":"es_ES"},"Manufacturer":{"DisplayValue":"Maddox Automoción SL","Label":"Manufacturer","Locale":"es_ES"}},"Title":{"DisplayValue":"Maddox Detail - Leather Detailer 500 ml | Limpiador y Acondicionador de Cuero | Limpieza Profunda para Coche y Sofá | Tratamiento de Piel | Elimina Suciedad y Manchas | Restaura Asientos","Label":"Title","Locale":"es_ES"}},"Offers":{"Summaries":[{"Condition":{"Value":"New"},"LowestPrice":{"Amount":12.9,"Currency":"EUR","DisplayAmount":"12,90 € (25,80 € / l)","PricePerUnit":25.8}}]}},{"ASIN":"B007DJ566O","DetailPageURL":"https://www.amazon.es/dp/B007DJ566O?tag=topinalambricos-21&linkCode=osi&th=1&psc=1","Images":{"Primary":{"Small":{"Height":75,"URL":"https://m.media-amazon.com/images/I/41Arv3FwqYL._SL75_.jpg","Width":75}}},"ItemInfo":{"ByLineInfo":{"Brand":{"DisplayValue":"DELARA","Label":"Brand","Locale":"es_ES"},"Manufacturer":{"DisplayValue":"DELARA","Label":"Manufacturer","Locale":"es_ES"}},"Title":{"DisplayValue":"DELARA Protector intensivo de cuero 100 ml, color: incoloro – Made in Germany","Label":"Title","Locale":"es_ES"}},"Offers":{"Summaries":[{"Condition":{"Value":"New"},"LowestPrice":{"Amount":10.99,"Currency":"EUR","DisplayAmount":"10,99 €"}}]}},{"ASIN":"B0BNZ6LN98","DetailPageURL":"https://www.amazon.es/dp/B0BNZ6LN98?tag=topinalambricos-21&linkCode=osi&th=1&psc=1","Images":{"Primary":{"Small":{"Height":75,"URL":"https://m.media-amazon.com/images/I/41FW8HzHpVL._SL75_.jpg","Width":75}}},"ItemInfo":{"ByLineInfo":{"Brand":{"DisplayValue":"GxDetail","Label":"Brand","Locale":"es_ES"},"Manufacturer":{"DisplayValue":"GxDetail","Label":"Manufacturer","Locale":"es_ES"}},"Title":{"DisplayValue":"GxDetail Limpiador de Cuero y Piel - Limpia, protege y ayuda a mantener las superficies nuevas - Limpiador de Asientos de coche de Cuero - Leather Cleaner (500 ml.)","Label":"Title","Locale":"es_ES"}},"Offers":{"Summaries":[{"Condition":{"Value":"New"},"LowestPrice":{"Amount":10.99,"Currency":"EUR","DisplayAmount":"10,99 € (21,98 € / l)","PricePerUnit":21.98}}]}},{"ASIN":"B07JWHH61W","DetailPageURL":"https://www.amazon.es/dp/B07JWHH61W?tag=topinalambricos-21&linkCode=osi&th=1&psc=1","Images":{"Primary":{"Small":{"Height":75,"URL":"https://m.media-amazon.com/images/I/51mbQkPkmeL._SL75_.jpg","Width":75}}},"ItemInfo":{"ByLineInfo":{"Brand":{"DisplayValue":"Maddox Detail","Label":"Brand","Locale":"es_ES"},"Manufacturer":{"DisplayValue":"Maddox Automoción","Label":"Manufacturer","Locale":"es_ES"}},"Title":{"DisplayValue":"Maddox Detail - Leather Care Kit 500ml | Limpiador y Acondicionador de Cuero y Piel | Incluye Microfibra | Kit Limpiador de Tapicería de Coche","Label":"Title","Locale":"es_ES"}},"Offers":{"Summaries":[{"Condition":{"Value":"New"},"LowestPrice":{"Amount":26.5,"Currency":"EUR","DisplayAmount":"26,50 € (26,50 € / l)","PricePerUnit":26.5}}]}},{"ASIN":"B07K9XPXF8","DetailPageURL":"https://www.amazon.es/dp/B07K9XPXF8?tag=topinalambricos-21&linkCode=osi&th=1&psc=1","Images":{"Primary":{"Small":{"Height":75,"URL":"https://m.media-amazon.com/images/I/41IdIjP7B3L._SL75_.jpg","Width":75}}},"ItemInfo":{"ByLineInfo":{"Brand":{"DisplayValue":"QM Cleaner","Label":"Brand","Locale":"es_ES"},"Manufacturer":{"DisplayValue":"QM Cleaner","Label":"Manufacturer","Locale":"es_ES"}},"Title":{"DisplayValue":"QM Cleaner Limpieza e hidratación Cuero. Cuidado y Limpieza de la tapicería del Coche, sillones Sofa de Cuero. Limpia e hidrata (Kit Leather)","Label":"Title","Locale":"es_ES"}},"Offers":{"Summaries":[{"Condition":{"Value":"New"},"LowestPrice":{"Amount":28.49,"Currency":"EUR","DisplayAmount":"28,49 €"}}]}},{"ASIN":"B0BHT8LCCP","DetailPageURL":"https://www.amazon.es/dp/B0BHT8LCCP?tag=topinalambricos-21&linkCode=osi&th=1&psc=1","Images":{"Primary":{"Small":{"Height":75,"URL":"https://m.media-amazon.com/images/I/31vFEUUo0OL._SL75_.jpg","Width":75}}},"ItemInfo":{"ByLineInfo":{"Brand":{"DisplayValue":"LAAV","Label":"Brand","Locale":"es_ES"},"Manufacturer":{"DisplayValue":"CSG Sp. z o.o.","Label":"Manufacturer","Locale":"es_ES"}},"Title":{"DisplayValue":"LAAV Limpiador Cuero Leather Cleaner (250 ml) I Elimina la Suciedad y Las Manchas, no Seca I Limpiador Tapiceria Coche I Producto de Limpieza Ecológico para Todos los Productos de Piel","Label":"Title","Locale":"es_ES"}},"Offers":{"Summaries":[{"Condition":{"Value":"New"},"LowestPrice":{"Amount":6.9,"Currency":"EUR","DisplayAmount":"6,90 € (27,60 € / l)","PricePerUnit":27.6}}]}},{"ASIN":"B074KKZVMF","DetailPageURL":"https://www.amazon.es/dp/B074KKZVMF?tag=topinalambricos-21&linkCode=osi&th=1&psc=1","Images":{"Primary":{"Small":{"Height":75,"URL":"https://m.media-amazon.com/images/I/410nKkuP99L._SL75_.jpg","Width":75}}},"ItemInfo":{"ByLineInfo":{"Brand":{"DisplayValue":"Maddox Detail","Label":"Brand","Locale":"es_ES"},"Manufacturer":{"DisplayValue":"Maddox Automocion Sl","Label":"Manufacturer","Locale":"es_ES"}},"Title":{"DisplayValue":"Maddox Detail - Leather Conditioner 500ml | Hidratante y Tratamiento Cuero Coche | Limpiador Asientos de Cuero y Piel, Negro","Label":"Title","Locale":"es_ES"}},"Offers":{"Summaries":[{"Condition":{"Value":"New"},"LowestPrice":{"Amount":14.9,"Currency":"EUR","DisplayAmount":"14,90 € (29,80 € / l)","PricePerUnit":29.8}}]}},{"ASIN":"B0BPN5PWY3","DetailPageURL":"https://www.amazon.es/dp/B0BPN5PWY3?tag=topinalambricos-21&linkCode=osi&th=1&psc=1","Images":{"Primary":{"Small":{"Height":75,"URL":"https://m.media-amazon.com/images/I/511GOk2abCL._SL75_.jpg","Width":75}}},"ItemInfo":{"ByLineInfo":{"Brand":{"DisplayValue":"GxDetail","Label":"Brand","Locale":"es_ES"},"Manufacturer":{"DisplayValue":"GxDetail","Label":"Manufacturer","Locale":"es_ES"}},"Title":{"DisplayValue":"GxDetail Pack Cuidado Cuero - Kit Limpieza e Hidratación para Cuero Coche Gx Detail - Kit Con Accesorios y Limpiador de Asientos de Cuero - Limpia Asientos Tapicerias Piel y Cuero de Coche...","Label":"Title","Locale":"es_ES"}},"Offers":{"Summaries":[{"Condition":{"Value":"New"},"LowestPrice":{"Amount":34.95,"Currency":"EUR","DisplayAmount":"34,95 € (34,95 € / l)","PricePerUnit":34.95}}]}},{"ASIN":"B005EBNZTI","DetailPageURL":"https://www.amazon.es/dp/B005EBNZTI?tag=topinalambricos-21&linkCode=osi&th=1&psc=1","Images":{"Primary":{"Small":{"Height":75,"URL":"https://m.media-amazon.com/images/I/41MKOfJ00uL._SL75_.jpg","Width":75}}},"ItemInfo":{"ByLineInfo":{"Brand":{"DisplayValue":"Renapur","Label":"Brand","Locale":"es_ES"},"Manufacturer":{"DisplayValue":"Renapur Ltd","Label":"Manufacturer","Locale":"es_ES"}},"Title":{"DisplayValue":"Bálsamo de cuero, bálsamo natural, acondicionador y restaurador Renapur (200ml + esponja aplicadora)","Label":"Title","Locale":"es_ES"}},"Offers":{"Summaries":[{"Condition":{"Value":"New"},"LowestPrice":{"Amount":17.5,"Currency":"EUR","DisplayAmount":"17,50 €"}}]}},{"ASIN":"B01M0E5OC6","DetailPageURL":"https://www.amazon.es/dp/B01M0E5OC6?tag=topinalambricos-21&linkCode=osi&th=1&psc=1","Images":{"Primary":{"Small":{"Height":75,"URL":"https://m.media-amazon.com/images/I/31aqST56JDL._SL75_.jpg","Width":75}}},"ItemInfo":{"ByLineInfo":{"Brand":{"DisplayValue":"QM Cleaner","Label":"Brand","Locale":"es_ES"},"Manufacturer":{"DisplayValue":"QM Cleaner","Label":"Manufacturer","Locale":"es_ES"}},"Title":{"DisplayValue":"QM Cleaner LEATHER | Limpiador para cuero, piel y polipiel - Ideal para sillones, tapicerías de vehículos y complementos (Bolsos, chaquetas...) - 500ml","Label":"Title","Locale":"es_ES"}},"Offers":{"Summaries":[{"Condition":{"Value":"New"},"LowestPrice":{"Amount":15.99,"Currency":"EUR","DisplayAmount":"15,99 €"}}]}}],"SearchURL":"https://www.amazon.es/s?k=limpiar+cuero&rh=n%3A2424866031%2Cp_n_availability%3A-1&tag=topinalambricos-21&linkCode=osi","TotalResultCount":743}},"23":{"SearchResult":{"Items":[{"ASIN":"B07SL4WY1W","DetailPageURL":"https://www.amazon.es/dp/B07SL4WY1W?tag=topinalambricos-21&linkCode=osi&th=1&psc=1","Images":{"Primary":{"Small":{"Height":75,"URL":"https://m.media-amazon.com/images/I/4150jn7SysL._SL75_.jpg","Width":75}}},"ItemInfo":{"ByLineInfo":{"Brand":{"DisplayValue":"Maddox Detail","Label":"Brand","Locale":"es_ES"},"Manufacturer":{"DisplayValue":"Maddox Automoción SL","Label":"Manufacturer","Locale":"es_ES"}},"Title":{"DisplayValue":"Maddox Detail - Leather Detailer 500 ml | Limpiador y Acondicionador de Cuero | Limpieza Profunda para Coche y Sofá | Tratamiento de Piel | Elimina Suciedad y Manchas | Restaura Asientos","Label":"Title","Locale":"es_ES"}},"Offers":{"Summaries":[{"Condition":{"Value":"New"},"LowestPrice":{"Amount":12.9,"Currency":"EUR","DisplayAmount":"12,90 € (25,80 € / l)","PricePerUnit":25.8}}]}},{"ASIN":"B007DJ566O","DetailPageURL":"https://www.amazon.es/dp/B007DJ566O?tag=topinalambricos-21&linkCode=osi&th=1&psc=1","Images":{"Primary":{"Small":{"Height":75,"URL":"https://m.media-amazon.com/images/I/41Arv3FwqYL._SL75_.jpg","Width":75}}},"ItemInfo":{"ByLineInfo":{"Brand":{"DisplayValue":"DELARA","Label":"Brand","Locale":"es_ES"},"Manufacturer":{"DisplayValue":"DELARA","Label":"Manufacturer","Locale":"es_ES"}},"Title":{"DisplayValue":"DELARA Protector intensivo de cuero 100 ml, color: incoloro – Made in Germany","Label":"Title","Locale":"es_ES"}},"Offers":{"Summaries":[{"Condition":{"Value":"New"},"LowestPrice":{"Amount":10.99,"Currency":"EUR","DisplayAmount":"10,99 €"}}]}},{"ASIN":"B0BNZ6LN98","DetailPageURL":"https://www.amazon.es/dp/B0BNZ6LN98?tag=topinalambricos-21&linkCode=osi&th=1&psc=1","Images":{"Primary":{"Small":{"Height":75,"URL":"https://m.media-amazon.com/images/I/41FW8HzHpVL._SL75_.jpg","Width":75}}},"ItemInfo":{"ByLineInfo":{"Brand":{"DisplayValue":"GxDetail","Label":"Brand","Locale":"es_ES"},"Manufacturer":{"DisplayValue":"GxDetail","Label":"Manufacturer","Locale":"es_ES"}},"Title":{"DisplayValue":"GxDetail Limpiador de Cuero y Piel - Limpia, protege y ayuda a mantener las superficies nuevas - Limpiador de Asientos de coche de Cuero - Leather Cleaner (500 ml.)","Label":"Title","Locale":"es_ES"}},"Offers":{"Summaries":[{"Condition":{"Value":"New"},"LowestPrice":{"Amount":10.99,"Currency":"EUR","DisplayAmount":"10,99 € (21,98 € / l)","PricePerUnit":21.98}}]}},{"ASIN":"B07JWHH61W","DetailPageURL":"https://www.amazon.es/dp/B07JWHH61W?tag=topinalambricos-21&linkCode=osi&th=1&psc=1","Images":{"Primary":{"Small":{"Height":75,"URL":"https://m.media-amazon.com/images/I/51mbQkPkmeL._SL75_.jpg","Width":75}}},"ItemInfo":{"ByLineInfo":{"Brand":{"DisplayValue":"Maddox Detail","Label":"Brand","Locale":"es_ES"},"Manufacturer":{"DisplayValue":"Maddox Automoción","Label":"Manufacturer","Locale":"es_ES"}},"Title":{"DisplayValue":"Maddox Detail - Leather Care Kit 500ml | Limpiador y Acondicionador de Cuero y Piel | Incluye Microfibra | Kit Limpiador de Tapicería de Coche","Label":"Title","Locale":"es_ES"}},"Offers":{"Summaries":[{"Condition":{"Value":"New"},"LowestPrice":{"Amount":26.5,"Currency":"EUR","DisplayAmount":"26,50 € (26,50 € / l)","PricePerUnit":26.5}}]}},{"ASIN":"B07K9XPXF8","DetailPageURL":"https://www.amazon.es/dp/B07K9XPXF8?tag=topinalambricos-21&linkCode=osi&th=1&psc=1","Images":{"Primary":{"Small":{"Height":75,"URL":"https://m.media-amazon.com/images/I/41IdIjP7B3L._SL75_.jpg","Width":75}}},"ItemInfo":{"ByLineInfo":{"Brand":{"DisplayValue":"QM Cleaner","Label":"Brand","Locale":"es_ES"},"Manufacturer":{"DisplayValue":"QM Cleaner","Label":"Manufacturer","Locale":"es_ES"}},"Title":{"DisplayValue":"QM Cleaner Limpieza e hidratación Cuero. Cuidado y Limpieza de la tapicería del Coche, sillones Sofa de Cuero. Limpia e hidrata (Kit Leather)","Label":"Title","Locale":"es_ES"}},"Offers":{"Summaries":[{"Condition":{"Value":"New"},"LowestPrice":{"Amount":28.49,"Currency":"EUR","DisplayAmount":"28,49 €"}}]}},{"ASIN":"B0BHT8LCCP","DetailPageURL":"https://www.amazon.es/dp/B0BHT8LCCP?tag=topinalambricos-21&linkCode=osi&th=1&psc=1","Images":{"Primary":{"Small":{"Height":75,"URL":"https://m.media-amazon.com/images/I/31vFEUUo0OL._SL75_.jpg","Width":75}}},"ItemInfo":{"ByLineInfo":{"Brand":{"DisplayValue":"LAAV","Label":"Brand","Locale":"es_ES"},"Manufacturer":{"DisplayValue":"CSG Sp. z o.o.","Label":"Manufacturer","Locale":"es_ES"}},"Title":{"DisplayValue":"LAAV Limpiador Cuero Leather Cleaner (250 ml) I Elimina la Suciedad y Las Manchas, no Seca I Limpiador Tapiceria Coche I Producto de Limpieza Ecológico para Todos los Productos de Piel","Label":"Title","Locale":"es_ES"}},"Offers":{"Summaries":[{"Condition":{"Value":"New"},"LowestPrice":{"Amount":6.9,"Currency":"EUR","DisplayAmount":"6,90 € (27,60 € / l)","PricePerUnit":27.6}}]}},{"ASIN":"B074KKZVMF","DetailPageURL":"https://www.amazon.es/dp/B074KKZVMF?tag=topinalambricos-21&linkCode=osi&th=1&psc=1","Images":{"Primary":{"Small":{"Height":75,"URL":"https://m.media-amazon.com/images/I/410nKkuP99L._SL75_.jpg","Width":75}}},"ItemInfo":{"ByLineInfo":{"Brand":{"DisplayValue":"Maddox Detail","Label":"Brand","Locale":"es_ES"},"Manufacturer":{"DisplayValue":"Maddox Automocion Sl","Label":"Manufacturer","Locale":"es_ES"}},"Title":{"DisplayValue":"Maddox Detail - Leather Conditioner 500ml | Hidratante y Tratamiento Cuero Coche | Limpiador Asientos de Cuero y Piel, Negro","Label":"Title","Locale":"es_ES"}},"Offers":{"Summaries":[{"Condition":{"Value":"New"},"LowestPrice":{"Amount":14.9,"Currency":"EUR","DisplayAmount":"14,90 € (29,80 € / l)","PricePerUnit":29.8}}]}},{"ASIN":"B0BPN5PWY3","DetailPageURL":"https://www.amazon.es/dp/B0BPN5PWY3?tag=topinalambricos-21&linkCode=osi&th=1&psc=1","Images":{"Primary":{"Small":{"Height":75,"URL":"https://m.media-amazon.com/images/I/511GOk2abCL._SL75_.jpg","Width":75}}},"ItemInfo":{"ByLineInfo":{"Brand":{"DisplayValue":"GxDetail","Label":"Brand","Locale":"es_ES"},"Manufacturer":{"DisplayValue":"GxDetail","Label":"Manufacturer","Locale":"es_ES"}},"Title":{"DisplayValue":"GxDetail Pack Cuidado Cuero - Kit Limpieza e Hidratación para Cuero Coche Gx Detail - Kit Con Accesorios y Limpiador de Asientos de Cuero - Limpia Asientos Tapicerias Piel y Cuero de Coche...","Label":"Title","Locale":"es_ES"}},"Offers":{"Summaries":[{"Condition":{"Value":"New"},"LowestPrice":{"Amount":34.95,"Currency":"EUR","DisplayAmount":"34,95 € (34,95 € / l)","PricePerUnit":34.95}}]}},{"ASIN":"B005EBNZTI","DetailPageURL":"https://www.amazon.es/dp/B005EBNZTI?tag=topinalambricos-21&linkCode=osi&th=1&psc=1","Images":{"Primary":{"Small":{"Height":75,"URL":"https://m.media-amazon.com/images/I/41MKOfJ00uL._SL75_.jpg","Width":75}}},"ItemInfo":{"ByLineInfo":{"Brand":{"DisplayValue":"Renapur","Label":"Brand","Locale":"es_ES"},"Manufacturer":{"DisplayValue":"Renapur Ltd","Label":"Manufacturer","Locale":"es_ES"}},"Title":{"DisplayValue":"Bálsamo de cuero, bálsamo natural, acondicionador y restaurador Renapur (200ml + esponja aplicadora)","Label":"Title","Locale":"es_ES"}},"Offers":{"Summaries":[{"Condition":{"Value":"New"},"LowestPrice":{"Amount":17.5,"Currency":"EUR","DisplayAmount":"17,50 €"}}]}},{"ASIN":"B01M0E5OC6","DetailPageURL":"https://www.amazon.es/dp/B01M0E5OC6?tag=topinalambricos-21&linkCode=osi&th=1&psc=1","Images":{"Primary":{"Small":{"Height":75,"URL":"https://m.media-amazon.com/images/I/31aqST56JDL._SL75_.jpg","Width":75}}},"ItemInfo":{"ByLineInfo":{"Brand":{"DisplayValue":"QM Cleaner","Label":"Brand","Locale":"es_ES"},"Manufacturer":{"DisplayValue":"QM Cleaner","Label":"Manufacturer","Locale":"es_ES"}},"Title":{"DisplayValue":"QM Cleaner LEATHER | Limpiador para cuero, piel y polipiel - Ideal para sillones, tapicerías de vehículos y complementos (Bolsos, chaquetas...) - 500ml","Label":"Title","Locale":"es_ES"}},"Offers":{"Summaries":[{"Condition":{"Value":"New"},"LowestPrice":{"Amount":15.99,"Currency":"EUR","DisplayAmount":"15,99 €"}}]}}],"SearchURL":"https://www.amazon.es/s?k=limpiar+cuero&rh=n%3A2424866031%2Cp_n_availability%3A-1&tag=topinalambricos-21&linkCode=osi","TotalResultCount":743}},"24":{"SearchResult":{"Items":[{"ASIN":"B07SL4WY1W","DetailPageURL":"https://www.amazon.es/dp/B07SL4WY1W?tag=topinalambricos-21&linkCode=osi&th=1&psc=1","Images":{"Primary":{"Small":{"Height":75,"URL":"https://m.media-amazon.com/images/I/4150jn7SysL._SL75_.jpg","Width":75}}},"ItemInfo":{"ByLineInfo":{"Brand":{"DisplayValue":"Maddox Detail","Label":"Brand","Locale":"es_ES"},"Manufacturer":{"DisplayValue":"Maddox Automoción SL","Label":"Manufacturer","Locale":"es_ES"}},"Title":{"DisplayValue":"Maddox Detail - Leather Detailer 500 ml | Limpiador y Acondicionador de Cuero | Limpieza Profunda para Coche y Sofá | Tratamiento de Piel | Elimina Suciedad y Manchas | Restaura Asientos","Label":"Title","Locale":"es_ES"}},"Offers":{"Summaries":[{"Condition":{"Value":"New"},"LowestPrice":{"Amount":12.9,"Currency":"EUR","DisplayAmount":"12,90 € (25,80 € / l)","PricePerUnit":25.8}}]}},{"ASIN":"B007DJ566O","DetailPageURL":"https://www.amazon.es/dp/B007DJ566O?tag=topinalambricos-21&linkCode=osi&th=1&psc=1","Images":{"Primary":{"Small":{"Height":75,"URL":"https://m.media-amazon.com/images/I/41Arv3FwqYL._SL75_.jpg","Width":75}}},"ItemInfo":{"ByLineInfo":{"Brand":{"DisplayValue":"DELARA","Label":"Brand","Locale":"es_ES"},"Manufacturer":{"DisplayValue":"DELARA","Label":"Manufacturer","Locale":"es_ES"}},"Title":{"DisplayValue":"DELARA Protector intensivo de cuero 100 ml, color: incoloro – Made in Germany","Label":"Title","Locale":"es_ES"}},"Offers":{"Summaries":[{"Condition":{"Value":"New"},"LowestPrice":{"Amount":10.99,"Currency":"EUR","DisplayAmount":"10,99 €"}}]}},{"ASIN":"B0BNZ6LN98","DetailPageURL":"https://www.amazon.es/dp/B0BNZ6LN98?tag=topinalambricos-21&linkCode=osi&th=1&psc=1","Images":{"Primary":{"Small":{"Height":75,"URL":"https://m.media-amazon.com/images/I/41FW8HzHpVL._SL75_.jpg","Width":75}}},"ItemInfo":{"ByLineInfo":{"Brand":{"DisplayValue":"GxDetail","Label":"Brand","Locale":"es_ES"},"Manufacturer":{"DisplayValue":"GxDetail","Label":"Manufacturer","Locale":"es_ES"}},"Title":{"DisplayValue":"GxDetail Limpiador de Cuero y Piel - Limpia, protege y ayuda a mantener las superficies nuevas - Limpiador de Asientos de coche de Cuero - Leather Cleaner (500 ml.)","Label":"Title","Locale":"es_ES"}},"Offers":{"Summaries":[{"Condition":{"Value":"New"},"LowestPrice":{"Amount":10.99,"Currency":"EUR","DisplayAmount":"10,99 € (21,98 € / l)","PricePerUnit":21.98}}]}},{"ASIN":"B07JWHH61W","DetailPageURL":"https://www.amazon.es/dp/B07JWHH61W?tag=topinalambricos-21&linkCode=osi&th=1&psc=1","Images":{"Primary":{"Small":{"Height":75,"URL":"https://m.media-amazon.com/images/I/51mbQkPkmeL._SL75_.jpg","Width":75}}},"ItemInfo":{"ByLineInfo":{"Brand":{"DisplayValue":"Maddox Detail","Label":"Brand","Locale":"es_ES"},"Manufacturer":{"DisplayValue":"Maddox Automoción","Label":"Manufacturer","Locale":"es_ES"}},"Title":{"DisplayValue":"Maddox Detail - Leather Care Kit 500ml | Limpiador y Acondicionador de Cuero y Piel | Incluye Microfibra | Kit Limpiador de Tapicería de Coche","Label":"Title","Locale":"es_ES"}},"Offers":{"Summaries":[{"Condition":{"Value":"New"},"LowestPrice":{"Amount":26.5,"Currency":"EUR","DisplayAmount":"26,50 € (26,50 € / l)","PricePerUnit":26.5}}]}},{"ASIN":"B07K9XPXF8","DetailPageURL":"https://www.amazon.es/dp/B07K9XPXF8?tag=topinalambricos-21&linkCode=osi&th=1&psc=1","Images":{"Primary":{"Small":{"Height":75,"URL":"https://m.media-amazon.com/images/I/41IdIjP7B3L._SL75_.jpg","Width":75}}},"ItemInfo":{"ByLineInfo":{"Brand":{"DisplayValue":"QM Cleaner","Label":"Brand","Locale":"es_ES"},"Manufacturer":{"DisplayValue":"QM Cleaner","Label":"Manufacturer","Locale":"es_ES"}},"Title":{"DisplayValue":"QM Cleaner Limpieza e hidratación Cuero. Cuidado y Limpieza de la tapicería del Coche, sillones Sofa de Cuero. Limpia e hidrata (Kit Leather)","Label":"Title","Locale":"es_ES"}},"Offers":{"Summaries":[{"Condition":{"Value":"New"},"LowestPrice":{"Amount":28.49,"Currency":"EUR","DisplayAmount":"28,49 €"}}]}},{"ASIN":"B0BHT8LCCP","DetailPageURL":"https://www.amazon.es/dp/B0BHT8LCCP?tag=topinalambricos-21&linkCode=osi&th=1&psc=1","Images":{"Primary":{"Small":{"Height":75,"URL":"https://m.media-amazon.com/images/I/31vFEUUo0OL._SL75_.jpg","Width":75}}},"ItemInfo":{"ByLineInfo":{"Brand":{"DisplayValue":"LAAV","Label":"Brand","Locale":"es_ES"},"Manufacturer":{"DisplayValue":"CSG Sp. z o.o.","Label":"Manufacturer","Locale":"es_ES"}},"Title":{"DisplayValue":"LAAV Limpiador Cuero Leather Cleaner (250 ml) I Elimina la Suciedad y Las Manchas, no Seca I Limpiador Tapiceria Coche I Producto de Limpieza Ecológico para Todos los Productos de Piel","Label":"Title","Locale":"es_ES"}},"Offers":{"Summaries":[{"Condition":{"Value":"New"},"LowestPrice":{"Amount":6.9,"Currency":"EUR","DisplayAmount":"6,90 € (27,60 € / l)","PricePerUnit":27.6}}]}},{"ASIN":"B074KKZVMF","DetailPageURL":"https://www.amazon.es/dp/B074KKZVMF?tag=topinalambricos-21&linkCode=osi&th=1&psc=1","Images":{"Primary":{"Small":{"Height":75,"URL":"https://m.media-amazon.com/images/I/410nKkuP99L._SL75_.jpg","Width":75}}},"ItemInfo":{"ByLineInfo":{"Brand":{"DisplayValue":"Maddox Detail","Label":"Brand","Locale":"es_ES"},"Manufacturer":{"DisplayValue":"Maddox Automocion Sl","Label":"Manufacturer","Locale":"es_ES"}},"Title":{"DisplayValue":"Maddox Detail - Leather Conditioner 500ml | Hidratante y Tratamiento Cuero Coche | Limpiador Asientos de Cuero y Piel, Negro","Label":"Title","Locale":"es_ES"}},"Offers":{"Summaries":[{"Condition":{"Value":"New"},"LowestPrice":{"Amount":14.9,"Currency":"EUR","DisplayAmount":"14,90 € (29,80 € / l)","PricePerUnit":29.8}}]}},{"ASIN":"B0BPN5PWY3","DetailPageURL":"https://www.amazon.es/dp/B0BPN5PWY3?tag=topinalambricos-21&linkCode=osi&th=1&psc=1","Images":{"Primary":{"Small":{"Height":75,"URL":"https://m.media-amazon.com/images/I/511GOk2abCL._SL75_.jpg","Width":75}}},"ItemInfo":{"ByLineInfo":{"Brand":{"DisplayValue":"GxDetail","Label":"Brand","Locale":"es_ES"},"Manufacturer":{"DisplayValue":"GxDetail","Label":"Manufacturer","Locale":"es_ES"}},"Title":{"DisplayValue":"GxDetail Pack Cuidado Cuero - Kit Limpieza e Hidratación para Cuero Coche Gx Detail - Kit Con Accesorios y Limpiador de Asientos de Cuero - Limpia Asientos Tapicerias Piel y Cuero de Coche...","Label":"Title","Locale":"es_ES"}},"Offers":{"Summaries":[{"Condition":{"Value":"New"},"LowestPrice":{"Amount":34.95,"Currency":"EUR","DisplayAmount":"34,95 € (34,95 € / l)","PricePerUnit":34.95}}]}},{"ASIN":"B005EBNZTI","DetailPageURL":"https://www.amazon.es/dp/B005EBNZTI?tag=topinalambricos-21&linkCode=osi&th=1&psc=1","Images":{"Primary":{"Small":{"Height":75,"URL":"https://m.media-amazon.com/images/I/41MKOfJ00uL._SL75_.jpg","Width":75}}},"ItemInfo":{"ByLineInfo":{"Brand":{"DisplayValue":"Renapur","Label":"Brand","Locale":"es_ES"},"Manufacturer":{"DisplayValue":"Renapur Ltd","Label":"Manufacturer","Locale":"es_ES"}},"Title":{"DisplayValue":"Bálsamo de cuero, bálsamo natural, acondicionador y restaurador Renapur (200ml + esponja aplicadora)","Label":"Title","Locale":"es_ES"}},"Offers":{"Summaries":[{"Condition":{"Value":"New"},"LowestPrice":{"Amount":17.5,"Currency":"EUR","DisplayAmount":"17,50 €"}}]}},{"ASIN":"B01M0E5OC6","DetailPageURL":"https://www.amazon.es/dp/B01M0E5OC6?tag=topinalambricos-21&linkCode=osi&th=1&psc=1","Images":{"Primary":{"Small":{"Height":75,"URL":"https://m.media-amazon.com/images/I/31aqST56JDL._SL75_.jpg","Width":75}}},"ItemInfo":{"ByLineInfo":{"Brand":{"DisplayValue":"QM Cleaner","Label":"Brand","Locale":"es_ES"},"Manufacturer":{"DisplayValue":"QM Cleaner","Label":"Manufacturer","Locale":"es_ES"}},"Title":{"DisplayValue":"QM Cleaner LEATHER | Limpiador para cuero, piel y polipiel - Ideal para sillones, tapicerías de vehículos y complementos (Bolsos, chaquetas...) - 500ml","Label":"Title","Locale":"es_ES"}},"Offers":{"Summaries":[{"Condition":{"Value":"New"},"LowestPrice":{"Amount":15.99,"Currency":"EUR","DisplayAmount":"15,99 €"}}]}}],"SearchURL":"https://www.amazon.es/s?k=limpiar+cuero&rh=n%3A2424866031%2Cp_n_availability%3A-1&tag=topinalambricos-21&linkCode=osi","TotalResultCount":743}},"25":{"SearchResult":{"Items":[{"ASIN":"B07SL4WY1W","DetailPageURL":"https://www.amazon.es/dp/B07SL4WY1W?tag=topinalambricos-21&linkCode=osi&th=1&psc=1","Images":{"Primary":{"Small":{"Height":75,"URL":"https://m.media-amazon.com/images/I/4150jn7SysL._SL75_.jpg","Width":75}}},"ItemInfo":{"ByLineInfo":{"Brand":{"DisplayValue":"Maddox Detail","Label":"Brand","Locale":"es_ES"},"Manufacturer":{"DisplayValue":"Maddox Automoción SL","Label":"Manufacturer","Locale":"es_ES"}},"Title":{"DisplayValue":"Maddox Detail - Leather Detailer 500 ml | Limpiador y Acondicionador de Cuero | Limpieza Profunda para Coche y Sofá | Tratamiento de Piel | Elimina Suciedad y Manchas | Restaura Asientos","Label":"Title","Locale":"es_ES"}},"Offers":{"Summaries":[{"Condition":{"Value":"New"},"LowestPrice":{"Amount":12.9,"Currency":"EUR","DisplayAmount":"12,90 € (25,80 € / l)","PricePerUnit":25.8}}]}},{"ASIN":"B007DJ566O","DetailPageURL":"https://www.amazon.es/dp/B007DJ566O?tag=topinalambricos-21&linkCode=osi&th=1&psc=1","Images":{"Primary":{"Small":{"Height":75,"URL":"https://m.media-amazon.com/images/I/41Arv3FwqYL._SL75_.jpg","Width":75}}},"ItemInfo":{"ByLineInfo":{"Brand":{"DisplayValue":"DELARA","Label":"Brand","Locale":"es_ES"},"Manufacturer":{"DisplayValue":"DELARA","Label":"Manufacturer","Locale":"es_ES"}},"Title":{"DisplayValue":"DELARA Protector intensivo de cuero 100 ml, color: incoloro – Made in Germany","Label":"Title","Locale":"es_ES"}},"Offers":{"Summaries":[{"Condition":{"Value":"New"},"LowestPrice":{"Amount":10.99,"Currency":"EUR","DisplayAmount":"10,99 €"}}]}},{"ASIN":"B0BNZ6LN98","DetailPageURL":"https://www.amazon.es/dp/B0BNZ6LN98?tag=topinalambricos-21&linkCode=osi&th=1&psc=1","Images":{"Primary":{"Small":{"Height":75,"URL":"https://m.media-amazon.com/images/I/41FW8HzHpVL._SL75_.jpg","Width":75}}},"ItemInfo":{"ByLineInfo":{"Brand":{"DisplayValue":"GxDetail","Label":"Brand","Locale":"es_ES"},"Manufacturer":{"DisplayValue":"GxDetail","Label":"Manufacturer","Locale":"es_ES"}},"Title":{"DisplayValue":"GxDetail Limpiador de Cuero y Piel - Limpia, protege y ayuda a mantener las superficies nuevas - Limpiador de Asientos de coche de Cuero - Leather Cleaner (500 ml.)","Label":"Title","Locale":"es_ES"}},"Offers":{"Summaries":[{"Condition":{"Value":"New"},"LowestPrice":{"Amount":10.99,"Currency":"EUR","DisplayAmount":"10,99 € (21,98 € / l)","PricePerUnit":21.98}}]}},{"ASIN":"B07JWHH61W","DetailPageURL":"https://www.amazon.es/dp/B07JWHH61W?tag=topinalambricos-21&linkCode=osi&th=1&psc=1","Images":{"Primary":{"Small":{"Height":75,"URL":"https://m.media-amazon.com/images/I/51mbQkPkmeL._SL75_.jpg","Width":75}}},"ItemInfo":{"ByLineInfo":{"Brand":{"DisplayValue":"Maddox Detail","Label":"Brand","Locale":"es_ES"},"Manufacturer":{"DisplayValue":"Maddox Automoción","Label":"Manufacturer","Locale":"es_ES"}},"Title":{"DisplayValue":"Maddox Detail - Leather Care Kit 500ml | Limpiador y Acondicionador de Cuero y Piel | Incluye Microfibra | Kit Limpiador de Tapicería de Coche","Label":"Title","Locale":"es_ES"}},"Offers":{"Summaries":[{"Condition":{"Value":"New"},"LowestPrice":{"Amount":26.5,"Currency":"EUR","DisplayAmount":"26,50 € (26,50 € / l)","PricePerUnit":26.5}}]}},{"ASIN":"B07K9XPXF8","DetailPageURL":"https://www.amazon.es/dp/B07K9XPXF8?tag=topinalambricos-21&linkCode=osi&th=1&psc=1","Images":{"Primary":{"Small":{"Height":75,"URL":"https://m.media-amazon.com/images/I/41IdIjP7B3L._SL75_.jpg","Width":75}}},"ItemInfo":{"ByLineInfo":{"Brand":{"DisplayValue":"QM Cleaner","Label":"Brand","Locale":"es_ES"},"Manufacturer":{"DisplayValue":"QM Cleaner","Label":"Manufacturer","Locale":"es_ES"}},"Title":{"DisplayValue":"QM Cleaner Limpieza e hidratación Cuero. Cuidado y Limpieza de la tapicería del Coche, sillones Sofa de Cuero. Limpia e hidrata (Kit Leather)","Label":"Title","Locale":"es_ES"}},"Offers":{"Summaries":[{"Condition":{"Value":"New"},"LowestPrice":{"Amount":28.49,"Currency":"EUR","DisplayAmount":"28,49 €"}}]}},{"ASIN":"B0BHT8LCCP","DetailPageURL":"https://www.amazon.es/dp/B0BHT8LCCP?tag=topinalambricos-21&linkCode=osi&th=1&psc=1","Images":{"Primary":{"Small":{"Height":75,"URL":"https://m.media-amazon.com/images/I/31vFEUUo0OL._SL75_.jpg","Width":75}}},"ItemInfo":{"ByLineInfo":{"Brand":{"DisplayValue":"LAAV","Label":"Brand","Locale":"es_ES"},"Manufacturer":{"DisplayValue":"CSG Sp. z o.o.","Label":"Manufacturer","Locale":"es_ES"}},"Title":{"DisplayValue":"LAAV Limpiador Cuero Leather Cleaner (250 ml) I Elimina la Suciedad y Las Manchas, no Seca I Limpiador Tapiceria Coche I Producto de Limpieza Ecológico para Todos los Productos de Piel","Label":"Title","Locale":"es_ES"}},"Offers":{"Summaries":[{"Condition":{"Value":"New"},"LowestPrice":{"Amount":6.9,"Currency":"EUR","DisplayAmount":"6,90 € (27,60 € / l)","PricePerUnit":27.6}}]}},{"ASIN":"B074KKZVMF","DetailPageURL":"https://www.amazon.es/dp/B074KKZVMF?tag=topinalambricos-21&linkCode=osi&th=1&psc=1","Images":{"Primary":{"Small":{"Height":75,"URL":"https://m.media-amazon.com/images/I/410nKkuP99L._SL75_.jpg","Width":75}}},"ItemInfo":{"ByLineInfo":{"Brand":{"DisplayValue":"Maddox Detail","Label":"Brand","Locale":"es_ES"},"Manufacturer":{"DisplayValue":"Maddox Automocion Sl","Label":"Manufacturer","Locale":"es_ES"}},"Title":{"DisplayValue":"Maddox Detail - Leather Conditioner 500ml | Hidratante y Tratamiento Cuero Coche | Limpiador Asientos de Cuero y Piel, Negro","Label":"Title","Locale":"es_ES"}},"Offers":{"Summaries":[{"Condition":{"Value":"New"},"LowestPrice":{"Amount":14.9,"Currency":"EUR","DisplayAmount":"14,90 € (29,80 € / l)","PricePerUnit":29.8}}]}},{"ASIN":"B0BPN5PWY3","DetailPageURL":"https://www.amazon.es/dp/B0BPN5PWY3?tag=topinalambricos-21&linkCode=osi&th=1&psc=1","Images":{"Primary":{"Small":{"Height":75,"URL":"https://m.media-amazon.com/images/I/511GOk2abCL._SL75_.jpg","Width":75}}},"ItemInfo":{"ByLineInfo":{"Brand":{"DisplayValue":"GxDetail","Label":"Brand","Locale":"es_ES"},"Manufacturer":{"DisplayValue":"GxDetail","Label":"Manufacturer","Locale":"es_ES"}},"Title":{"DisplayValue":"GxDetail Pack Cuidado Cuero - Kit Limpieza e Hidratación para Cuero Coche Gx Detail - Kit Con Accesorios y Limpiador de Asientos de Cuero - Limpia Asientos Tapicerias Piel y Cuero de Coche...","Label":"Title","Locale":"es_ES"}},"Offers":{"Summaries":[{"Condition":{"Value":"New"},"LowestPrice":{"Amount":34.95,"Currency":"EUR","DisplayAmount":"34,95 € (34,95 € / l)","PricePerUnit":34.95}}]}},{"ASIN":"B005EBNZTI","DetailPageURL":"https://www.amazon.es/dp/B005EBNZTI?tag=topinalambricos-21&linkCode=osi&th=1&psc=1","Images":{"Primary":{"Small":{"Height":75,"URL":"https://m.media-amazon.com/images/I/41MKOfJ00uL._SL75_.jpg","Width":75}}},"ItemInfo":{"ByLineInfo":{"Brand":{"DisplayValue":"Renapur","Label":"Brand","Locale":"es_ES"},"Manufacturer":{"DisplayValue":"Renapur Ltd","Label":"Manufacturer","Locale":"es_ES"}},"Title":{"DisplayValue":"Bálsamo de cuero, bálsamo natural, acondicionador y restaurador Renapur (200ml + esponja aplicadora)","Label":"Title","Locale":"es_ES"}},"Offers":{"Summaries":[{"Condition":{"Value":"New"},"LowestPrice":{"Amount":17.5,"Currency":"EUR","DisplayAmount":"17,50 €"}}]}},{"ASIN":"B01M0E5OC6","DetailPageURL":"https://www.amazon.es/dp/B01M0E5OC6?tag=topinalambricos-21&linkCode=osi&th=1&psc=1","Images":{"Primary":{"Small":{"Height":75,"URL":"https://m.media-amazon.com/images/I/31aqST56JDL._SL75_.jpg","Width":75}}},"ItemInfo":{"ByLineInfo":{"Brand":{"DisplayValue":"QM Cleaner","Label":"Brand","Locale":"es_ES"},"Manufacturer":{"DisplayValue":"QM Cleaner","Label":"Manufacturer","Locale":"es_ES"}},"Title":{"DisplayValue":"QM Cleaner LEATHER | Limpiador para cuero, piel y polipiel - Ideal para sillones, tapicerías de vehículos y complementos (Bolsos, chaquetas...) - 500ml","Label":"Title","Locale":"es_ES"}},"Offers":{"Summaries":[{"Condition":{"Value":"New"},"LowestPrice":{"Amount":15.99,"Currency":"EUR","DisplayAmount":"15,99 €"}}]}}],"SearchURL":"https://www.amazon.es/s?k=limpiar+cuero&rh=n%3A2424866031%2Cp_n_availability%3A-1&tag=topinalambricos-21&linkCode=osi","TotalResultCount":743}},"26":{"SearchResult":{"Items":[{"ASIN":"B07SL4WY1W","DetailPageURL":"https://www.amazon.es/dp/B07SL4WY1W?tag=topinalambricos-21&linkCode=osi&th=1&psc=1","Images":{"Primary":{"Small":{"Height":75,"URL":"https://m.media-amazon.com/images/I/4150jn7SysL._SL75_.jpg","Width":75}}},"ItemInfo":{"ByLineInfo":{"Brand":{"DisplayValue":"Maddox Detail","Label":"Brand","Locale":"es_ES"},"Manufacturer":{"DisplayValue":"Maddox Automoción SL","Label":"Manufacturer","Locale":"es_ES"}},"Title":{"DisplayValue":"Maddox Detail - Leather Detailer 500 ml | Limpiador y Acondicionador de Cuero | Limpieza Profunda para Coche y Sofá | Tratamiento de Piel | Elimina Suciedad y Manchas | Restaura Asientos","Label":"Title","Locale":"es_ES"}},"Offers":{"Summaries":[{"Condition":{"Value":"New"},"LowestPrice":{"Amount":12.9,"Currency":"EUR","DisplayAmount":"12,90 € (25,80 € / l)","PricePerUnit":25.8}}]}},{"ASIN":"B007DJ566O","DetailPageURL":"https://www.amazon.es/dp/B007DJ566O?tag=topinalambricos-21&linkCode=osi&th=1&psc=1","Images":{"Primary":{"Small":{"Height":75,"URL":"https://m.media-amazon.com/images/I/41Arv3FwqYL._SL75_.jpg","Width":75}}},"ItemInfo":{"ByLineInfo":{"Brand":{"DisplayValue":"DELARA","Label":"Brand","Locale":"es_ES"},"Manufacturer":{"DisplayValue":"DELARA","Label":"Manufacturer","Locale":"es_ES"}},"Title":{"DisplayValue":"DELARA Protector intensivo de cuero 100 ml, color: incoloro – Made in Germany","Label":"Title","Locale":"es_ES"}},"Offers":{"Summaries":[{"Condition":{"Value":"New"},"LowestPrice":{"Amount":10.99,"Currency":"EUR","DisplayAmount":"10,99 €"}}]}},{"ASIN":"B0BNZ6LN98","DetailPageURL":"https://www.amazon.es/dp/B0BNZ6LN98?tag=topinalambricos-21&linkCode=osi&th=1&psc=1","Images":{"Primary":{"Small":{"Height":75,"URL":"https://m.media-amazon.com/images/I/41FW8HzHpVL._SL75_.jpg","Width":75}}},"ItemInfo":{"ByLineInfo":{"Brand":{"DisplayValue":"GxDetail","Label":"Brand","Locale":"es_ES"},"Manufacturer":{"DisplayValue":"GxDetail","Label":"Manufacturer","Locale":"es_ES"}},"Title":{"DisplayValue":"GxDetail Limpiador de Cuero y Piel - Limpia, protege y ayuda a mantener las superficies nuevas - Limpiador de Asientos de coche de Cuero - Leather Cleaner (500 ml.)","Label":"Title","Locale":"es_ES"}},"Offers":{"Summaries":[{"Condition":{"Value":"New"},"LowestPrice":{"Amount":10.99,"Currency":"EUR","DisplayAmount":"10,99 € (21,98 € / l)","PricePerUnit":21.98}}]}},{"ASIN":"B07JWHH61W","DetailPageURL":"https://www.amazon.es/dp/B07JWHH61W?tag=topinalambricos-21&linkCode=osi&th=1&psc=1","Images":{"Primary":{"Small":{"Height":75,"URL":"https://m.media-amazon.com/images/I/51mbQkPkmeL._SL75_.jpg","Width":75}}},"ItemInfo":{"ByLineInfo":{"Brand":{"DisplayValue":"Maddox Detail","Label":"Brand","Locale":"es_ES"},"Manufacturer":{"DisplayValue":"Maddox Automoción","Label":"Manufacturer","Locale":"es_ES"}},"Title":{"DisplayValue":"Maddox Detail - Leather Care Kit 500ml | Limpiador y Acondicionador de Cuero y Piel | Incluye Microfibra | Kit Limpiador de Tapicería de Coche","Label":"Title","Locale":"es_ES"}},"Offers":{"Summaries":[{"Condition":{"Value":"New"},"LowestPrice":{"Amount":26.5,"Currency":"EUR","DisplayAmount":"26,50 € (26,50 € / l)","PricePerUnit":26.5}}]}},{"ASIN":"B07K9XPXF8","DetailPageURL":"https://www.amazon.es/dp/B07K9XPXF8?tag=topinalambricos-21&linkCode=osi&th=1&psc=1","Images":{"Primary":{"Small":{"Height":75,"URL":"https://m.media-amazon.com/images/I/41IdIjP7B3L._SL75_.jpg","Width":75}}},"ItemInfo":{"ByLineInfo":{"Brand":{"DisplayValue":"QM Cleaner","Label":"Brand","Locale":"es_ES"},"Manufacturer":{"DisplayValue":"QM Cleaner","Label":"Manufacturer","Locale":"es_ES"}},"Title":{"DisplayValue":"QM Cleaner Limpieza e hidratación Cuero. Cuidado y Limpieza de la tapicería del Coche, sillones Sofa de Cuero. Limpia e hidrata (Kit Leather)","Label":"Title","Locale":"es_ES"}},"Offers":{"Summaries":[{"Condition":{"Value":"New"},"LowestPrice":{"Amount":28.49,"Currency":"EUR","DisplayAmount":"28,49 €"}}]}},{"ASIN":"B0BHT8LCCP","DetailPageURL":"https://www.amazon.es/dp/B0BHT8LCCP?tag=topinalambricos-21&linkCode=osi&th=1&psc=1","Images":{"Primary":{"Small":{"Height":75,"URL":"https://m.media-amazon.com/images/I/31vFEUUo0OL._SL75_.jpg","Width":75}}},"ItemInfo":{"ByLineInfo":{"Brand":{"DisplayValue":"LAAV","Label":"Brand","Locale":"es_ES"},"Manufacturer":{"DisplayValue":"CSG Sp. z o.o.","Label":"Manufacturer","Locale":"es_ES"}},"Title":{"DisplayValue":"LAAV Limpiador Cuero Leather Cleaner (250 ml) I Elimina la Suciedad y Las Manchas, no Seca I Limpiador Tapiceria Coche I Producto de Limpieza Ecológico para Todos los Productos de Piel","Label":"Title","Locale":"es_ES"}},"Offers":{"Summaries":[{"Condition":{"Value":"New"},"LowestPrice":{"Amount":6.9,"Currency":"EUR","DisplayAmount":"6,90 € (27,60 € / l)","PricePerUnit":27.6}}]}},{"ASIN":"B074KKZVMF","DetailPageURL":"https://www.amazon.es/dp/B074KKZVMF?tag=topinalambricos-21&linkCode=osi&th=1&psc=1","Images":{"Primary":{"Small":{"Height":75,"URL":"https://m.media-amazon.com/images/I/410nKkuP99L._SL75_.jpg","Width":75}}},"ItemInfo":{"ByLineInfo":{"Brand":{"DisplayValue":"Maddox Detail","Label":"Brand","Locale":"es_ES"},"Manufacturer":{"DisplayValue":"Maddox Automocion Sl","Label":"Manufacturer","Locale":"es_ES"}},"Title":{"DisplayValue":"Maddox Detail - Leather Conditioner 500ml | Hidratante y Tratamiento Cuero Coche | Limpiador Asientos de Cuero y Piel, Negro","Label":"Title","Locale":"es_ES"}},"Offers":{"Summaries":[{"Condition":{"Value":"New"},"LowestPrice":{"Amount":14.9,"Currency":"EUR","DisplayAmount":"14,90 € (29,80 € / l)","PricePerUnit":29.8}}]}},{"ASIN":"B0BPN5PWY3","DetailPageURL":"https://www.amazon.es/dp/B0BPN5PWY3?tag=topinalambricos-21&linkCode=osi&th=1&psc=1","Images":{"Primary":{"Small":{"Height":75,"URL":"https://m.media-amazon.com/images/I/511GOk2abCL._SL75_.jpg","Width":75}}},"ItemInfo":{"ByLineInfo":{"Brand":{"DisplayValue":"GxDetail","Label":"Brand","Locale":"es_ES"},"Manufacturer":{"DisplayValue":"GxDetail","Label":"Manufacturer","Locale":"es_ES"}},"Title":{"DisplayValue":"GxDetail Pack Cuidado Cuero - Kit Limpieza e Hidratación para Cuero Coche Gx Detail - Kit Con Accesorios y Limpiador de Asientos de Cuero - Limpia Asientos Tapicerias Piel y Cuero de Coche...","Label":"Title","Locale":"es_ES"}},"Offers":{"Summaries":[{"Condition":{"Value":"New"},"LowestPrice":{"Amount":34.95,"Currency":"EUR","DisplayAmount":"34,95 € (34,95 € / l)","PricePerUnit":34.95}}]}},{"ASIN":"B005EBNZTI","DetailPageURL":"https://www.amazon.es/dp/B005EBNZTI?tag=topinalambricos-21&linkCode=osi&th=1&psc=1","Images":{"Primary":{"Small":{"Height":75,"URL":"https://m.media-amazon.com/images/I/41MKOfJ00uL._SL75_.jpg","Width":75}}},"ItemInfo":{"ByLineInfo":{"Brand":{"DisplayValue":"Renapur","Label":"Brand","Locale":"es_ES"},"Manufacturer":{"DisplayValue":"Renapur Ltd","Label":"Manufacturer","Locale":"es_ES"}},"Title":{"DisplayValue":"Bálsamo de cuero, bálsamo natural, acondicionador y restaurador Renapur (200ml + esponja aplicadora)","Label":"Title","Locale":"es_ES"}},"Offers":{"Summaries":[{"Condition":{"Value":"New"},"LowestPrice":{"Amount":17.5,"Currency":"EUR","DisplayAmount":"17,50 €"}}]}},{"ASIN":"B01M0E5OC6","DetailPageURL":"https://www.amazon.es/dp/B01M0E5OC6?tag=topinalambricos-21&linkCode=osi&th=1&psc=1","Images":{"Primary":{"Small":{"Height":75,"URL":"https://m.media-amazon.com/images/I/31aqST56JDL._SL75_.jpg","Width":75}}},"ItemInfo":{"ByLineInfo":{"Brand":{"DisplayValue":"QM Cleaner","Label":"Brand","Locale":"es_ES"},"Manufacturer":{"DisplayValue":"QM Cleaner","Label":"Manufacturer","Locale":"es_ES"}},"Title":{"DisplayValue":"QM Cleaner LEATHER | Limpiador para cuero, piel y polipiel - Ideal para sillones, tapicerías de vehículos y complementos (Bolsos, chaquetas...) - 500ml","Label":"Title","Locale":"es_ES"}},"Offers":{"Summaries":[{"Condition":{"Value":"New"},"LowestPrice":{"Amount":15.99,"Currency":"EUR","DisplayAmount":"15,99 €"}}]}}],"SearchURL":"https://www.amazon.es/s?k=limpiar+cuero&rh=n%3A2424866031%2Cp_n_availability%3A-1&tag=topinalambricos-21&linkCode=osi","TotalResultCount":743}},"27":{"SearchResult":{"Items":[{"ASIN":"B07SL4WY1W","DetailPageURL":"https://www.amazon.es/dp/B07SL4WY1W?tag=topinalambricos-21&linkCode=osi&th=1&psc=1","Images":{"Primary":{"Small":{"Height":75,"URL":"https://m.media-amazon.com/images/I/4150jn7SysL._SL75_.jpg","Width":75}}},"ItemInfo":{"ByLineInfo":{"Brand":{"DisplayValue":"Maddox Detail","Label":"Brand","Locale":"es_ES"},"Manufacturer":{"DisplayValue":"Maddox Automoción SL","Label":"Manufacturer","Locale":"es_ES"}},"Title":{"DisplayValue":"Maddox Detail - Leather Detailer 500 ml | Limpiador y Acondicionador de Cuero | Limpieza Profunda para Coche y Sofá | Tratamiento de Piel | Elimina Suciedad y Manchas | Restaura Asientos","Label":"Title","Locale":"es_ES"}},"Offers":{"Summaries":[{"Condition":{"Value":"New"},"LowestPrice":{"Amount":12.9,"Currency":"EUR","DisplayAmount":"12,90 € (25,80 € / l)","PricePerUnit":25.8}}]}},{"ASIN":"B007DJ566O","DetailPageURL":"https://www.amazon.es/dp/B007DJ566O?tag=topinalambricos-21&linkCode=osi&th=1&psc=1","Images":{"Primary":{"Small":{"Height":75,"URL":"https://m.media-amazon.com/images/I/41Arv3FwqYL._SL75_.jpg","Width":75}}},"ItemInfo":{"ByLineInfo":{"Brand":{"DisplayValue":"DELARA","Label":"Brand","Locale":"es_ES"},"Manufacturer":{"DisplayValue":"DELARA","Label":"Manufacturer","Locale":"es_ES"}},"Title":{"DisplayValue":"DELARA Protector intensivo de cuero 100 ml, color: incoloro – Made in Germany","Label":"Title","Locale":"es_ES"}},"Offers":{"Summaries":[{"Condition":{"Value":"New"},"LowestPrice":{"Amount":10.99,"Currency":"EUR","DisplayAmount":"10,99 €"}}]}},{"ASIN":"B0BNZ6LN98","DetailPageURL":"https://www.amazon.es/dp/B0BNZ6LN98?tag=topinalambricos-21&linkCode=osi&th=1&psc=1","Images":{"Primary":{"Small":{"Height":75,"URL":"https://m.media-amazon.com/images/I/41FW8HzHpVL._SL75_.jpg","Width":75}}},"ItemInfo":{"ByLineInfo":{"Brand":{"DisplayValue":"GxDetail","Label":"Brand","Locale":"es_ES"},"Manufacturer":{"DisplayValue":"GxDetail","Label":"Manufacturer","Locale":"es_ES"}},"Title":{"DisplayValue":"GxDetail Limpiador de Cuero y Piel - Limpia, protege y ayuda a mantener las superficies nuevas - Limpiador de Asientos de coche de Cuero - Leather Cleaner (500 ml.)","Label":"Title","Locale":"es_ES"}},"Offers":{"Summaries":[{"Condition":{"Value":"New"},"LowestPrice":{"Amount":10.99,"Currency":"EUR","DisplayAmount":"10,99 € (21,98 € / l)","PricePerUnit":21.98}}]}},{"ASIN":"B07JWHH61W","DetailPageURL":"https://www.amazon.es/dp/B07JWHH61W?tag=topinalambricos-21&linkCode=osi&th=1&psc=1","Images":{"Primary":{"Small":{"Height":75,"URL":"https://m.media-amazon.com/images/I/51mbQkPkmeL._SL75_.jpg","Width":75}}},"ItemInfo":{"ByLineInfo":{"Brand":{"DisplayValue":"Maddox Detail","Label":"Brand","Locale":"es_ES"},"Manufacturer":{"DisplayValue":"Maddox Automoción","Label":"Manufacturer","Locale":"es_ES"}},"Title":{"DisplayValue":"Maddox Detail - Leather Care Kit 500ml | Limpiador y Acondicionador de Cuero y Piel | Incluye Microfibra | Kit Limpiador de Tapicería de Coche","Label":"Title","Locale":"es_ES"}},"Offers":{"Summaries":[{"Condition":{"Value":"New"},"LowestPrice":{"Amount":26.5,"Currency":"EUR","DisplayAmount":"26,50 € (26,50 € / l)","PricePerUnit":26.5}}]}},{"ASIN":"B07K9XPXF8","DetailPageURL":"https://www.amazon.es/dp/B07K9XPXF8?tag=topinalambricos-21&linkCode=osi&th=1&psc=1","Images":{"Primary":{"Small":{"Height":75,"URL":"https://m.media-amazon.com/images/I/41IdIjP7B3L._SL75_.jpg","Width":75}}},"ItemInfo":{"ByLineInfo":{"Brand":{"DisplayValue":"QM Cleaner","Label":"Brand","Locale":"es_ES"},"Manufacturer":{"DisplayValue":"QM Cleaner","Label":"Manufacturer","Locale":"es_ES"}},"Title":{"DisplayValue":"QM Cleaner Limpieza e hidratación Cuero. Cuidado y Limpieza de la tapicería del Coche, sillones Sofa de Cuero. Limpia e hidrata (Kit Leather)","Label":"Title","Locale":"es_ES"}},"Offers":{"Summaries":[{"Condition":{"Value":"New"},"LowestPrice":{"Amount":28.49,"Currency":"EUR","DisplayAmount":"28,49 €"}}]}},{"ASIN":"B0BHT8LCCP","DetailPageURL":"https://www.amazon.es/dp/B0BHT8LCCP?tag=topinalambricos-21&linkCode=osi&th=1&psc=1","Images":{"Primary":{"Small":{"Height":75,"URL":"https://m.media-amazon.com/images/I/31vFEUUo0OL._SL75_.jpg","Width":75}}},"ItemInfo":{"ByLineInfo":{"Brand":{"DisplayValue":"LAAV","Label":"Brand","Locale":"es_ES"},"Manufacturer":{"DisplayValue":"CSG Sp. z o.o.","Label":"Manufacturer","Locale":"es_ES"}},"Title":{"DisplayValue":"LAAV Limpiador Cuero Leather Cleaner (250 ml) I Elimina la Suciedad y Las Manchas, no Seca I Limpiador Tapiceria Coche I Producto de Limpieza Ecológico para Todos los Productos de Piel","Label":"Title","Locale":"es_ES"}},"Offers":{"Summaries":[{"Condition":{"Value":"New"},"LowestPrice":{"Amount":6.9,"Currency":"EUR","DisplayAmount":"6,90 € (27,60 € / l)","PricePerUnit":27.6}}]}},{"ASIN":"B074KKZVMF","DetailPageURL":"https://www.amazon.es/dp/B074KKZVMF?tag=topinalambricos-21&linkCode=osi&th=1&psc=1","Images":{"Primary":{"Small":{"Height":75,"URL":"https://m.media-amazon.com/images/I/410nKkuP99L._SL75_.jpg","Width":75}}},"ItemInfo":{"ByLineInfo":{"Brand":{"DisplayValue":"Maddox Detail","Label":"Brand","Locale":"es_ES"},"Manufacturer":{"DisplayValue":"Maddox Automocion Sl","Label":"Manufacturer","Locale":"es_ES"}},"Title":{"DisplayValue":"Maddox Detail - Leather Conditioner 500ml | Hidratante y Tratamiento Cuero Coche | Limpiador Asientos de Cuero y Piel, Negro","Label":"Title","Locale":"es_ES"}},"Offers":{"Summaries":[{"Condition":{"Value":"New"},"LowestPrice":{"Amount":14.9,"Currency":"EUR","DisplayAmount":"14,90 € (29,80 € / l)","PricePerUnit":29.8}}]}},{"ASIN":"B0BPN5PWY3","DetailPageURL":"https://www.amazon.es/dp/B0BPN5PWY3?tag=topinalambricos-21&linkCode=osi&th=1&psc=1","Images":{"Primary":{"Small":{"Height":75,"URL":"https://m.media-amazon.com/images/I/511GOk2abCL._SL75_.jpg","Width":75}}},"ItemInfo":{"ByLineInfo":{"Brand":{"DisplayValue":"GxDetail","Label":"Brand","Locale":"es_ES"},"Manufacturer":{"DisplayValue":"GxDetail","Label":"Manufacturer","Locale":"es_ES"}},"Title":{"DisplayValue":"GxDetail Pack Cuidado Cuero - Kit Limpieza e Hidratación para Cuero Coche Gx Detail - Kit Con Accesorios y Limpiador de Asientos de Cuero - Limpia Asientos Tapicerias Piel y Cuero de Coche...","Label":"Title","Locale":"es_ES"}},"Offers":{"Summaries":[{"Condition":{"Value":"New"},"LowestPrice":{"Amount":34.95,"Currency":"EUR","DisplayAmount":"34,95 € (34,95 € / l)","PricePerUnit":34.95}}]}},{"ASIN":"B005EBNZTI","DetailPageURL":"https://www.amazon.es/dp/B005EBNZTI?tag=topinalambricos-21&linkCode=osi&th=1&psc=1","Images":{"Primary":{"Small":{"Height":75,"URL":"https://m.media-amazon.com/images/I/41MKOfJ00uL._SL75_.jpg","Width":75}}},"ItemInfo":{"ByLineInfo":{"Brand":{"DisplayValue":"Renapur","Label":"Brand","Locale":"es_ES"},"Manufacturer":{"DisplayValue":"Renapur Ltd","Label":"Manufacturer","Locale":"es_ES"}},"Title":{"DisplayValue":"Bálsamo de cuero, bálsamo natural, acondicionador y restaurador Renapur (200ml + esponja aplicadora)","Label":"Title","Locale":"es_ES"}},"Offers":{"Summaries":[{"Condition":{"Value":"New"},"LowestPrice":{"Amount":17.5,"Currency":"EUR","DisplayAmount":"17,50 €"}}]}},{"ASIN":"B01M0E5OC6","DetailPageURL":"https://www.amazon.es/dp/B01M0E5OC6?tag=topinalambricos-21&linkCode=osi&th=1&psc=1","Images":{"Primary":{"Small":{"Height":75,"URL":"https://m.media-amazon.com/images/I/31aqST56JDL._SL75_.jpg","Width":75}}},"ItemInfo":{"ByLineInfo":{"Brand":{"DisplayValue":"QM Cleaner","Label":"Brand","Locale":"es_ES"},"Manufacturer":{"DisplayValue":"QM Cleaner","Label":"Manufacturer","Locale":"es_ES"}},"Title":{"DisplayValue":"QM Cleaner LEATHER | Limpiador para cuero, piel y polipiel - Ideal para sillones, tapicerías de vehículos y complementos (Bolsos, chaquetas...) - 500ml","Label":"Title","Locale":"es_ES"}},"Offers":{"Summaries":[{"Condition":{"Value":"New"},"LowestPrice":{"Amount":15.99,"Currency":"EUR","DisplayAmount":"15,99 €"}}]}}],"SearchURL":"https://www.amazon.es/s?k=limpiar+cuero&rh=n%3A2424866031%2Cp_n_availability%3A-1&tag=topinalambricos-21&linkCode=osi","TotalResultCount":743}},"28":{"SearchResult":{"Items":[{"ASIN":"B07SL4WY1W","DetailPageURL":"https://www.amazon.es/dp/B07SL4WY1W?tag=topinalambricos-21&linkCode=osi&th=1&psc=1","Images":{"Primary":{"Small":{"Height":75,"URL":"https://m.media-amazon.com/images/I/4150jn7SysL._SL75_.jpg","Width":75}}},"ItemInfo":{"ByLineInfo":{"Brand":{"DisplayValue":"Maddox Detail","Label":"Brand","Locale":"es_ES"},"Manufacturer":{"DisplayValue":"Maddox Automoción SL","Label":"Manufacturer","Locale":"es_ES"}},"Title":{"DisplayValue":"Maddox Detail - Leather Detailer 500 ml | Limpiador y Acondicionador de Cuero | Limpieza Profunda para Coche y Sofá | Tratamiento de Piel | Elimina Suciedad y Manchas | Restaura Asientos","Label":"Title","Locale":"es_ES"}},"Offers":{"Summaries":[{"Condition":{"Value":"New"},"LowestPrice":{"Amount":12.9,"Currency":"EUR","DisplayAmount":"12,90 € (25,80 € / l)","PricePerUnit":25.8}}]}},{"ASIN":"B007DJ566O","DetailPageURL":"https://www.amazon.es/dp/B007DJ566O?tag=topinalambricos-21&linkCode=osi&th=1&psc=1","Images":{"Primary":{"Small":{"Height":75,"URL":"https://m.media-amazon.com/images/I/41Arv3FwqYL._SL75_.jpg","Width":75}}},"ItemInfo":{"ByLineInfo":{"Brand":{"DisplayValue":"DELARA","Label":"Brand","Locale":"es_ES"},"Manufacturer":{"DisplayValue":"DELARA","Label":"Manufacturer","Locale":"es_ES"}},"Title":{"DisplayValue":"DELARA Protector intensivo de cuero 100 ml, color: incoloro – Made in Germany","Label":"Title","Locale":"es_ES"}},"Offers":{"Summaries":[{"Condition":{"Value":"New"},"LowestPrice":{"Amount":10.99,"Currency":"EUR","DisplayAmount":"10,99 €"}}]}},{"ASIN":"B0BNZ6LN98","DetailPageURL":"https://www.amazon.es/dp/B0BNZ6LN98?tag=topinalambricos-21&linkCode=osi&th=1&psc=1","Images":{"Primary":{"Small":{"Height":75,"URL":"https://m.media-amazon.com/images/I/41FW8HzHpVL._SL75_.jpg","Width":75}}},"ItemInfo":{"ByLineInfo":{"Brand":{"DisplayValue":"GxDetail","Label":"Brand","Locale":"es_ES"},"Manufacturer":{"DisplayValue":"GxDetail","Label":"Manufacturer","Locale":"es_ES"}},"Title":{"DisplayValue":"GxDetail Limpiador de Cuero y Piel - Limpia, protege y ayuda a mantener las superficies nuevas - Limpiador de Asientos de coche de Cuero - Leather Cleaner (500 ml.)","Label":"Title","Locale":"es_ES"}},"Offers":{"Summaries":[{"Condition":{"Value":"New"},"LowestPrice":{"Amount":10.99,"Currency":"EUR","DisplayAmount":"10,99 € (21,98 € / l)","PricePerUnit":21.98}}]}},{"ASIN":"B07JWHH61W","DetailPageURL":"https://www.amazon.es/dp/B07JWHH61W?tag=topinalambricos-21&linkCode=osi&th=1&psc=1","Images":{"Primary":{"Small":{"Height":75,"URL":"https://m.media-amazon.com/images/I/51mbQkPkmeL._SL75_.jpg","Width":75}}},"ItemInfo":{"ByLineInfo":{"Brand":{"DisplayValue":"Maddox Detail","Label":"Brand","Locale":"es_ES"},"Manufacturer":{"DisplayValue":"Maddox Automoción","Label":"Manufacturer","Locale":"es_ES"}},"Title":{"DisplayValue":"Maddox Detail - Leather Care Kit 500ml | Limpiador y Acondicionador de Cuero y Piel | Incluye Microfibra | Kit Limpiador de Tapicería de Coche","Label":"Title","Locale":"es_ES"}},"Offers":{"Summaries":[{"Condition":{"Value":"New"},"LowestPrice":{"Amount":26.5,"Currency":"EUR","DisplayAmount":"26,50 € (26,50 € / l)","PricePerUnit":26.5}}]}},{"ASIN":"B07K9XPXF8","DetailPageURL":"https://www.amazon.es/dp/B07K9XPXF8?tag=topinalambricos-21&linkCode=osi&th=1&psc=1","Images":{"Primary":{"Small":{"Height":75,"URL":"https://m.media-amazon.com/images/I/41IdIjP7B3L._SL75_.jpg","Width":75}}},"ItemInfo":{"ByLineInfo":{"Brand":{"DisplayValue":"QM Cleaner","Label":"Brand","Locale":"es_ES"},"Manufacturer":{"DisplayValue":"QM Cleaner","Label":"Manufacturer","Locale":"es_ES"}},"Title":{"DisplayValue":"QM Cleaner Limpieza e hidratación Cuero. Cuidado y Limpieza de la tapicería del Coche, sillones Sofa de Cuero. Limpia e hidrata (Kit Leather)","Label":"Title","Locale":"es_ES"}},"Offers":{"Summaries":[{"Condition":{"Value":"New"},"LowestPrice":{"Amount":28.49,"Currency":"EUR","DisplayAmount":"28,49 €"}}]}},{"ASIN":"B0BHT8LCCP","DetailPageURL":"https://www.amazon.es/dp/B0BHT8LCCP?tag=topinalambricos-21&linkCode=osi&th=1&psc=1","Images":{"Primary":{"Small":{"Height":75,"URL":"https://m.media-amazon.com/images/I/31vFEUUo0OL._SL75_.jpg","Width":75}}},"ItemInfo":{"ByLineInfo":{"Brand":{"DisplayValue":"LAAV","Label":"Brand","Locale":"es_ES"},"Manufacturer":{"DisplayValue":"CSG Sp. z o.o.","Label":"Manufacturer","Locale":"es_ES"}},"Title":{"DisplayValue":"LAAV Limpiador Cuero Leather Cleaner (250 ml) I Elimina la Suciedad y Las Manchas, no Seca I Limpiador Tapiceria Coche I Producto de Limpieza Ecológico para Todos los Productos de Piel","Label":"Title","Locale":"es_ES"}},"Offers":{"Summaries":[{"Condition":{"Value":"New"},"LowestPrice":{"Amount":6.9,"Currency":"EUR","DisplayAmount":"6,90 € (27,60 € / l)","PricePerUnit":27.6}}]}},{"ASIN":"B074KKZVMF","DetailPageURL":"https://www.amazon.es/dp/B074KKZVMF?tag=topinalambricos-21&linkCode=osi&th=1&psc=1","Images":{"Primary":{"Small":{"Height":75,"URL":"https://m.media-amazon.com/images/I/410nKkuP99L._SL75_.jpg","Width":75}}},"ItemInfo":{"ByLineInfo":{"Brand":{"DisplayValue":"Maddox Detail","Label":"Brand","Locale":"es_ES"},"Manufacturer":{"DisplayValue":"Maddox Automocion Sl","Label":"Manufacturer","Locale":"es_ES"}},"Title":{"DisplayValue":"Maddox Detail - Leather Conditioner 500ml | Hidratante y Tratamiento Cuero Coche | Limpiador Asientos de Cuero y Piel, Negro","Label":"Title","Locale":"es_ES"}},"Offers":{"Summaries":[{"Condition":{"Value":"New"},"LowestPrice":{"Amount":14.9,"Currency":"EUR","DisplayAmount":"14,90 € (29,80 € / l)","PricePerUnit":29.8}}]}},{"ASIN":"B0BPN5PWY3","DetailPageURL":"https://www.amazon.es/dp/B0BPN5PWY3?tag=topinalambricos-21&linkCode=osi&th=1&psc=1","Images":{"Primary":{"Small":{"Height":75,"URL":"https://m.media-amazon.com/images/I/511GOk2abCL._SL75_.jpg","Width":75}}},"ItemInfo":{"ByLineInfo":{"Brand":{"DisplayValue":"GxDetail","Label":"Brand","Locale":"es_ES"},"Manufacturer":{"DisplayValue":"GxDetail","Label":"Manufacturer","Locale":"es_ES"}},"Title":{"DisplayValue":"GxDetail Pack Cuidado Cuero - Kit Limpieza e Hidratación para Cuero Coche Gx Detail - Kit Con Accesorios y Limpiador de Asientos de Cuero - Limpia Asientos Tapicerias Piel y Cuero de Coche...","Label":"Title","Locale":"es_ES"}},"Offers":{"Summaries":[{"Condition":{"Value":"New"},"LowestPrice":{"Amount":34.95,"Currency":"EUR","DisplayAmount":"34,95 € (34,95 € / l)","PricePerUnit":34.95}}]}},{"ASIN":"B005EBNZTI","DetailPageURL":"https://www.amazon.es/dp/B005EBNZTI?tag=topinalambricos-21&linkCode=osi&th=1&psc=1","Images":{"Primary":{"Small":{"Height":75,"URL":"https://m.media-amazon.com/images/I/41MKOfJ00uL._SL75_.jpg","Width":75}}},"ItemInfo":{"ByLineInfo":{"Brand":{"DisplayValue":"Renapur","Label":"Brand","Locale":"es_ES"},"Manufacturer":{"DisplayValue":"Renapur Ltd","Label":"Manufacturer","Locale":"es_ES"}},"Title":{"DisplayValue":"Bálsamo de cuero, bálsamo natural, acondicionador y restaurador Renapur (200ml + esponja aplicadora)","Label":"Title","Locale":"es_ES"}},"Offers":{"Summaries":[{"Condition":{"Value":"New"},"LowestPrice":{"Amount":17.5,"Currency":"EUR","DisplayAmount":"17,50 €"}}]}},{"ASIN":"B01M0E5OC6","DetailPageURL":"https://www.amazon.es/dp/B01M0E5OC6?tag=topinalambricos-21&linkCode=osi&th=1&psc=1","Images":{"Primary":{"Small":{"Height":75,"URL":"https://m.media-amazon.com/images/I/31aqST56JDL._SL75_.jpg","Width":75}}},"ItemInfo":{"ByLineInfo":{"Brand":{"DisplayValue":"QM Cleaner","Label":"Brand","Locale":"es_ES"},"Manufacturer":{"DisplayValue":"QM Cleaner","Label":"Manufacturer","Locale":"es_ES"}},"Title":{"DisplayValue":"QM Cleaner LEATHER | Limpiador para cuero, piel y polipiel - Ideal para sillones, tapicerías de vehículos y complementos (Bolsos, chaquetas...) - 500ml","Label":"Title","Locale":"es_ES"}},"Offers":{"Summaries":[{"Condition":{"Value":"New"},"LowestPrice":{"Amount":15.99,"Currency":"EUR","DisplayAmount":"15,99 €"}}]}}],"SearchURL":"https://www.amazon.es/s?k=limpiar+cuero&rh=n%3A2424866031%2Cp_n_availability%3A-1&tag=topinalambricos-21&linkCode=osi","TotalResultCount":743}},"29":{"SearchResult":{"Items":[{"ASIN":"B07SL4WY1W","DetailPageURL":"https://www.amazon.es/dp/B07SL4WY1W?tag=topinalambricos-21&linkCode=osi&th=1&psc=1","Images":{"Primary":{"Small":{"Height":75,"URL":"https://m.media-amazon.com/images/I/4150jn7SysL._SL75_.jpg","Width":75}}},"ItemInfo":{"ByLineInfo":{"Brand":{"DisplayValue":"Maddox Detail","Label":"Brand","Locale":"es_ES"},"Manufacturer":{"DisplayValue":"Maddox Automoción SL","Label":"Manufacturer","Locale":"es_ES"}},"Title":{"DisplayValue":"Maddox Detail - Leather Detailer 500 ml | Limpiador y Acondicionador de Cuero | Limpieza Profunda para Coche y Sofá | Tratamiento de Piel | Elimina Suciedad y Manchas | Restaura Asientos","Label":"Title","Locale":"es_ES"}},"Offers":{"Summaries":[{"Condition":{"Value":"New"},"LowestPrice":{"Amount":12.9,"Currency":"EUR","DisplayAmount":"12,90 € (25,80 € / l)","PricePerUnit":25.8}}]}},{"ASIN":"B007DJ566O","DetailPageURL":"https://www.amazon.es/dp/B007DJ566O?tag=topinalambricos-21&linkCode=osi&th=1&psc=1","Images":{"Primary":{"Small":{"Height":75,"URL":"https://m.media-amazon.com/images/I/41Arv3FwqYL._SL75_.jpg","Width":75}}},"ItemInfo":{"ByLineInfo":{"Brand":{"DisplayValue":"DELARA","Label":"Brand","Locale":"es_ES"},"Manufacturer":{"DisplayValue":"DELARA","Label":"Manufacturer","Locale":"es_ES"}},"Title":{"DisplayValue":"DELARA Protector intensivo de cuero 100 ml, color: incoloro – Made in Germany","Label":"Title","Locale":"es_ES"}},"Offers":{"Summaries":[{"Condition":{"Value":"New"},"LowestPrice":{"Amount":10.99,"Currency":"EUR","DisplayAmount":"10,99 €"}}]}},{"ASIN":"B0BNZ6LN98","DetailPageURL":"https://www.amazon.es/dp/B0BNZ6LN98?tag=topinalambricos-21&linkCode=osi&th=1&psc=1","Images":{"Primary":{"Small":{"Height":75,"URL":"https://m.media-amazon.com/images/I/41FW8HzHpVL._SL75_.jpg","Width":75}}},"ItemInfo":{"ByLineInfo":{"Brand":{"DisplayValue":"GxDetail","Label":"Brand","Locale":"es_ES"},"Manufacturer":{"DisplayValue":"GxDetail","Label":"Manufacturer","Locale":"es_ES"}},"Title":{"DisplayValue":"GxDetail Limpiador de Cuero y Piel - Limpia, protege y ayuda a mantener las superficies nuevas - Limpiador de Asientos de coche de Cuero - Leather Cleaner (500 ml.)","Label":"Title","Locale":"es_ES"}},"Offers":{"Summaries":[{"Condition":{"Value":"New"},"LowestPrice":{"Amount":10.99,"Currency":"EUR","DisplayAmount":"10,99 € (21,98 € / l)","PricePerUnit":21.98}}]}},{"ASIN":"B07JWHH61W","DetailPageURL":"https://www.amazon.es/dp/B07JWHH61W?tag=topinalambricos-21&linkCode=osi&th=1&psc=1","Images":{"Primary":{"Small":{"Height":75,"URL":"https://m.media-amazon.com/images/I/51mbQkPkmeL._SL75_.jpg","Width":75}}},"ItemInfo":{"ByLineInfo":{"Brand":{"DisplayValue":"Maddox Detail","Label":"Brand","Locale":"es_ES"},"Manufacturer":{"DisplayValue":"Maddox Automoción","Label":"Manufacturer","Locale":"es_ES"}},"Title":{"DisplayValue":"Maddox Detail - Leather Care Kit 500ml | Limpiador y Acondicionador de Cuero y Piel | Incluye Microfibra | Kit Limpiador de Tapicería de Coche","Label":"Title","Locale":"es_ES"}},"Offers":{"Summaries":[{"Condition":{"Value":"New"},"LowestPrice":{"Amount":26.5,"Currency":"EUR","DisplayAmount":"26,50 € (26,50 € / l)","PricePerUnit":26.5}}]}},{"ASIN":"B07K9XPXF8","DetailPageURL":"https://www.amazon.es/dp/B07K9XPXF8?tag=topinalambricos-21&linkCode=osi&th=1&psc=1","Images":{"Primary":{"Small":{"Height":75,"URL":"https://m.media-amazon.com/images/I/41IdIjP7B3L._SL75_.jpg","Width":75}}},"ItemInfo":{"ByLineInfo":{"Brand":{"DisplayValue":"QM Cleaner","Label":"Brand","Locale":"es_ES"},"Manufacturer":{"DisplayValue":"QM Cleaner","Label":"Manufacturer","Locale":"es_ES"}},"Title":{"DisplayValue":"QM Cleaner Limpieza e hidratación Cuero. Cuidado y Limpieza de la tapicería del Coche, sillones Sofa de Cuero. Limpia e hidrata (Kit Leather)","Label":"Title","Locale":"es_ES"}},"Offers":{"Summaries":[{"Condition":{"Value":"New"},"LowestPrice":{"Amount":28.49,"Currency":"EUR","DisplayAmount":"28,49 €"}}]}},{"ASIN":"B0BHT8LCCP","DetailPageURL":"https://www.amazon.es/dp/B0BHT8LCCP?tag=topinalambricos-21&linkCode=osi&th=1&psc=1","Images":{"Primary":{"Small":{"Height":75,"URL":"https://m.media-amazon.com/images/I/31vFEUUo0OL._SL75_.jpg","Width":75}}},"ItemInfo":{"ByLineInfo":{"Brand":{"DisplayValue":"LAAV","Label":"Brand","Locale":"es_ES"},"Manufacturer":{"DisplayValue":"CSG Sp. z o.o.","Label":"Manufacturer","Locale":"es_ES"}},"Title":{"DisplayValue":"LAAV Limpiador Cuero Leather Cleaner (250 ml) I Elimina la Suciedad y Las Manchas, no Seca I Limpiador Tapiceria Coche I Producto de Limpieza Ecológico para Todos los Productos de Piel","Label":"Title","Locale":"es_ES"}},"Offers":{"Summaries":[{"Condition":{"Value":"New"},"LowestPrice":{"Amount":6.9,"Currency":"EUR","DisplayAmount":"6,90 € (27,60 € / l)","PricePerUnit":27.6}}]}},{"ASIN":"B074KKZVMF","DetailPageURL":"https://www.amazon.es/dp/B074KKZVMF?tag=topinalambricos-21&linkCode=osi&th=1&psc=1","Images":{"Primary":{"Small":{"Height":75,"URL":"https://m.media-amazon.com/images/I/410nKkuP99L._SL75_.jpg","Width":75}}},"ItemInfo":{"ByLineInfo":{"Brand":{"DisplayValue":"Maddox Detail","Label":"Brand","Locale":"es_ES"},"Manufacturer":{"DisplayValue":"Maddox Automocion Sl","Label":"Manufacturer","Locale":"es_ES"}},"Title":{"DisplayValue":"Maddox Detail - Leather Conditioner 500ml | Hidratante y Tratamiento Cuero Coche | Limpiador Asientos de Cuero y Piel, Negro","Label":"Title","Locale":"es_ES"}},"Offers":{"Summaries":[{"Condition":{"Value":"New"},"LowestPrice":{"Amount":14.9,"Currency":"EUR","DisplayAmount":"14,90 € (29,80 € / l)","PricePerUnit":29.8}}]}},{"ASIN":"B0BPN5PWY3","DetailPageURL":"https://www.amazon.es/dp/B0BPN5PWY3?tag=topinalambricos-21&linkCode=osi&th=1&psc=1","Images":{"Primary":{"Small":{"Height":75,"URL":"https://m.media-amazon.com/images/I/511GOk2abCL._SL75_.jpg","Width":75}}},"ItemInfo":{"ByLineInfo":{"Brand":{"DisplayValue":"GxDetail","Label":"Brand","Locale":"es_ES"},"Manufacturer":{"DisplayValue":"GxDetail","Label":"Manufacturer","Locale":"es_ES"}},"Title":{"DisplayValue":"GxDetail Pack Cuidado Cuero - Kit Limpieza e Hidratación para Cuero Coche Gx Detail - Kit Con Accesorios y Limpiador de Asientos de Cuero - Limpia Asientos Tapicerias Piel y Cuero de Coche...","Label":"Title","Locale":"es_ES"}},"Offers":{"Summaries":[{"Condition":{"Value":"New"},"LowestPrice":{"Amount":34.95,"Currency":"EUR","DisplayAmount":"34,95 € (34,95 € / l)","PricePerUnit":34.95}}]}},{"ASIN":"B005EBNZTI","DetailPageURL":"https://www.amazon.es/dp/B005EBNZTI?tag=topinalambricos-21&linkCode=osi&th=1&psc=1","Images":{"Primary":{"Small":{"Height":75,"URL":"https://m.media-amazon.com/images/I/41MKOfJ00uL._SL75_.jpg","Width":75}}},"ItemInfo":{"ByLineInfo":{"Brand":{"DisplayValue":"Renapur","Label":"Brand","Locale":"es_ES"},"Manufacturer":{"DisplayValue":"Renapur Ltd","Label":"Manufacturer","Locale":"es_ES"}},"Title":{"DisplayValue":"Bálsamo de cuero, bálsamo natural, acondicionador y restaurador Renapur (200ml + esponja aplicadora)","Label":"Title","Locale":"es_ES"}},"Offers":{"Summaries":[{"Condition":{"Value":"New"},"LowestPrice":{"Amount":17.5,"Currency":"EUR","DisplayAmount":"17,50 €"}}]}},{"ASIN":"B01M0E5OC6","DetailPageURL":"https://www.amazon.es/dp/B01M0E5OC6?tag=topinalambricos-21&linkCode=osi&th=1&psc=1","Images":{"Primary":{"Small":{"Height":75,"URL":"https://m.media-amazon.com/images/I/31aqST56JDL._SL75_.jpg","Width":75}}},"ItemInfo":{"ByLineInfo":{"Brand":{"DisplayValue":"QM Cleaner","Label":"Brand","Locale":"es_ES"},"Manufacturer":{"DisplayValue":"QM Cleaner","Label":"Manufacturer","Locale":"es_ES"}},"Title":{"DisplayValue":"QM Cleaner LEATHER | Limpiador para cuero, piel y polipiel - Ideal para sillones, tapicerías de vehículos y complementos (Bolsos, chaquetas...) - 500ml","Label":"Title","Locale":"es_ES"}},"Offers":{"Summaries":[{"Condition":{"Value":"New"},"LowestPrice":{"Amount":15.99,"Currency":"EUR","DisplayAmount":"15,99 €"}}]}}],"SearchURL":"https://www.amazon.es/s?k=limpiar+cuero&rh=n%3A2424866031%2Cp_n_availability%3A-1&tag=topinalambricos-21&linkCode=osi","TotalResultCount":743}},"30":{"SearchResult":{"Items":[{"ASIN":"B07SL4WY1W","DetailPageURL":"https://www.amazon.es/dp/B07SL4WY1W?tag=topinalambricos-21&linkCode=osi&th=1&psc=1","Images":{"Primary":{"Small":{"Height":75,"URL":"https://m.media-amazon.com/images/I/4150jn7SysL._SL75_.jpg","Width":75}}},"ItemInfo":{"ByLineInfo":{"Brand":{"DisplayValue":"Maddox Detail","Label":"Brand","Locale":"es_ES"},"Manufacturer":{"DisplayValue":"Maddox Automoción SL","Label":"Manufacturer","Locale":"es_ES"}},"Title":{"DisplayValue":"Maddox Detail - Leather Detailer 500 ml | Limpiador y Acondicionador de Cuero | Limpieza Profunda para Coche y Sofá | Tratamiento de Piel | Elimina Suciedad y Manchas | Restaura Asientos","Label":"Title","Locale":"es_ES"}},"Offers":{"Summaries":[{"Condition":{"Value":"New"},"LowestPrice":{"Amount":12.9,"Currency":"EUR","DisplayAmount":"12,90 € (25,80 € / l)","PricePerUnit":25.8}}]}},{"ASIN":"B007DJ566O","DetailPageURL":"https://www.amazon.es/dp/B007DJ566O?tag=topinalambricos-21&linkCode=osi&th=1&psc=1","Images":{"Primary":{"Small":{"Height":75,"URL":"https://m.media-amazon.com/images/I/41Arv3FwqYL._SL75_.jpg","Width":75}}},"ItemInfo":{"ByLineInfo":{"Brand":{"DisplayValue":"DELARA","Label":"Brand","Locale":"es_ES"},"Manufacturer":{"DisplayValue":"DELARA","Label":"Manufacturer","Locale":"es_ES"}},"Title":{"DisplayValue":"DELARA Protector intensivo de cuero 100 ml, color: incoloro – Made in Germany","Label":"Title","Locale":"es_ES"}},"Offers":{"Summaries":[{"Condition":{"Value":"New"},"LowestPrice":{"Amount":10.99,"Currency":"EUR","DisplayAmount":"10,99 €"}}]}},{"ASIN":"B0BNZ6LN98","DetailPageURL":"https://www.amazon.es/dp/B0BNZ6LN98?tag=topinalambricos-21&linkCode=osi&th=1&psc=1","Images":{"Primary":{"Small":{"Height":75,"URL":"https://m.media-amazon.com/images/I/41FW8HzHpVL._SL75_.jpg","Width":75}}},"ItemInfo":{"ByLineInfo":{"Brand":{"DisplayValue":"GxDetail","Label":"Brand","Locale":"es_ES"},"Manufacturer":{"DisplayValue":"GxDetail","Label":"Manufacturer","Locale":"es_ES"}},"Title":{"DisplayValue":"GxDetail Limpiador de Cuero y Piel - Limpia, protege y ayuda a mantener las superficies nuevas - Limpiador de Asientos de coche de Cuero - Leather Cleaner (500 ml.)","Label":"Title","Locale":"es_ES"}},"Offers":{"Summaries":[{"Condition":{"Value":"New"},"LowestPrice":{"Amount":10.99,"Currency":"EUR","DisplayAmount":"10,99 € (21,98 € / l)","PricePerUnit":21.98}}]}},{"ASIN":"B07JWHH61W","DetailPageURL":"https://www.amazon.es/dp/B07JWHH61W?tag=topinalambricos-21&linkCode=osi&th=1&psc=1","Images":{"Primary":{"Small":{"Height":75,"URL":"https://m.media-amazon.com/images/I/51mbQkPkmeL._SL75_.jpg","Width":75}}},"ItemInfo":{"ByLineInfo":{"Brand":{"DisplayValue":"Maddox Detail","Label":"Brand","Locale":"es_ES"},"Manufacturer":{"DisplayValue":"Maddox Automoción","Label":"Manufacturer","Locale":"es_ES"}},"Title":{"DisplayValue":"Maddox Detail - Leather Care Kit 500ml | Limpiador y Acondicionador de Cuero y Piel | Incluye Microfibra | Kit Limpiador de Tapicería de Coche","Label":"Title","Locale":"es_ES"}},"Offers":{"Summaries":[{"Condition":{"Value":"New"},"LowestPrice":{"Amount":26.5,"Currency":"EUR","DisplayAmount":"26,50 € (26,50 € / l)","PricePerUnit":26.5}}]}},{"ASIN":"B07K9XPXF8","DetailPageURL":"https://www.amazon.es/dp/B07K9XPXF8?tag=topinalambricos-21&linkCode=osi&th=1&psc=1","Images":{"Primary":{"Small":{"Height":75,"URL":"https://m.media-amazon.com/images/I/41IdIjP7B3L._SL75_.jpg","Width":75}}},"ItemInfo":{"ByLineInfo":{"Brand":{"DisplayValue":"QM Cleaner","Label":"Brand","Locale":"es_ES"},"Manufacturer":{"DisplayValue":"QM Cleaner","Label":"Manufacturer","Locale":"es_ES"}},"Title":{"DisplayValue":"QM Cleaner Limpieza e hidratación Cuero. Cuidado y Limpieza de la tapicería del Coche, sillones Sofa de Cuero. Limpia e hidrata (Kit Leather)","Label":"Title","Locale":"es_ES"}},"Offers":{"Summaries":[{"Condition":{"Value":"New"},"LowestPrice":{"Amount":28.49,"Currency":"EUR","DisplayAmount":"28,49 €"}}]}},{"ASIN":"B0BHT8LCCP","DetailPageURL":"https://www.amazon.es/dp/B0BHT8LCCP?tag=topinalambricos-21&linkCode=osi&th=1&psc=1","Images":{"Primary":{"Small":{"Height":75,"URL":"https://m.media-amazon.com/images/I/31vFEUUo0OL._SL75_.jpg","Width":75}}},"ItemInfo":{"ByLineInfo":{"Brand":{"DisplayValue":"LAAV","Label":"Brand","Locale":"es_ES"},"Manufacturer":{"DisplayValue":"CSG Sp. z o.o.","Label":"Manufacturer","Locale":"es_ES"}},"Title":{"DisplayValue":"LAAV Limpiador Cuero Leather Cleaner (250 ml) I Elimina la Suciedad y Las Manchas, no Seca I Limpiador Tapiceria Coche I Producto de Limpieza Ecológico para Todos los Productos de Piel","Label":"Title","Locale":"es_ES"}},"Offers":{"Summaries":[{"Condition":{"Value":"New"},"LowestPrice":{"Amount":6.9,"Currency":"EUR","DisplayAmount":"6,90 € (27,60 € / l)","PricePerUnit":27.6}}]}},{"ASIN":"B074KKZVMF","DetailPageURL":"https://www.amazon.es/dp/B074KKZVMF?tag=topinalambricos-21&linkCode=osi&th=1&psc=1","Images":{"Primary":{"Small":{"Height":75,"URL":"https://m.media-amazon.com/images/I/410nKkuP99L._SL75_.jpg","Width":75}}},"ItemInfo":{"ByLineInfo":{"Brand":{"DisplayValue":"Maddox Detail","Label":"Brand","Locale":"es_ES"},"Manufacturer":{"DisplayValue":"Maddox Automocion Sl","Label":"Manufacturer","Locale":"es_ES"}},"Title":{"DisplayValue":"Maddox Detail - Leather Conditioner 500ml | Hidratante y Tratamiento Cuero Coche | Limpiador Asientos de Cuero y Piel, Negro","Label":"Title","Locale":"es_ES"}},"Offers":{"Summaries":[{"Condition":{"Value":"New"},"LowestPrice":{"Amount":14.9,"Currency":"EUR","DisplayAmount":"14,90 € (29,80 € / l)","PricePerUnit":29.8}}]}},{"ASIN":"B0BPN5PWY3","DetailPageURL":"https://www.amazon.es/dp/B0BPN5PWY3?tag=topinalambricos-21&linkCode=osi&th=1&psc=1","Images":{"Primary":{"Small":{"Height":75,"URL":"https://m.media-amazon.com/images/I/511GOk2abCL._SL75_.jpg","Width":75}}},"ItemInfo":{"ByLineInfo":{"Brand":{"DisplayValue":"GxDetail","Label":"Brand","Locale":"es_ES"},"Manufacturer":{"DisplayValue":"GxDetail","Label":"Manufacturer","Locale":"es_ES"}},"Title":{"DisplayValue":"GxDetail Pack Cuidado Cuero - Kit Limpieza e Hidratación para Cuero Coche Gx Detail - Kit Con Accesorios y Limpiador de Asientos de Cuero - Limpia Asientos Tapicerias Piel y Cuero de Coche...","Label":"Title","Locale":"es_ES"}},"Offers":{"Summaries":[{"Condition":{"Value":"New"},"LowestPrice":{"Amount":34.95,"Currency":"EUR","DisplayAmount":"34,95 € (34,95 € / l)","PricePerUnit":34.95}}]}},{"ASIN":"B005EBNZTI","DetailPageURL":"https://www.amazon.es/dp/B005EBNZTI?tag=topinalambricos-21&linkCode=osi&th=1&psc=1","Images":{"Primary":{"Small":{"Height":75,"URL":"https://m.media-amazon.com/images/I/41MKOfJ00uL._SL75_.jpg","Width":75}}},"ItemInfo":{"ByLineInfo":{"Brand":{"DisplayValue":"Renapur","Label":"Brand","Locale":"es_ES"},"Manufacturer":{"DisplayValue":"Renapur Ltd","Label":"Manufacturer","Locale":"es_ES"}},"Title":{"DisplayValue":"Bálsamo de cuero, bálsamo natural, acondicionador y restaurador Renapur (200ml + esponja aplicadora)","Label":"Title","Locale":"es_ES"}},"Offers":{"Summaries":[{"Condition":{"Value":"New"},"LowestPrice":{"Amount":17.5,"Currency":"EUR","DisplayAmount":"17,50 €"}}]}},{"ASIN":"B01M0E5OC6","DetailPageURL":"https://www.amazon.es/dp/B01M0E5OC6?tag=topinalambricos-21&linkCode=osi&th=1&psc=1","Images":{"Primary":{"Small":{"Height":75,"URL":"https://m.media-amazon.com/images/I/31aqST56JDL._SL75_.jpg","Width":75}}},"ItemInfo":{"ByLineInfo":{"Brand":{"DisplayValue":"QM Cleaner","Label":"Brand","Locale":"es_ES"},"Manufacturer":{"DisplayValue":"QM Cleaner","Label":"Manufacturer","Locale":"es_ES"}},"Title":{"DisplayValue":"QM Cleaner LEATHER | Limpiador para cuero, piel y polipiel - Ideal para sillones, tapicerías de vehículos y complementos (Bolsos, chaquetas...) - 500ml","Label":"Title","Locale":"es_ES"}},"Offers":{"Summaries":[{"Condition":{"Value":"New"},"LowestPrice":{"Amount":15.99,"Currency":"EUR","DisplayAmount":"15,99 €"}}]}}],"SearchURL":"https://www.amazon.es/s?k=limpiar+cuero&rh=n%3A2424866031%2Cp_n_availability%3A-1&tag=topinalambricos-21&linkCode=osi","TotalResultCount":743}},"31":{"SearchResult":{"Items":[{"ASIN":"B07SL4WY1W","DetailPageURL":"https://www.amazon.es/dp/B07SL4WY1W?tag=topinalambricos-21&linkCode=osi&th=1&psc=1","Images":{"Primary":{"Small":{"Height":75,"URL":"https://m.media-amazon.com/images/I/4150jn7SysL._SL75_.jpg","Width":75}}},"ItemInfo":{"ByLineInfo":{"Brand":{"DisplayValue":"Maddox Detail","Label":"Brand","Locale":"es_ES"},"Manufacturer":{"DisplayValue":"Maddox Automoción SL","Label":"Manufacturer","Locale":"es_ES"}},"Title":{"DisplayValue":"Maddox Detail - Leather Detailer 500 ml | Limpiador y Acondicionador de Cuero | Limpieza Profunda para Coche y Sofá | Tratamiento de Piel | Elimina Suciedad y Manchas | Restaura Asientos","Label":"Title","Locale":"es_ES"}},"Offers":{"Summaries":[{"Condition":{"Value":"New"},"LowestPrice":{"Amount":12.9,"Currency":"EUR","DisplayAmount":"12,90 € (25,80 € / l)","PricePerUnit":25.8}}]}},{"ASIN":"B007DJ566O","DetailPageURL":"https://www.amazon.es/dp/B007DJ566O?tag=topinalambricos-21&linkCode=osi&th=1&psc=1","Images":{"Primary":{"Small":{"Height":75,"URL":"https://m.media-amazon.com/images/I/41Arv3FwqYL._SL75_.jpg","Width":75}}},"ItemInfo":{"ByLineInfo":{"Brand":{"DisplayValue":"DELARA","Label":"Brand","Locale":"es_ES"},"Manufacturer":{"DisplayValue":"DELARA","Label":"Manufacturer","Locale":"es_ES"}},"Title":{"DisplayValue":"DELARA Protector intensivo de cuero 100 ml, color: incoloro – Made in Germany","Label":"Title","Locale":"es_ES"}},"Offers":{"Summaries":[{"Condition":{"Value":"New"},"LowestPrice":{"Amount":10.99,"Currency":"EUR","DisplayAmount":"10,99 €"}}]}},{"ASIN":"B0BNZ6LN98","DetailPageURL":"https://www.amazon.es/dp/B0BNZ6LN98?tag=topinalambricos-21&linkCode=osi&th=1&psc=1","Images":{"Primary":{"Small":{"Height":75,"URL":"https://m.media-amazon.com/images/I/41FW8HzHpVL._SL75_.jpg","Width":75}}},"ItemInfo":{"ByLineInfo":{"Brand":{"DisplayValue":"GxDetail","Label":"Brand","Locale":"es_ES"},"Manufacturer":{"DisplayValue":"GxDetail","Label":"Manufacturer","Locale":"es_ES"}},"Title":{"DisplayValue":"GxDetail Limpiador de Cuero y Piel - Limpia, protege y ayuda a mantener las superficies nuevas - Limpiador de Asientos de coche de Cuero - Leather Cleaner (500 ml.)","Label":"Title","Locale":"es_ES"}},"Offers":{"Summaries":[{"Condition":{"Value":"New"},"LowestPrice":{"Amount":10.99,"Currency":"EUR","DisplayAmount":"10,99 € (21,98 € / l)","PricePerUnit":21.98}}]}},{"ASIN":"B07JWHH61W","DetailPageURL":"https://www.amazon.es/dp/B07JWHH61W?tag=topinalambricos-21&linkCode=osi&th=1&psc=1","Images":{"Primary":{"Small":{"Height":75,"URL":"https://m.media-amazon.com/images/I/51mbQkPkmeL._SL75_.jpg","Width":75}}},"ItemInfo":{"ByLineInfo":{"Brand":{"DisplayValue":"Maddox Detail","Label":"Brand","Locale":"es_ES"},"Manufacturer":{"DisplayValue":"Maddox Automoción","Label":"Manufacturer","Locale":"es_ES"}},"Title":{"DisplayValue":"Maddox Detail - Leather Care Kit 500ml | Limpiador y Acondicionador de Cuero y Piel | Incluye Microfibra | Kit Limpiador de Tapicería de Coche","Label":"Title","Locale":"es_ES"}},"Offers":{"Summaries":[{"Condition":{"Value":"New"},"LowestPrice":{"Amount":26.5,"Currency":"EUR","DisplayAmount":"26,50 € (26,50 € / l)","PricePerUnit":26.5}}]}},{"ASIN":"B07K9XPXF8","DetailPageURL":"https://www.amazon.es/dp/B07K9XPXF8?tag=topinalambricos-21&linkCode=osi&th=1&psc=1","Images":{"Primary":{"Small":{"Height":75,"URL":"https://m.media-amazon.com/images/I/41IdIjP7B3L._SL75_.jpg","Width":75}}},"ItemInfo":{"ByLineInfo":{"Brand":{"DisplayValue":"QM Cleaner","Label":"Brand","Locale":"es_ES"},"Manufacturer":{"DisplayValue":"QM Cleaner","Label":"Manufacturer","Locale":"es_ES"}},"Title":{"DisplayValue":"QM Cleaner Limpieza e hidratación Cuero. Cuidado y Limpieza de la tapicería del Coche, sillones Sofa de Cuero. Limpia e hidrata (Kit Leather)","Label":"Title","Locale":"es_ES"}},"Offers":{"Summaries":[{"Condition":{"Value":"New"},"LowestPrice":{"Amount":28.49,"Currency":"EUR","DisplayAmount":"28,49 €"}}]}},{"ASIN":"B0BHT8LCCP","DetailPageURL":"https://www.amazon.es/dp/B0BHT8LCCP?tag=topinalambricos-21&linkCode=osi&th=1&psc=1","Images":{"Primary":{"Small":{"Height":75,"URL":"https://m.media-amazon.com/images/I/31vFEUUo0OL._SL75_.jpg","Width":75}}},"ItemInfo":{"ByLineInfo":{"Brand":{"DisplayValue":"LAAV","Label":"Brand","Locale":"es_ES"},"Manufacturer":{"DisplayValue":"CSG Sp. z o.o.","Label":"Manufacturer","Locale":"es_ES"}},"Title":{"DisplayValue":"LAAV Limpiador Cuero Leather Cleaner (250 ml) I Elimina la Suciedad y Las Manchas, no Seca I Limpiador Tapiceria Coche I Producto de Limpieza Ecológico para Todos los Productos de Piel","Label":"Title","Locale":"es_ES"}},"Offers":{"Summaries":[{"Condition":{"Value":"New"},"LowestPrice":{"Amount":6.9,"Currency":"EUR","DisplayAmount":"6,90 € (27,60 € / l)","PricePerUnit":27.6}}]}},{"ASIN":"B074KKZVMF","DetailPageURL":"https://www.amazon.es/dp/B074KKZVMF?tag=topinalambricos-21&linkCode=osi&th=1&psc=1","Images":{"Primary":{"Small":{"Height":75,"URL":"https://m.media-amazon.com/images/I/410nKkuP99L._SL75_.jpg","Width":75}}},"ItemInfo":{"ByLineInfo":{"Brand":{"DisplayValue":"Maddox Detail","Label":"Brand","Locale":"es_ES"},"Manufacturer":{"DisplayValue":"Maddox Automocion Sl","Label":"Manufacturer","Locale":"es_ES"}},"Title":{"DisplayValue":"Maddox Detail - Leather Conditioner 500ml | Hidratante y Tratamiento Cuero Coche | Limpiador Asientos de Cuero y Piel, Negro","Label":"Title","Locale":"es_ES"}},"Offers":{"Summaries":[{"Condition":{"Value":"New"},"LowestPrice":{"Amount":14.9,"Currency":"EUR","DisplayAmount":"14,90 € (29,80 € / l)","PricePerUnit":29.8}}]}},{"ASIN":"B0BPN5PWY3","DetailPageURL":"https://www.amazon.es/dp/B0BPN5PWY3?tag=topinalambricos-21&linkCode=osi&th=1&psc=1","Images":{"Primary":{"Small":{"Height":75,"URL":"https://m.media-amazon.com/images/I/511GOk2abCL._SL75_.jpg","Width":75}}},"ItemInfo":{"ByLineInfo":{"Brand":{"DisplayValue":"GxDetail","Label":"Brand","Locale":"es_ES"},"Manufacturer":{"DisplayValue":"GxDetail","Label":"Manufacturer","Locale":"es_ES"}},"Title":{"DisplayValue":"GxDetail Pack Cuidado Cuero - Kit Limpieza e Hidratación para Cuero Coche Gx Detail - Kit Con Accesorios y Limpiador de Asientos de Cuero - Limpia Asientos Tapicerias Piel y Cuero de Coche...","Label":"Title","Locale":"es_ES"}},"Offers":{"Summaries":[{"Condition":{"Value":"New"},"LowestPrice":{"Amount":34.95,"Currency":"EUR","DisplayAmount":"34,95 € (34,95 € / l)","PricePerUnit":34.95}}]}},{"ASIN":"B005EBNZTI","DetailPageURL":"https://www.amazon.es/dp/B005EBNZTI?tag=topinalambricos-21&linkCode=osi&th=1&psc=1","Images":{"Primary":{"Small":{"Height":75,"URL":"https://m.media-amazon.com/images/I/41MKOfJ00uL._SL75_.jpg","Width":75}}},"ItemInfo":{"ByLineInfo":{"Brand":{"DisplayValue":"Renapur","Label":"Brand","Locale":"es_ES"},"Manufacturer":{"DisplayValue":"Renapur Ltd","Label":"Manufacturer","Locale":"es_ES"}},"Title":{"DisplayValue":"Bálsamo de cuero, bálsamo natural, acondicionador y restaurador Renapur (200ml + esponja aplicadora)","Label":"Title","Locale":"es_ES"}},"Offers":{"Summaries":[{"Condition":{"Value":"New"},"LowestPrice":{"Amount":17.5,"Currency":"EUR","DisplayAmount":"17,50 €"}}]}},{"ASIN":"B01M0E5OC6","DetailPageURL":"https://www.amazon.es/dp/B01M0E5OC6?tag=topinalambricos-21&linkCode=osi&th=1&psc=1","Images":{"Primary":{"Small":{"Height":75,"URL":"https://m.media-amazon.com/images/I/31aqST56JDL._SL75_.jpg","Width":75}}},"ItemInfo":{"ByLineInfo":{"Brand":{"DisplayValue":"QM Cleaner","Label":"Brand","Locale":"es_ES"},"Manufacturer":{"DisplayValue":"QM Cleaner","Label":"Manufacturer","Locale":"es_ES"}},"Title":{"DisplayValue":"QM Cleaner LEATHER | Limpiador para cuero, piel y polipiel - Ideal para sillones, tapicerías de vehículos y complementos (Bolsos, chaquetas...) - 500ml","Label":"Title","Locale":"es_ES"}},"Offers":{"Summaries":[{"Condition":{"Value":"New"},"LowestPrice":{"Amount":15.99,"Currency":"EUR","DisplayAmount":"15,99 €"}}]}}],"SearchURL":"https://www.amazon.es/s?k=limpiar+cuero&rh=n%3A2424866031%2Cp_n_availability%3A-1&tag=topinalambricos-21&linkCode=osi","TotalResultCount":743}},"32":{"SearchResult":{"Items":[{"ASIN":"B07SL4WY1W","DetailPageURL":"https://www.amazon.es/dp/B07SL4WY1W?tag=topinalambricos-21&linkCode=osi&th=1&psc=1","Images":{"Primary":{"Small":{"Height":75,"URL":"https://m.media-amazon.com/images/I/4150jn7SysL._SL75_.jpg","Width":75}}},"ItemInfo":{"ByLineInfo":{"Brand":{"DisplayValue":"Maddox Detail","Label":"Brand","Locale":"es_ES"},"Manufacturer":{"DisplayValue":"Maddox Automoción SL","Label":"Manufacturer","Locale":"es_ES"}},"Title":{"DisplayValue":"Maddox Detail - Leather Detailer 500 ml | Limpiador y Acondicionador de Cuero | Limpieza Profunda para Coche y Sofá | Tratamiento de Piel | Elimina Suciedad y Manchas | Restaura Asientos","Label":"Title","Locale":"es_ES"}},"Offers":{"Summaries":[{"Condition":{"Value":"New"},"LowestPrice":{"Amount":12.9,"Currency":"EUR","DisplayAmount":"12,90 € (25,80 € / l)","PricePerUnit":25.8}}]}},{"ASIN":"B007DJ566O","DetailPageURL":"https://www.amazon.es/dp/B007DJ566O?tag=topinalambricos-21&linkCode=osi&th=1&psc=1","Images":{"Primary":{"Small":{"Height":75,"URL":"https://m.media-amazon.com/images/I/41Arv3FwqYL._SL75_.jpg","Width":75}}},"ItemInfo":{"ByLineInfo":{"Brand":{"DisplayValue":"DELARA","Label":"Brand","Locale":"es_ES"},"Manufacturer":{"DisplayValue":"DELARA","Label":"Manufacturer","Locale":"es_ES"}},"Title":{"DisplayValue":"DELARA Protector intensivo de cuero 100 ml, color: incoloro – Made in Germany","Label":"Title","Locale":"es_ES"}},"Offers":{"Summaries":[{"Condition":{"Value":"New"},"LowestPrice":{"Amount":10.99,"Currency":"EUR","DisplayAmount":"10,99 €"}}]}},{"ASIN":"B0BNZ6LN98","DetailPageURL":"https://www.amazon.es/dp/B0BNZ6LN98?tag=topinalambricos-21&linkCode=osi&th=1&psc=1","Images":{"Primary":{"Small":{"Height":75,"URL":"https://m.media-amazon.com/images/I/41FW8HzHpVL._SL75_.jpg","Width":75}}},"ItemInfo":{"ByLineInfo":{"Brand":{"DisplayValue":"GxDetail","Label":"Brand","Locale":"es_ES"},"Manufacturer":{"DisplayValue":"GxDetail","Label":"Manufacturer","Locale":"es_ES"}},"Title":{"DisplayValue":"GxDetail Limpiador de Cuero y Piel - Limpia, protege y ayuda a mantener las superficies nuevas - Limpiador de Asientos de coche de Cuero - Leather Cleaner (500 ml.)","Label":"Title","Locale":"es_ES"}},"Offers":{"Summaries":[{"Condition":{"Value":"New"},"LowestPrice":{"Amount":10.99,"Currency":"EUR","DisplayAmount":"10,99 € (21,98 € / l)","PricePerUnit":21.98}}]}},{"ASIN":"B07JWHH61W","DetailPageURL":"https://www.amazon.es/dp/B07JWHH61W?tag=topinalambricos-21&linkCode=osi&th=1&psc=1","Images":{"Primary":{"Small":{"Height":75,"URL":"https://m.media-amazon.com/images/I/51mbQkPkmeL._SL75_.jpg","Width":75}}},"ItemInfo":{"ByLineInfo":{"Brand":{"DisplayValue":"Maddox Detail","Label":"Brand","Locale":"es_ES"},"Manufacturer":{"DisplayValue":"Maddox Automoción","Label":"Manufacturer","Locale":"es_ES"}},"Title":{"DisplayValue":"Maddox Detail - Leather Care Kit 500ml | Limpiador y Acondicionador de Cuero y Piel | Incluye Microfibra | Kit Limpiador de Tapicería de Coche","Label":"Title","Locale":"es_ES"}},"Offers":{"Summaries":[{"Condition":{"Value":"New"},"LowestPrice":{"Amount":26.5,"Currency":"EUR","DisplayAmount":"26,50 € (26,50 € / l)","PricePerUnit":26.5}}]}},{"ASIN":"B07K9XPXF8","DetailPageURL":"https://www.amazon.es/dp/B07K9XPXF8?tag=topinalambricos-21&linkCode=osi&th=1&psc=1","Images":{"Primary":{"Small":{"Height":75,"URL":"https://m.media-amazon.com/images/I/41IdIjP7B3L._SL75_.jpg","Width":75}}},"ItemInfo":{"ByLineInfo":{"Brand":{"DisplayValue":"QM Cleaner","Label":"Brand","Locale":"es_ES"},"Manufacturer":{"DisplayValue":"QM Cleaner","Label":"Manufacturer","Locale":"es_ES"}},"Title":{"DisplayValue":"QM Cleaner Limpieza e hidratación Cuero. Cuidado y Limpieza de la tapicería del Coche, sillones Sofa de Cuero. Limpia e hidrata (Kit Leather)","Label":"Title","Locale":"es_ES"}},"Offers":{"Summaries":[{"Condition":{"Value":"New"},"LowestPrice":{"Amount":28.49,"Currency":"EUR","DisplayAmount":"28,49 €"}}]}},{"ASIN":"B0BHT8LCCP","DetailPageURL":"https://www.amazon.es/dp/B0BHT8LCCP?tag=topinalambricos-21&linkCode=osi&th=1&psc=1","Images":{"Primary":{"Small":{"Height":75,"URL":"https://m.media-amazon.com/images/I/31vFEUUo0OL._SL75_.jpg","Width":75}}},"ItemInfo":{"ByLineInfo":{"Brand":{"DisplayValue":"LAAV","Label":"Brand","Locale":"es_ES"},"Manufacturer":{"DisplayValue":"CSG Sp. z o.o.","Label":"Manufacturer","Locale":"es_ES"}},"Title":{"DisplayValue":"LAAV Limpiador Cuero Leather Cleaner (250 ml) I Elimina la Suciedad y Las Manchas, no Seca I Limpiador Tapiceria Coche I Producto de Limpieza Ecológico para Todos los Productos de Piel","Label":"Title","Locale":"es_ES"}},"Offers":{"Summaries":[{"Condition":{"Value":"New"},"LowestPrice":{"Amount":6.9,"Currency":"EUR","DisplayAmount":"6,90 € (27,60 € / l)","PricePerUnit":27.6}}]}},{"ASIN":"B074KKZVMF","DetailPageURL":"https://www.amazon.es/dp/B074KKZVMF?tag=topinalambricos-21&linkCode=osi&th=1&psc=1","Images":{"Primary":{"Small":{"Height":75,"URL":"https://m.media-amazon.com/images/I/410nKkuP99L._SL75_.jpg","Width":75}}},"ItemInfo":{"ByLineInfo":{"Brand":{"DisplayValue":"Maddox Detail","Label":"Brand","Locale":"es_ES"},"Manufacturer":{"DisplayValue":"Maddox Automocion Sl","Label":"Manufacturer","Locale":"es_ES"}},"Title":{"DisplayValue":"Maddox Detail - Leather Conditioner 500ml | Hidratante y Tratamiento Cuero Coche | Limpiador Asientos de Cuero y Piel, Negro","Label":"Title","Locale":"es_ES"}},"Offers":{"Summaries":[{"Condition":{"Value":"New"},"LowestPrice":{"Amount":14.9,"Currency":"EUR","DisplayAmount":"14,90 € (29,80 € / l)","PricePerUnit":29.8}}]}},{"ASIN":"B0BPN5PWY3","DetailPageURL":"https://www.amazon.es/dp/B0BPN5PWY3?tag=topinalambricos-21&linkCode=osi&th=1&psc=1","Images":{"Primary":{"Small":{"Height":75,"URL":"https://m.media-amazon.com/images/I/511GOk2abCL._SL75_.jpg","Width":75}}},"ItemInfo":{"ByLineInfo":{"Brand":{"DisplayValue":"GxDetail","Label":"Brand","Locale":"es_ES"},"Manufacturer":{"DisplayValue":"GxDetail","Label":"Manufacturer","Locale":"es_ES"}},"Title":{"DisplayValue":"GxDetail Pack Cuidado Cuero - Kit Limpieza e Hidratación para Cuero Coche Gx Detail - Kit Con Accesorios y Limpiador de Asientos de Cuero - Limpia Asientos Tapicerias Piel y Cuero de Coche...","Label":"Title","Locale":"es_ES"}},"Offers":{"Summaries":[{"Condition":{"Value":"New"},"LowestPrice":{"Amount":34.95,"Currency":"EUR","DisplayAmount":"34,95 € (34,95 € / l)","PricePerUnit":34.95}}]}},{"ASIN":"B005EBNZTI","DetailPageURL":"https://www.amazon.es/dp/B005EBNZTI?tag=topinalambricos-21&linkCode=osi&th=1&psc=1","Images":{"Primary":{"Small":{"Height":75,"URL":"https://m.media-amazon.com/images/I/41MKOfJ00uL._SL75_.jpg","Width":75}}},"ItemInfo":{"ByLineInfo":{"Brand":{"DisplayValue":"Renapur","Label":"Brand","Locale":"es_ES"},"Manufacturer":{"DisplayValue":"Renapur Ltd","Label":"Manufacturer","Locale":"es_ES"}},"Title":{"DisplayValue":"Bálsamo de cuero, bálsamo natural, acondicionador y restaurador Renapur (200ml + esponja aplicadora)","Label":"Title","Locale":"es_ES"}},"Offers":{"Summaries":[{"Condition":{"Value":"New"},"LowestPrice":{"Amount":17.5,"Currency":"EUR","DisplayAmount":"17,50 €"}}]}},{"ASIN":"B01M0E5OC6","DetailPageURL":"https://www.amazon.es/dp/B01M0E5OC6?tag=topinalambricos-21&linkCode=osi&th=1&psc=1","Images":{"Primary":{"Small":{"Height":75,"URL":"https://m.media-amazon.com/images/I/31aqST56JDL._SL75_.jpg","Width":75}}},"ItemInfo":{"ByLineInfo":{"Brand":{"DisplayValue":"QM Cleaner","Label":"Brand","Locale":"es_ES"},"Manufacturer":{"DisplayValue":"QM Cleaner","Label":"Manufacturer","Locale":"es_ES"}},"Title":{"DisplayValue":"QM Cleaner LEATHER | Limpiador para cuero, piel y polipiel - Ideal para sillones, tapicerías de vehículos y complementos (Bolsos, chaquetas...) - 500ml","Label":"Title","Locale":"es_ES"}},"Offers":{"Summaries":[{"Condition":{"Value":"New"},"LowestPrice":{"Amount":15.99,"Currency":"EUR","DisplayAmount":"15,99 €"}}]}}],"SearchURL":"https://www.amazon.es/s?k=limpiar+cuero&rh=n%3A2424866031%2Cp_n_availability%3A-1&tag=topinalambricos-21&linkCode=osi","TotalResultCount":743}},"34":{"SearchResult":{"Items":[{"ASIN":"B07SL4WY1W","DetailPageURL":"https://www.amazon.es/dp/B07SL4WY1W?tag=topinalambricos-21&linkCode=osi&th=1&psc=1","Images":{"Primary":{"Small":{"Height":75,"URL":"https://m.media-amazon.com/images/I/4150jn7SysL._SL75_.jpg","Width":75}}},"ItemInfo":{"ByLineInfo":{"Brand":{"DisplayValue":"Maddox Detail","Label":"Brand","Locale":"es_ES"},"Manufacturer":{"DisplayValue":"Maddox Automoción SL","Label":"Manufacturer","Locale":"es_ES"}},"Title":{"DisplayValue":"Maddox Detail - Leather Detailer 500 ml | Limpiador y Acondicionador de Cuero | Limpieza Profunda para Coche y Sofá | Tratamiento de Piel | Elimina Suciedad y Manchas | Restaura Asientos","Label":"Title","Locale":"es_ES"}},"Offers":{"Summaries":[{"Condition":{"Value":"New"},"LowestPrice":{"Amount":12.9,"Currency":"EUR","DisplayAmount":"12,90 € (25,80 € / l)","PricePerUnit":25.8}}]}},{"ASIN":"B007DJ566O","DetailPageURL":"https://www.amazon.es/dp/B007DJ566O?tag=topinalambricos-21&linkCode=osi&th=1&psc=1","Images":{"Primary":{"Small":{"Height":75,"URL":"https://m.media-amazon.com/images/I/41Arv3FwqYL._SL75_.jpg","Width":75}}},"ItemInfo":{"ByLineInfo":{"Brand":{"DisplayValue":"DELARA","Label":"Brand","Locale":"es_ES"},"Manufacturer":{"DisplayValue":"DELARA","Label":"Manufacturer","Locale":"es_ES"}},"Title":{"DisplayValue":"DELARA Protector intensivo de cuero 100 ml, color: incoloro – Made in Germany","Label":"Title","Locale":"es_ES"}},"Offers":{"Summaries":[{"Condition":{"Value":"New"},"LowestPrice":{"Amount":10.99,"Currency":"EUR","DisplayAmount":"10,99 €"}}]}},{"ASIN":"B0BNZ6LN98","DetailPageURL":"https://www.amazon.es/dp/B0BNZ6LN98?tag=topinalambricos-21&linkCode=osi&th=1&psc=1","Images":{"Primary":{"Small":{"Height":75,"URL":"https://m.media-amazon.com/images/I/41FW8HzHpVL._SL75_.jpg","Width":75}}},"ItemInfo":{"ByLineInfo":{"Brand":{"DisplayValue":"GxDetail","Label":"Brand","Locale":"es_ES"},"Manufacturer":{"DisplayValue":"GxDetail","Label":"Manufacturer","Locale":"es_ES"}},"Title":{"DisplayValue":"GxDetail Limpiador de Cuero y Piel - Limpia, protege y ayuda a mantener las superficies nuevas - Limpiador de Asientos de coche de Cuero - Leather Cleaner (500 ml.)","Label":"Title","Locale":"es_ES"}},"Offers":{"Summaries":[{"Condition":{"Value":"New"},"LowestPrice":{"Amount":10.99,"Currency":"EUR","DisplayAmount":"10,99 € (21,98 € / l)","PricePerUnit":21.98}}]}},{"ASIN":"B07JWHH61W","DetailPageURL":"https://www.amazon.es/dp/B07JWHH61W?tag=topinalambricos-21&linkCode=osi&th=1&psc=1","Images":{"Primary":{"Small":{"Height":75,"URL":"https://m.media-amazon.com/images/I/51mbQkPkmeL._SL75_.jpg","Width":75}}},"ItemInfo":{"ByLineInfo":{"Brand":{"DisplayValue":"Maddox Detail","Label":"Brand","Locale":"es_ES"},"Manufacturer":{"DisplayValue":"Maddox Automoción","Label":"Manufacturer","Locale":"es_ES"}},"Title":{"DisplayValue":"Maddox Detail - Leather Care Kit 500ml | Limpiador y Acondicionador de Cuero y Piel | Incluye Microfibra | Kit Limpiador de Tapicería de Coche","Label":"Title","Locale":"es_ES"}},"Offers":{"Summaries":[{"Condition":{"Value":"New"},"LowestPrice":{"Amount":26.5,"Currency":"EUR","DisplayAmount":"26,50 € (26,50 € / l)","PricePerUnit":26.5}}]}},{"ASIN":"B07K9XPXF8","DetailPageURL":"https://www.amazon.es/dp/B07K9XPXF8?tag=topinalambricos-21&linkCode=osi&th=1&psc=1","Images":{"Primary":{"Small":{"Height":75,"URL":"https://m.media-amazon.com/images/I/41IdIjP7B3L._SL75_.jpg","Width":75}}},"ItemInfo":{"ByLineInfo":{"Brand":{"DisplayValue":"QM Cleaner","Label":"Brand","Locale":"es_ES"},"Manufacturer":{"DisplayValue":"QM Cleaner","Label":"Manufacturer","Locale":"es_ES"}},"Title":{"DisplayValue":"QM Cleaner Limpieza e hidratación Cuero. Cuidado y Limpieza de la tapicería del Coche, sillones Sofa de Cuero. Limpia e hidrata (Kit Leather)","Label":"Title","Locale":"es_ES"}},"Offers":{"Summaries":[{"Condition":{"Value":"New"},"LowestPrice":{"Amount":28.49,"Currency":"EUR","DisplayAmount":"28,49 €"}}]}},{"ASIN":"B0BHT8LCCP","DetailPageURL":"https://www.amazon.es/dp/B0BHT8LCCP?tag=topinalambricos-21&linkCode=osi&th=1&psc=1","Images":{"Primary":{"Small":{"Height":75,"URL":"https://m.media-amazon.com/images/I/31vFEUUo0OL._SL75_.jpg","Width":75}}},"ItemInfo":{"ByLineInfo":{"Brand":{"DisplayValue":"LAAV","Label":"Brand","Locale":"es_ES"},"Manufacturer":{"DisplayValue":"CSG Sp. z o.o.","Label":"Manufacturer","Locale":"es_ES"}},"Title":{"DisplayValue":"LAAV Limpiador Cuero Leather Cleaner (250 ml) I Elimina la Suciedad y Las Manchas, no Seca I Limpiador Tapiceria Coche I Producto de Limpieza Ecológico para Todos los Productos de Piel","Label":"Title","Locale":"es_ES"}},"Offers":{"Summaries":[{"Condition":{"Value":"New"},"LowestPrice":{"Amount":6.9,"Currency":"EUR","DisplayAmount":"6,90 € (27,60 € / l)","PricePerUnit":27.6}}]}},{"ASIN":"B074KKZVMF","DetailPageURL":"https://www.amazon.es/dp/B074KKZVMF?tag=topinalambricos-21&linkCode=osi&th=1&psc=1","Images":{"Primary":{"Small":{"Height":75,"URL":"https://m.media-amazon.com/images/I/410nKkuP99L._SL75_.jpg","Width":75}}},"ItemInfo":{"ByLineInfo":{"Brand":{"DisplayValue":"Maddox Detail","Label":"Brand","Locale":"es_ES"},"Manufacturer":{"DisplayValue":"Maddox Automocion Sl","Label":"Manufacturer","Locale":"es_ES"}},"Title":{"DisplayValue":"Maddox Detail - Leather Conditioner 500ml | Hidratante y Tratamiento Cuero Coche | Limpiador Asientos de Cuero y Piel, Negro","Label":"Title","Locale":"es_ES"}},"Offers":{"Summaries":[{"Condition":{"Value":"New"},"LowestPrice":{"Amount":14.9,"Currency":"EUR","DisplayAmount":"14,90 € (29,80 € / l)","PricePerUnit":29.8}}]}},{"ASIN":"B0BPN5PWY3","DetailPageURL":"https://www.amazon.es/dp/B0BPN5PWY3?tag=topinalambricos-21&linkCode=osi&th=1&psc=1","Images":{"Primary":{"Small":{"Height":75,"URL":"https://m.media-amazon.com/images/I/511GOk2abCL._SL75_.jpg","Width":75}}},"ItemInfo":{"ByLineInfo":{"Brand":{"DisplayValue":"GxDetail","Label":"Brand","Locale":"es_ES"},"Manufacturer":{"DisplayValue":"GxDetail","Label":"Manufacturer","Locale":"es_ES"}},"Title":{"DisplayValue":"GxDetail Pack Cuidado Cuero - Kit Limpieza e Hidratación para Cuero Coche Gx Detail - Kit Con Accesorios y Limpiador de Asientos de Cuero - Limpia Asientos Tapicerias Piel y Cuero de Coche...","Label":"Title","Locale":"es_ES"}},"Offers":{"Summaries":[{"Condition":{"Value":"New"},"LowestPrice":{"Amount":34.95,"Currency":"EUR","DisplayAmount":"34,95 € (34,95 € / l)","PricePerUnit":34.95}}]}},{"ASIN":"B005EBNZTI","DetailPageURL":"https://www.amazon.es/dp/B005EBNZTI?tag=topinalambricos-21&linkCode=osi&th=1&psc=1","Images":{"Primary":{"Small":{"Height":75,"URL":"https://m.media-amazon.com/images/I/41MKOfJ00uL._SL75_.jpg","Width":75}}},"ItemInfo":{"ByLineInfo":{"Brand":{"DisplayValue":"Renapur","Label":"Brand","Locale":"es_ES"},"Manufacturer":{"DisplayValue":"Renapur Ltd","Label":"Manufacturer","Locale":"es_ES"}},"Title":{"DisplayValue":"Bálsamo de cuero, bálsamo natural, acondicionador y restaurador Renapur (200ml + esponja aplicadora)","Label":"Title","Locale":"es_ES"}},"Offers":{"Summaries":[{"Condition":{"Value":"New"},"LowestPrice":{"Amount":17.5,"Currency":"EUR","DisplayAmount":"17,50 €"}}]}},{"ASIN":"B01M0E5OC6","DetailPageURL":"https://www.amazon.es/dp/B01M0E5OC6?tag=topinalambricos-21&linkCode=osi&th=1&psc=1","Images":{"Primary":{"Small":{"Height":75,"URL":"https://m.media-amazon.com/images/I/31aqST56JDL._SL75_.jpg","Width":75}}},"ItemInfo":{"ByLineInfo":{"Brand":{"DisplayValue":"QM Cleaner","Label":"Brand","Locale":"es_ES"},"Manufacturer":{"DisplayValue":"QM Cleaner","Label":"Manufacturer","Locale":"es_ES"}},"Title":{"DisplayValue":"QM Cleaner LEATHER | Limpiador para cuero, piel y polipiel - Ideal para sillones, tapicerías de vehículos y complementos (Bolsos, chaquetas...) - 500ml","Label":"Title","Locale":"es_ES"}},"Offers":{"Summaries":[{"Condition":{"Value":"New"},"LowestPrice":{"Amount":15.99,"Currency":"EUR","DisplayAmount":"15,99 €"}}]}}],"SearchURL":"https://www.amazon.es/s?k=limpiar+cuero&rh=n%3A2424866031%2Cp_n_availability%3A-1&tag=topinalambricos-21&linkCode=osi","TotalResultCount":743}},"35":{"SearchResult":{"Items":[{"ASIN":"B07SL4WY1W","DetailPageURL":"https://www.amazon.es/dp/B07SL4WY1W?tag=topinalambricos-21&linkCode=osi&th=1&psc=1","Images":{"Primary":{"Small":{"Height":75,"URL":"https://m.media-amazon.com/images/I/4150jn7SysL._SL75_.jpg","Width":75}}},"ItemInfo":{"ByLineInfo":{"Brand":{"DisplayValue":"Maddox Detail","Label":"Brand","Locale":"es_ES"},"Manufacturer":{"DisplayValue":"Maddox Automoción SL","Label":"Manufacturer","Locale":"es_ES"}},"Title":{"DisplayValue":"Maddox Detail - Leather Detailer 500 ml | Limpiador y Acondicionador de Cuero | Limpieza Profunda para Coche y Sofá | Tratamiento de Piel | Elimina Suciedad y Manchas | Restaura Asientos","Label":"Title","Locale":"es_ES"}},"Offers":{"Summaries":[{"Condition":{"Value":"New"},"LowestPrice":{"Amount":12.9,"Currency":"EUR","DisplayAmount":"12,90 € (25,80 € / l)","PricePerUnit":25.8}}]}},{"ASIN":"B007DJ566O","DetailPageURL":"https://www.amazon.es/dp/B007DJ566O?tag=topinalambricos-21&linkCode=osi&th=1&psc=1","Images":{"Primary":{"Small":{"Height":75,"URL":"https://m.media-amazon.com/images/I/41Arv3FwqYL._SL75_.jpg","Width":75}}},"ItemInfo":{"ByLineInfo":{"Brand":{"DisplayValue":"DELARA","Label":"Brand","Locale":"es_ES"},"Manufacturer":{"DisplayValue":"DELARA","Label":"Manufacturer","Locale":"es_ES"}},"Title":{"DisplayValue":"DELARA Protector intensivo de cuero 100 ml, color: incoloro – Made in Germany","Label":"Title","Locale":"es_ES"}},"Offers":{"Summaries":[{"Condition":{"Value":"New"},"LowestPrice":{"Amount":10.99,"Currency":"EUR","DisplayAmount":"10,99 €"}}]}},{"ASIN":"B0BNZ6LN98","DetailPageURL":"https://www.amazon.es/dp/B0BNZ6LN98?tag=topinalambricos-21&linkCode=osi&th=1&psc=1","Images":{"Primary":{"Small":{"Height":75,"URL":"https://m.media-amazon.com/images/I/41FW8HzHpVL._SL75_.jpg","Width":75}}},"ItemInfo":{"ByLineInfo":{"Brand":{"DisplayValue":"GxDetail","Label":"Brand","Locale":"es_ES"},"Manufacturer":{"DisplayValue":"GxDetail","Label":"Manufacturer","Locale":"es_ES"}},"Title":{"DisplayValue":"GxDetail Limpiador de Cuero y Piel - Limpia, protege y ayuda a mantener las superficies nuevas - Limpiador de Asientos de coche de Cuero - Leather Cleaner (500 ml.)","Label":"Title","Locale":"es_ES"}},"Offers":{"Summaries":[{"Condition":{"Value":"New"},"LowestPrice":{"Amount":10.99,"Currency":"EUR","DisplayAmount":"10,99 € (21,98 € / l)","PricePerUnit":21.98}}]}},{"ASIN":"B07JWHH61W","DetailPageURL":"https://www.amazon.es/dp/B07JWHH61W?tag=topinalambricos-21&linkCode=osi&th=1&psc=1","Images":{"Primary":{"Small":{"Height":75,"URL":"https://m.media-amazon.com/images/I/51mbQkPkmeL._SL75_.jpg","Width":75}}},"ItemInfo":{"ByLineInfo":{"Brand":{"DisplayValue":"Maddox Detail","Label":"Brand","Locale":"es_ES"},"Manufacturer":{"DisplayValue":"Maddox Automoción","Label":"Manufacturer","Locale":"es_ES"}},"Title":{"DisplayValue":"Maddox Detail - Leather Care Kit 500ml | Limpiador y Acondicionador de Cuero y Piel | Incluye Microfibra | Kit Limpiador de Tapicería de Coche","Label":"Title","Locale":"es_ES"}},"Offers":{"Summaries":[{"Condition":{"Value":"New"},"LowestPrice":{"Amount":26.5,"Currency":"EUR","DisplayAmount":"26,50 € (26,50 € / l)","PricePerUnit":26.5}}]}},{"ASIN":"B07K9XPXF8","DetailPageURL":"https://www.amazon.es/dp/B07K9XPXF8?tag=topinalambricos-21&linkCode=osi&th=1&psc=1","Images":{"Primary":{"Small":{"Height":75,"URL":"https://m.media-amazon.com/images/I/41IdIjP7B3L._SL75_.jpg","Width":75}}},"ItemInfo":{"ByLineInfo":{"Brand":{"DisplayValue":"QM Cleaner","Label":"Brand","Locale":"es_ES"},"Manufacturer":{"DisplayValue":"QM Cleaner","Label":"Manufacturer","Locale":"es_ES"}},"Title":{"DisplayValue":"QM Cleaner Limpieza e hidratación Cuero. Cuidado y Limpieza de la tapicería del Coche, sillones Sofa de Cuero. Limpia e hidrata (Kit Leather)","Label":"Title","Locale":"es_ES"}},"Offers":{"Summaries":[{"Condition":{"Value":"New"},"LowestPrice":{"Amount":28.49,"Currency":"EUR","DisplayAmount":"28,49 €"}}]}},{"ASIN":"B0BHT8LCCP","DetailPageURL":"https://www.amazon.es/dp/B0BHT8LCCP?tag=topinalambricos-21&linkCode=osi&th=1&psc=1","Images":{"Primary":{"Small":{"Height":75,"URL":"https://m.media-amazon.com/images/I/31vFEUUo0OL._SL75_.jpg","Width":75}}},"ItemInfo":{"ByLineInfo":{"Brand":{"DisplayValue":"LAAV","Label":"Brand","Locale":"es_ES"},"Manufacturer":{"DisplayValue":"CSG Sp. z o.o.","Label":"Manufacturer","Locale":"es_ES"}},"Title":{"DisplayValue":"LAAV Limpiador Cuero Leather Cleaner (250 ml) I Elimina la Suciedad y Las Manchas, no Seca I Limpiador Tapiceria Coche I Producto de Limpieza Ecológico para Todos los Productos de Piel","Label":"Title","Locale":"es_ES"}},"Offers":{"Summaries":[{"Condition":{"Value":"New"},"LowestPrice":{"Amount":6.9,"Currency":"EUR","DisplayAmount":"6,90 € (27,60 € / l)","PricePerUnit":27.6}}]}},{"ASIN":"B074KKZVMF","DetailPageURL":"https://www.amazon.es/dp/B074KKZVMF?tag=topinalambricos-21&linkCode=osi&th=1&psc=1","Images":{"Primary":{"Small":{"Height":75,"URL":"https://m.media-amazon.com/images/I/410nKkuP99L._SL75_.jpg","Width":75}}},"ItemInfo":{"ByLineInfo":{"Brand":{"DisplayValue":"Maddox Detail","Label":"Brand","Locale":"es_ES"},"Manufacturer":{"DisplayValue":"Maddox Automocion Sl","Label":"Manufacturer","Locale":"es_ES"}},"Title":{"DisplayValue":"Maddox Detail - Leather Conditioner 500ml | Hidratante y Tratamiento Cuero Coche | Limpiador Asientos de Cuero y Piel, Negro","Label":"Title","Locale":"es_ES"}},"Offers":{"Summaries":[{"Condition":{"Value":"New"},"LowestPrice":{"Amount":14.9,"Currency":"EUR","DisplayAmount":"14,90 € (29,80 € / l)","PricePerUnit":29.8}}]}},{"ASIN":"B0BPN5PWY3","DetailPageURL":"https://www.amazon.es/dp/B0BPN5PWY3?tag=topinalambricos-21&linkCode=osi&th=1&psc=1","Images":{"Primary":{"Small":{"Height":75,"URL":"https://m.media-amazon.com/images/I/511GOk2abCL._SL75_.jpg","Width":75}}},"ItemInfo":{"ByLineInfo":{"Brand":{"DisplayValue":"GxDetail","Label":"Brand","Locale":"es_ES"},"Manufacturer":{"DisplayValue":"GxDetail","Label":"Manufacturer","Locale":"es_ES"}},"Title":{"DisplayValue":"GxDetail Pack Cuidado Cuero - Kit Limpieza e Hidratación para Cuero Coche Gx Detail - Kit Con Accesorios y Limpiador de Asientos de Cuero - Limpia Asientos Tapicerias Piel y Cuero de Coche...","Label":"Title","Locale":"es_ES"}},"Offers":{"Summaries":[{"Condition":{"Value":"New"},"LowestPrice":{"Amount":34.95,"Currency":"EUR","DisplayAmount":"34,95 € (34,95 € / l)","PricePerUnit":34.95}}]}},{"ASIN":"B005EBNZTI","DetailPageURL":"https://www.amazon.es/dp/B005EBNZTI?tag=topinalambricos-21&linkCode=osi&th=1&psc=1","Images":{"Primary":{"Small":{"Height":75,"URL":"https://m.media-amazon.com/images/I/41MKOfJ00uL._SL75_.jpg","Width":75}}},"ItemInfo":{"ByLineInfo":{"Brand":{"DisplayValue":"Renapur","Label":"Brand","Locale":"es_ES"},"Manufacturer":{"DisplayValue":"Renapur Ltd","Label":"Manufacturer","Locale":"es_ES"}},"Title":{"DisplayValue":"Bálsamo de cuero, bálsamo natural, acondicionador y restaurador Renapur (200ml + esponja aplicadora)","Label":"Title","Locale":"es_ES"}},"Offers":{"Summaries":[{"Condition":{"Value":"New"},"LowestPrice":{"Amount":17.5,"Currency":"EUR","DisplayAmount":"17,50 €"}}]}},{"ASIN":"B01M0E5OC6","DetailPageURL":"https://www.amazon.es/dp/B01M0E5OC6?tag=topinalambricos-21&linkCode=osi&th=1&psc=1","Images":{"Primary":{"Small":{"Height":75,"URL":"https://m.media-amazon.com/images/I/31aqST56JDL._SL75_.jpg","Width":75}}},"ItemInfo":{"ByLineInfo":{"Brand":{"DisplayValue":"QM Cleaner","Label":"Brand","Locale":"es_ES"},"Manufacturer":{"DisplayValue":"QM Cleaner","Label":"Manufacturer","Locale":"es_ES"}},"Title":{"DisplayValue":"QM Cleaner LEATHER | Limpiador para cuero, piel y polipiel - Ideal para sillones, tapicerías de vehículos y complementos (Bolsos, chaquetas...) - 500ml","Label":"Title","Locale":"es_ES"}},"Offers":{"Summaries":[{"Condition":{"Value":"New"},"LowestPrice":{"Amount":15.99,"Currency":"EUR","DisplayAmount":"15,99 €"}}]}}],"SearchURL":"https://www.amazon.es/s?k=limpiar+cuero&rh=n%3A2424866031%2Cp_n_availability%3A-1&tag=topinalambricos-21&linkCode=osi","TotalResultCount":743}},"37":{"SearchResult":{"Items":[{"ASIN":"B07SL4WY1W","DetailPageURL":"https://www.amazon.es/dp/B07SL4WY1W?tag=topinalambricos-21&linkCode=osi&th=1&psc=1","Images":{"Primary":{"Small":{"Height":75,"URL":"https://m.media-amazon.com/images/I/4150jn7SysL._SL75_.jpg","Width":75}}},"ItemInfo":{"ByLineInfo":{"Brand":{"DisplayValue":"Maddox Detail","Label":"Brand","Locale":"es_ES"},"Manufacturer":{"DisplayValue":"Maddox Automoción SL","Label":"Manufacturer","Locale":"es_ES"}},"Title":{"DisplayValue":"Maddox Detail - Leather Detailer 500 ml | Limpiador y Acondicionador de Cuero | Limpieza Profunda para Coche y Sofá | Tratamiento de Piel | Elimina Suciedad y Manchas | Restaura Asientos","Label":"Title","Locale":"es_ES"}},"Offers":{"Summaries":[{"Condition":{"Value":"New"},"LowestPrice":{"Amount":12.9,"Currency":"EUR","DisplayAmount":"12,90 € (25,80 € / l)","PricePerUnit":25.8}}]}},{"ASIN":"B007DJ566O","DetailPageURL":"https://www.amazon.es/dp/B007DJ566O?tag=topinalambricos-21&linkCode=osi&th=1&psc=1","Images":{"Primary":{"Small":{"Height":75,"URL":"https://m.media-amazon.com/images/I/41Arv3FwqYL._SL75_.jpg","Width":75}}},"ItemInfo":{"ByLineInfo":{"Brand":{"DisplayValue":"DELARA","Label":"Brand","Locale":"es_ES"},"Manufacturer":{"DisplayValue":"DELARA","Label":"Manufacturer","Locale":"es_ES"}},"Title":{"DisplayValue":"DELARA Protector intensivo de cuero 100 ml, color: incoloro – Made in Germany","Label":"Title","Locale":"es_ES"}},"Offers":{"Summaries":[{"Condition":{"Value":"New"},"LowestPrice":{"Amount":10.99,"Currency":"EUR","DisplayAmount":"10,99 €"}}]}},{"ASIN":"B0BNZ6LN98","DetailPageURL":"https://www.amazon.es/dp/B0BNZ6LN98?tag=topinalambricos-21&linkCode=osi&th=1&psc=1","Images":{"Primary":{"Small":{"Height":75,"URL":"https://m.media-amazon.com/images/I/41FW8HzHpVL._SL75_.jpg","Width":75}}},"ItemInfo":{"ByLineInfo":{"Brand":{"DisplayValue":"GxDetail","Label":"Brand","Locale":"es_ES"},"Manufacturer":{"DisplayValue":"GxDetail","Label":"Manufacturer","Locale":"es_ES"}},"Title":{"DisplayValue":"GxDetail Limpiador de Cuero y Piel - Limpia, protege y ayuda a mantener las superficies nuevas - Limpiador de Asientos de coche de Cuero - Leather Cleaner (500 ml.)","Label":"Title","Locale":"es_ES"}},"Offers":{"Summaries":[{"Condition":{"Value":"New"},"LowestPrice":{"Amount":10.99,"Currency":"EUR","DisplayAmount":"10,99 € (21,98 € / l)","PricePerUnit":21.98}}]}},{"ASIN":"B07JWHH61W","DetailPageURL":"https://www.amazon.es/dp/B07JWHH61W?tag=topinalambricos-21&linkCode=osi&th=1&psc=1","Images":{"Primary":{"Small":{"Height":75,"URL":"https://m.media-amazon.com/images/I/51mbQkPkmeL._SL75_.jpg","Width":75}}},"ItemInfo":{"ByLineInfo":{"Brand":{"DisplayValue":"Maddox Detail","Label":"Brand","Locale":"es_ES"},"Manufacturer":{"DisplayValue":"Maddox Automoción","Label":"Manufacturer","Locale":"es_ES"}},"Title":{"DisplayValue":"Maddox Detail - Leather Care Kit 500ml | Limpiador y Acondicionador de Cuero y Piel | Incluye Microfibra | Kit Limpiador de Tapicería de Coche","Label":"Title","Locale":"es_ES"}},"Offers":{"Summaries":[{"Condition":{"Value":"New"},"LowestPrice":{"Amount":26.5,"Currency":"EUR","DisplayAmount":"26,50 € (26,50 € / l)","PricePerUnit":26.5}}]}},{"ASIN":"B07K9XPXF8","DetailPageURL":"https://www.amazon.es/dp/B07K9XPXF8?tag=topinalambricos-21&linkCode=osi&th=1&psc=1","Images":{"Primary":{"Small":{"Height":75,"URL":"https://m.media-amazon.com/images/I/41IdIjP7B3L._SL75_.jpg","Width":75}}},"ItemInfo":{"ByLineInfo":{"Brand":{"DisplayValue":"QM Cleaner","Label":"Brand","Locale":"es_ES"},"Manufacturer":{"DisplayValue":"QM Cleaner","Label":"Manufacturer","Locale":"es_ES"}},"Title":{"DisplayValue":"QM Cleaner Limpieza e hidratación Cuero. Cuidado y Limpieza de la tapicería del Coche, sillones Sofa de Cuero. Limpia e hidrata (Kit Leather)","Label":"Title","Locale":"es_ES"}},"Offers":{"Summaries":[{"Condition":{"Value":"New"},"LowestPrice":{"Amount":28.49,"Currency":"EUR","DisplayAmount":"28,49 €"}}]}},{"ASIN":"B0BHT8LCCP","DetailPageURL":"https://www.amazon.es/dp/B0BHT8LCCP?tag=topinalambricos-21&linkCode=osi&th=1&psc=1","Images":{"Primary":{"Small":{"Height":75,"URL":"https://m.media-amazon.com/images/I/31vFEUUo0OL._SL75_.jpg","Width":75}}},"ItemInfo":{"ByLineInfo":{"Brand":{"DisplayValue":"LAAV","Label":"Brand","Locale":"es_ES"},"Manufacturer":{"DisplayValue":"CSG Sp. z o.o.","Label":"Manufacturer","Locale":"es_ES"}},"Title":{"DisplayValue":"LAAV Limpiador Cuero Leather Cleaner (250 ml) I Elimina la Suciedad y Las Manchas, no Seca I Limpiador Tapiceria Coche I Producto de Limpieza Ecológico para Todos los Productos de Piel","Label":"Title","Locale":"es_ES"}},"Offers":{"Summaries":[{"Condition":{"Value":"New"},"LowestPrice":{"Amount":6.9,"Currency":"EUR","DisplayAmount":"6,90 € (27,60 € / l)","PricePerUnit":27.6}}]}},{"ASIN":"B074KKZVMF","DetailPageURL":"https://www.amazon.es/dp/B074KKZVMF?tag=topinalambricos-21&linkCode=osi&th=1&psc=1","Images":{"Primary":{"Small":{"Height":75,"URL":"https://m.media-amazon.com/images/I/410nKkuP99L._SL75_.jpg","Width":75}}},"ItemInfo":{"ByLineInfo":{"Brand":{"DisplayValue":"Maddox Detail","Label":"Brand","Locale":"es_ES"},"Manufacturer":{"DisplayValue":"Maddox Automocion Sl","Label":"Manufacturer","Locale":"es_ES"}},"Title":{"DisplayValue":"Maddox Detail - Leather Conditioner 500ml | Hidratante y Tratamiento Cuero Coche | Limpiador Asientos de Cuero y Piel, Negro","Label":"Title","Locale":"es_ES"}},"Offers":{"Summaries":[{"Condition":{"Value":"New"},"LowestPrice":{"Amount":14.9,"Currency":"EUR","DisplayAmount":"14,90 € (29,80 € / l)","PricePerUnit":29.8}}]}},{"ASIN":"B0BPN5PWY3","DetailPageURL":"https://www.amazon.es/dp/B0BPN5PWY3?tag=topinalambricos-21&linkCode=osi&th=1&psc=1","Images":{"Primary":{"Small":{"Height":75,"URL":"https://m.media-amazon.com/images/I/511GOk2abCL._SL75_.jpg","Width":75}}},"ItemInfo":{"ByLineInfo":{"Brand":{"DisplayValue":"GxDetail","Label":"Brand","Locale":"es_ES"},"Manufacturer":{"DisplayValue":"GxDetail","Label":"Manufacturer","Locale":"es_ES"}},"Title":{"DisplayValue":"GxDetail Pack Cuidado Cuero - Kit Limpieza e Hidratación para Cuero Coche Gx Detail - Kit Con Accesorios y Limpiador de Asientos de Cuero - Limpia Asientos Tapicerias Piel y Cuero de Coche...","Label":"Title","Locale":"es_ES"}},"Offers":{"Summaries":[{"Condition":{"Value":"New"},"LowestPrice":{"Amount":34.95,"Currency":"EUR","DisplayAmount":"34,95 € (34,95 € / l)","PricePerUnit":34.95}}]}},{"ASIN":"B005EBNZTI","DetailPageURL":"https://www.amazon.es/dp/B005EBNZTI?tag=topinalambricos-21&linkCode=osi&th=1&psc=1","Images":{"Primary":{"Small":{"Height":75,"URL":"https://m.media-amazon.com/images/I/41MKOfJ00uL._SL75_.jpg","Width":75}}},"ItemInfo":{"ByLineInfo":{"Brand":{"DisplayValue":"Renapur","Label":"Brand","Locale":"es_ES"},"Manufacturer":{"DisplayValue":"Renapur Ltd","Label":"Manufacturer","Locale":"es_ES"}},"Title":{"DisplayValue":"Bálsamo de cuero, bálsamo natural, acondicionador y restaurador Renapur (200ml + esponja aplicadora)","Label":"Title","Locale":"es_ES"}},"Offers":{"Summaries":[{"Condition":{"Value":"New"},"LowestPrice":{"Amount":17.5,"Currency":"EUR","DisplayAmount":"17,50 €"}}]}},{"ASIN":"B01M0E5OC6","DetailPageURL":"https://www.amazon.es/dp/B01M0E5OC6?tag=topinalambricos-21&linkCode=osi&th=1&psc=1","Images":{"Primary":{"Small":{"Height":75,"URL":"https://m.media-amazon.com/images/I/31aqST56JDL._SL75_.jpg","Width":75}}},"ItemInfo":{"ByLineInfo":{"Brand":{"DisplayValue":"QM Cleaner","Label":"Brand","Locale":"es_ES"},"Manufacturer":{"DisplayValue":"QM Cleaner","Label":"Manufacturer","Locale":"es_ES"}},"Title":{"DisplayValue":"QM Cleaner LEATHER | Limpiador para cuero, piel y polipiel - Ideal para sillones, tapicerías de vehículos y complementos (Bolsos, chaquetas...) - 500ml","Label":"Title","Locale":"es_ES"}},"Offers":{"Summaries":[{"Condition":{"Value":"New"},"LowestPrice":{"Amount":15.99,"Currency":"EUR","DisplayAmount":"15,99 €"}}]}}],"SearchURL":"https://www.amazon.es/s?k=limpiar+cuero&rh=n%3A2424866031%2Cp_n_availability%3A-1&tag=topinalambricos-21&linkCode=osi","TotalResultCount":743}},"38":{"SearchResult":{"Items":[{"ASIN":"B07SL4WY1W","DetailPageURL":"https://www.amazon.es/dp/B07SL4WY1W?tag=topinalambricos-21&linkCode=osi&th=1&psc=1","Images":{"Primary":{"Small":{"Height":75,"URL":"https://m.media-amazon.com/images/I/4150jn7SysL._SL75_.jpg","Width":75}}},"ItemInfo":{"ByLineInfo":{"Brand":{"DisplayValue":"Maddox Detail","Label":"Brand","Locale":"es_ES"},"Manufacturer":{"DisplayValue":"Maddox Automoción SL","Label":"Manufacturer","Locale":"es_ES"}},"Title":{"DisplayValue":"Maddox Detail - Leather Detailer 500 ml | Limpiador y Acondicionador de Cuero | Limpieza Profunda para Coche y Sofá | Tratamiento de Piel | Elimina Suciedad y Manchas | Restaura Asientos","Label":"Title","Locale":"es_ES"}},"Offers":{"Summaries":[{"Condition":{"Value":"New"},"LowestPrice":{"Amount":12.9,"Currency":"EUR","DisplayAmount":"12,90 € (25,80 € / l)","PricePerUnit":25.8}}]}},{"ASIN":"B007DJ566O","DetailPageURL":"https://www.amazon.es/dp/B007DJ566O?tag=topinalambricos-21&linkCode=osi&th=1&psc=1","Images":{"Primary":{"Small":{"Height":75,"URL":"https://m.media-amazon.com/images/I/41Arv3FwqYL._SL75_.jpg","Width":75}}},"ItemInfo":{"ByLineInfo":{"Brand":{"DisplayValue":"DELARA","Label":"Brand","Locale":"es_ES"},"Manufacturer":{"DisplayValue":"DELARA","Label":"Manufacturer","Locale":"es_ES"}},"Title":{"DisplayValue":"DELARA Protector intensivo de cuero 100 ml, color: incoloro – Made in Germany","Label":"Title","Locale":"es_ES"}},"Offers":{"Summaries":[{"Condition":{"Value":"New"},"LowestPrice":{"Amount":10.99,"Currency":"EUR","DisplayAmount":"10,99 €"}}]}},{"ASIN":"B0BNZ6LN98","DetailPageURL":"https://www.amazon.es/dp/B0BNZ6LN98?tag=topinalambricos-21&linkCode=osi&th=1&psc=1","Images":{"Primary":{"Small":{"Height":75,"URL":"https://m.media-amazon.com/images/I/41FW8HzHpVL._SL75_.jpg","Width":75}}},"ItemInfo":{"ByLineInfo":{"Brand":{"DisplayValue":"GxDetail","Label":"Brand","Locale":"es_ES"},"Manufacturer":{"DisplayValue":"GxDetail","Label":"Manufacturer","Locale":"es_ES"}},"Title":{"DisplayValue":"GxDetail Limpiador de Cuero y Piel - Limpia, protege y ayuda a mantener las superficies nuevas - Limpiador de Asientos de coche de Cuero - Leather Cleaner (500 ml.)","Label":"Title","Locale":"es_ES"}},"Offers":{"Summaries":[{"Condition":{"Value":"New"},"LowestPrice":{"Amount":10.99,"Currency":"EUR","DisplayAmount":"10,99 € (21,98 € / l)","PricePerUnit":21.98}}]}},{"ASIN":"B07JWHH61W","DetailPageURL":"https://www.amazon.es/dp/B07JWHH61W?tag=topinalambricos-21&linkCode=osi&th=1&psc=1","Images":{"Primary":{"Small":{"Height":75,"URL":"https://m.media-amazon.com/images/I/51mbQkPkmeL._SL75_.jpg","Width":75}}},"ItemInfo":{"ByLineInfo":{"Brand":{"DisplayValue":"Maddox Detail","Label":"Brand","Locale":"es_ES"},"Manufacturer":{"DisplayValue":"Maddox Automoción","Label":"Manufacturer","Locale":"es_ES"}},"Title":{"DisplayValue":"Maddox Detail - Leather Care Kit 500ml | Limpiador y Acondicionador de Cuero y Piel | Incluye Microfibra | Kit Limpiador de Tapicería de Coche","Label":"Title","Locale":"es_ES"}},"Offers":{"Summaries":[{"Condition":{"Value":"New"},"LowestPrice":{"Amount":26.5,"Currency":"EUR","DisplayAmount":"26,50 € (26,50 € / l)","PricePerUnit":26.5}}]}},{"ASIN":"B07K9XPXF8","DetailPageURL":"https://www.amazon.es/dp/B07K9XPXF8?tag=topinalambricos-21&linkCode=osi&th=1&psc=1","Images":{"Primary":{"Small":{"Height":75,"URL":"https://m.media-amazon.com/images/I/41IdIjP7B3L._SL75_.jpg","Width":75}}},"ItemInfo":{"ByLineInfo":{"Brand":{"DisplayValue":"QM Cleaner","Label":"Brand","Locale":"es_ES"},"Manufacturer":{"DisplayValue":"QM Cleaner","Label":"Manufacturer","Locale":"es_ES"}},"Title":{"DisplayValue":"QM Cleaner Limpieza e hidratación Cuero. Cuidado y Limpieza de la tapicería del Coche, sillones Sofa de Cuero. Limpia e hidrata (Kit Leather)","Label":"Title","Locale":"es_ES"}},"Offers":{"Summaries":[{"Condition":{"Value":"New"},"LowestPrice":{"Amount":28.49,"Currency":"EUR","DisplayAmount":"28,49 €"}}]}},{"ASIN":"B0BHT8LCCP","DetailPageURL":"https://www.amazon.es/dp/B0BHT8LCCP?tag=topinalambricos-21&linkCode=osi&th=1&psc=1","Images":{"Primary":{"Small":{"Height":75,"URL":"https://m.media-amazon.com/images/I/31vFEUUo0OL._SL75_.jpg","Width":75}}},"ItemInfo":{"ByLineInfo":{"Brand":{"DisplayValue":"LAAV","Label":"Brand","Locale":"es_ES"},"Manufacturer":{"DisplayValue":"CSG Sp. z o.o.","Label":"Manufacturer","Locale":"es_ES"}},"Title":{"DisplayValue":"LAAV Limpiador Cuero Leather Cleaner (250 ml) I Elimina la Suciedad y Las Manchas, no Seca I Limpiador Tapiceria Coche I Producto de Limpieza Ecológico para Todos los Productos de Piel","Label":"Title","Locale":"es_ES"}},"Offers":{"Summaries":[{"Condition":{"Value":"New"},"LowestPrice":{"Amount":6.9,"Currency":"EUR","DisplayAmount":"6,90 € (27,60 € / l)","PricePerUnit":27.6}}]}},{"ASIN":"B074KKZVMF","DetailPageURL":"https://www.amazon.es/dp/B074KKZVMF?tag=topinalambricos-21&linkCode=osi&th=1&psc=1","Images":{"Primary":{"Small":{"Height":75,"URL":"https://m.media-amazon.com/images/I/410nKkuP99L._SL75_.jpg","Width":75}}},"ItemInfo":{"ByLineInfo":{"Brand":{"DisplayValue":"Maddox Detail","Label":"Brand","Locale":"es_ES"},"Manufacturer":{"DisplayValue":"Maddox Automocion Sl","Label":"Manufacturer","Locale":"es_ES"}},"Title":{"DisplayValue":"Maddox Detail - Leather Conditioner 500ml | Hidratante y Tratamiento Cuero Coche | Limpiador Asientos de Cuero y Piel, Negro","Label":"Title","Locale":"es_ES"}},"Offers":{"Summaries":[{"Condition":{"Value":"New"},"LowestPrice":{"Amount":14.9,"Currency":"EUR","DisplayAmount":"14,90 € (29,80 € / l)","PricePerUnit":29.8}}]}},{"ASIN":"B0BPN5PWY3","DetailPageURL":"https://www.amazon.es/dp/B0BPN5PWY3?tag=topinalambricos-21&linkCode=osi&th=1&psc=1","Images":{"Primary":{"Small":{"Height":75,"URL":"https://m.media-amazon.com/images/I/511GOk2abCL._SL75_.jpg","Width":75}}},"ItemInfo":{"ByLineInfo":{"Brand":{"DisplayValue":"GxDetail","Label":"Brand","Locale":"es_ES"},"Manufacturer":{"DisplayValue":"GxDetail","Label":"Manufacturer","Locale":"es_ES"}},"Title":{"DisplayValue":"GxDetail Pack Cuidado Cuero - Kit Limpieza e Hidratación para Cuero Coche Gx Detail - Kit Con Accesorios y Limpiador de Asientos de Cuero - Limpia Asientos Tapicerias Piel y Cuero de Coche...","Label":"Title","Locale":"es_ES"}},"Offers":{"Summaries":[{"Condition":{"Value":"New"},"LowestPrice":{"Amount":34.95,"Currency":"EUR","DisplayAmount":"34,95 € (34,95 € / l)","PricePerUnit":34.95}}]}},{"ASIN":"B005EBNZTI","DetailPageURL":"https://www.amazon.es/dp/B005EBNZTI?tag=topinalambricos-21&linkCode=osi&th=1&psc=1","Images":{"Primary":{"Small":{"Height":75,"URL":"https://m.media-amazon.com/images/I/41MKOfJ00uL._SL75_.jpg","Width":75}}},"ItemInfo":{"ByLineInfo":{"Brand":{"DisplayValue":"Renapur","Label":"Brand","Locale":"es_ES"},"Manufacturer":{"DisplayValue":"Renapur Ltd","Label":"Manufacturer","Locale":"es_ES"}},"Title":{"DisplayValue":"Bálsamo de cuero, bálsamo natural, acondicionador y restaurador Renapur (200ml + esponja aplicadora)","Label":"Title","Locale":"es_ES"}},"Offers":{"Summaries":[{"Condition":{"Value":"New"},"LowestPrice":{"Amount":17.5,"Currency":"EUR","DisplayAmount":"17,50 €"}}]}},{"ASIN":"B01M0E5OC6","DetailPageURL":"https://www.amazon.es/dp/B01M0E5OC6?tag=topinalambricos-21&linkCode=osi&th=1&psc=1","Images":{"Primary":{"Small":{"Height":75,"URL":"https://m.media-amazon.com/images/I/31aqST56JDL._SL75_.jpg","Width":75}}},"ItemInfo":{"ByLineInfo":{"Brand":{"DisplayValue":"QM Cleaner","Label":"Brand","Locale":"es_ES"},"Manufacturer":{"DisplayValue":"QM Cleaner","Label":"Manufacturer","Locale":"es_ES"}},"Title":{"DisplayValue":"QM Cleaner LEATHER | Limpiador para cuero, piel y polipiel - Ideal para sillones, tapicerías de vehículos y complementos (Bolsos, chaquetas...) - 500ml","Label":"Title","Locale":"es_ES"}},"Offers":{"Summaries":[{"Condition":{"Value":"New"},"LowestPrice":{"Amount":15.99,"Currency":"EUR","DisplayAmount":"15,99 €"}}]}}],"SearchURL":"https://www.amazon.es/s?k=limpiar+cuero&rh=n%3A2424866031%2Cp_n_availability%3A-1&tag=topinalambricos-21&linkCode=osi","TotalResultCount":743}},"39":{"SearchResult":{"Items":[{"ASIN":"B07SL4WY1W","DetailPageURL":"https://www.amazon.es/dp/B07SL4WY1W?tag=topinalambricos-21&linkCode=osi&th=1&psc=1","Images":{"Primary":{"Small":{"Height":75,"URL":"https://m.media-amazon.com/images/I/4150jn7SysL._SL75_.jpg","Width":75}}},"ItemInfo":{"ByLineInfo":{"Brand":{"DisplayValue":"Maddox Detail","Label":"Brand","Locale":"es_ES"},"Manufacturer":{"DisplayValue":"Maddox Automoción SL","Label":"Manufacturer","Locale":"es_ES"}},"Title":{"DisplayValue":"Maddox Detail - Leather Detailer 500 ml | Limpiador y Acondicionador de Cuero | Limpieza Profunda para Coche y Sofá | Tratamiento de Piel | Elimina Suciedad y Manchas | Restaura Asientos","Label":"Title","Locale":"es_ES"}},"Offers":{"Summaries":[{"Condition":{"Value":"New"},"LowestPrice":{"Amount":12.9,"Currency":"EUR","DisplayAmount":"12,90 € (25,80 € / l)","PricePerUnit":25.8}}]}},{"ASIN":"B007DJ566O","DetailPageURL":"https://www.amazon.es/dp/B007DJ566O?tag=topinalambricos-21&linkCode=osi&th=1&psc=1","Images":{"Primary":{"Small":{"Height":75,"URL":"https://m.media-amazon.com/images/I/41Arv3FwqYL._SL75_.jpg","Width":75}}},"ItemInfo":{"ByLineInfo":{"Brand":{"DisplayValue":"DELARA","Label":"Brand","Locale":"es_ES"},"Manufacturer":{"DisplayValue":"DELARA","Label":"Manufacturer","Locale":"es_ES"}},"Title":{"DisplayValue":"DELARA Protector intensivo de cuero 100 ml, color: incoloro – Made in Germany","Label":"Title","Locale":"es_ES"}},"Offers":{"Summaries":[{"Condition":{"Value":"New"},"LowestPrice":{"Amount":10.99,"Currency":"EUR","DisplayAmount":"10,99 €"}}]}},{"ASIN":"B0BNZ6LN98","DetailPageURL":"https://www.amazon.es/dp/B0BNZ6LN98?tag=topinalambricos-21&linkCode=osi&th=1&psc=1","Images":{"Primary":{"Small":{"Height":75,"URL":"https://m.media-amazon.com/images/I/41FW8HzHpVL._SL75_.jpg","Width":75}}},"ItemInfo":{"ByLineInfo":{"Brand":{"DisplayValue":"GxDetail","Label":"Brand","Locale":"es_ES"},"Manufacturer":{"DisplayValue":"GxDetail","Label":"Manufacturer","Locale":"es_ES"}},"Title":{"DisplayValue":"GxDetail Limpiador de Cuero y Piel - Limpia, protege y ayuda a mantener las superficies nuevas - Limpiador de Asientos de coche de Cuero - Leather Cleaner (500 ml.)","Label":"Title","Locale":"es_ES"}},"Offers":{"Summaries":[{"Condition":{"Value":"New"},"LowestPrice":{"Amount":10.99,"Currency":"EUR","DisplayAmount":"10,99 € (21,98 € / l)","PricePerUnit":21.98}}]}},{"ASIN":"B07JWHH61W","DetailPageURL":"https://www.amazon.es/dp/B07JWHH61W?tag=topinalambricos-21&linkCode=osi&th=1&psc=1","Images":{"Primary":{"Small":{"Height":75,"URL":"https://m.media-amazon.com/images/I/51mbQkPkmeL._SL75_.jpg","Width":75}}},"ItemInfo":{"ByLineInfo":{"Brand":{"DisplayValue":"Maddox Detail","Label":"Brand","Locale":"es_ES"},"Manufacturer":{"DisplayValue":"Maddox Automoción","Label":"Manufacturer","Locale":"es_ES"}},"Title":{"DisplayValue":"Maddox Detail - Leather Care Kit 500ml | Limpiador y Acondicionador de Cuero y Piel | Incluye Microfibra | Kit Limpiador de Tapicería de Coche","Label":"Title","Locale":"es_ES"}},"Offers":{"Summaries":[{"Condition":{"Value":"New"},"LowestPrice":{"Amount":26.5,"Currency":"EUR","DisplayAmount":"26,50 € (26,50 € / l)","PricePerUnit":26.5}}]}},{"ASIN":"B07K9XPXF8","DetailPageURL":"https://www.amazon.es/dp/B07K9XPXF8?tag=topinalambricos-21&linkCode=osi&th=1&psc=1","Images":{"Primary":{"Small":{"Height":75,"URL":"https://m.media-amazon.com/images/I/41IdIjP7B3L._SL75_.jpg","Width":75}}},"ItemInfo":{"ByLineInfo":{"Brand":{"DisplayValue":"QM Cleaner","Label":"Brand","Locale":"es_ES"},"Manufacturer":{"DisplayValue":"QM Cleaner","Label":"Manufacturer","Locale":"es_ES"}},"Title":{"DisplayValue":"QM Cleaner Limpieza e hidratación Cuero. Cuidado y Limpieza de la tapicería del Coche, sillones Sofa de Cuero. Limpia e hidrata (Kit Leather)","Label":"Title","Locale":"es_ES"}},"Offers":{"Summaries":[{"Condition":{"Value":"New"},"LowestPrice":{"Amount":28.49,"Currency":"EUR","DisplayAmount":"28,49 €"}}]}},{"ASIN":"B0BHT8LCCP","DetailPageURL":"https://www.amazon.es/dp/B0BHT8LCCP?tag=topinalambricos-21&linkCode=osi&th=1&psc=1","Images":{"Primary":{"Small":{"Height":75,"URL":"https://m.media-amazon.com/images/I/31vFEUUo0OL._SL75_.jpg","Width":75}}},"ItemInfo":{"ByLineInfo":{"Brand":{"DisplayValue":"LAAV","Label":"Brand","Locale":"es_ES"},"Manufacturer":{"DisplayValue":"CSG Sp. z o.o.","Label":"Manufacturer","Locale":"es_ES"}},"Title":{"DisplayValue":"LAAV Limpiador Cuero Leather Cleaner (250 ml) I Elimina la Suciedad y Las Manchas, no Seca I Limpiador Tapiceria Coche I Producto de Limpieza Ecológico para Todos los Productos de Piel","Label":"Title","Locale":"es_ES"}},"Offers":{"Summaries":[{"Condition":{"Value":"New"},"LowestPrice":{"Amount":6.9,"Currency":"EUR","DisplayAmount":"6,90 € (27,60 € / l)","PricePerUnit":27.6}}]}},{"ASIN":"B074KKZVMF","DetailPageURL":"https://www.amazon.es/dp/B074KKZVMF?tag=topinalambricos-21&linkCode=osi&th=1&psc=1","Images":{"Primary":{"Small":{"Height":75,"URL":"https://m.media-amazon.com/images/I/410nKkuP99L._SL75_.jpg","Width":75}}},"ItemInfo":{"ByLineInfo":{"Brand":{"DisplayValue":"Maddox Detail","Label":"Brand","Locale":"es_ES"},"Manufacturer":{"DisplayValue":"Maddox Automocion Sl","Label":"Manufacturer","Locale":"es_ES"}},"Title":{"DisplayValue":"Maddox Detail - Leather Conditioner 500ml | Hidratante y Tratamiento Cuero Coche | Limpiador Asientos de Cuero y Piel, Negro","Label":"Title","Locale":"es_ES"}},"Offers":{"Summaries":[{"Condition":{"Value":"New"},"LowestPrice":{"Amount":14.9,"Currency":"EUR","DisplayAmount":"14,90 € (29,80 € / l)","PricePerUnit":29.8}}]}},{"ASIN":"B0BPN5PWY3","DetailPageURL":"https://www.amazon.es/dp/B0BPN5PWY3?tag=topinalambricos-21&linkCode=osi&th=1&psc=1","Images":{"Primary":{"Small":{"Height":75,"URL":"https://m.media-amazon.com/images/I/511GOk2abCL._SL75_.jpg","Width":75}}},"ItemInfo":{"ByLineInfo":{"Brand":{"DisplayValue":"GxDetail","Label":"Brand","Locale":"es_ES"},"Manufacturer":{"DisplayValue":"GxDetail","Label":"Manufacturer","Locale":"es_ES"}},"Title":{"DisplayValue":"GxDetail Pack Cuidado Cuero - Kit Limpieza e Hidratación para Cuero Coche Gx Detail - Kit Con Accesorios y Limpiador de Asientos de Cuero - Limpia Asientos Tapicerias Piel y Cuero de Coche...","Label":"Title","Locale":"es_ES"}},"Offers":{"Summaries":[{"Condition":{"Value":"New"},"LowestPrice":{"Amount":34.95,"Currency":"EUR","DisplayAmount":"34,95 € (34,95 € / l)","PricePerUnit":34.95}}]}},{"ASIN":"B005EBNZTI","DetailPageURL":"https://www.amazon.es/dp/B005EBNZTI?tag=topinalambricos-21&linkCode=osi&th=1&psc=1","Images":{"Primary":{"Small":{"Height":75,"URL":"https://m.media-amazon.com/images/I/41MKOfJ00uL._SL75_.jpg","Width":75}}},"ItemInfo":{"ByLineInfo":{"Brand":{"DisplayValue":"Renapur","Label":"Brand","Locale":"es_ES"},"Manufacturer":{"DisplayValue":"Renapur Ltd","Label":"Manufacturer","Locale":"es_ES"}},"Title":{"DisplayValue":"Bálsamo de cuero, bálsamo natural, acondicionador y restaurador Renapur (200ml + esponja aplicadora)","Label":"Title","Locale":"es_ES"}},"Offers":{"Summaries":[{"Condition":{"Value":"New"},"LowestPrice":{"Amount":17.5,"Currency":"EUR","DisplayAmount":"17,50 €"}}]}},{"ASIN":"B01M0E5OC6","DetailPageURL":"https://www.amazon.es/dp/B01M0E5OC6?tag=topinalambricos-21&linkCode=osi&th=1&psc=1","Images":{"Primary":{"Small":{"Height":75,"URL":"https://m.media-amazon.com/images/I/31aqST56JDL._SL75_.jpg","Width":75}}},"ItemInfo":{"ByLineInfo":{"Brand":{"DisplayValue":"QM Cleaner","Label":"Brand","Locale":"es_ES"},"Manufacturer":{"DisplayValue":"QM Cleaner","Label":"Manufacturer","Locale":"es_ES"}},"Title":{"DisplayValue":"QM Cleaner LEATHER | Limpiador para cuero, piel y polipiel - Ideal para sillones, tapicerías de vehículos y complementos (Bolsos, chaquetas...) - 500ml","Label":"Title","Locale":"es_ES"}},"Offers":{"Summaries":[{"Condition":{"Value":"New"},"LowestPrice":{"Amount":15.99,"Currency":"EUR","DisplayAmount":"15,99 €"}}]}}],"SearchURL":"https://www.amazon.es/s?k=limpiar+cuero&rh=n%3A2424866031%2Cp_n_availability%3A-1&tag=topinalambricos-21&linkCode=osi","TotalResultCount":743}},"40":{"SearchResult":{"Items":[{"ASIN":"B07SL4WY1W","DetailPageURL":"https://www.amazon.es/dp/B07SL4WY1W?tag=topinalambricos-21&linkCode=osi&th=1&psc=1","Images":{"Primary":{"Small":{"Height":75,"URL":"https://m.media-amazon.com/images/I/4150jn7SysL._SL75_.jpg","Width":75}}},"ItemInfo":{"ByLineInfo":{"Brand":{"DisplayValue":"Maddox Detail","Label":"Brand","Locale":"es_ES"},"Manufacturer":{"DisplayValue":"Maddox Automoción SL","Label":"Manufacturer","Locale":"es_ES"}},"Title":{"DisplayValue":"Maddox Detail - Leather Detailer 500 ml | Limpiador y Acondicionador de Cuero | Limpieza Profunda para Coche y Sofá | Tratamiento de Piel | Elimina Suciedad y Manchas | Restaura Asientos","Label":"Title","Locale":"es_ES"}},"Offers":{"Summaries":[{"Condition":{"Value":"New"},"LowestPrice":{"Amount":12.9,"Currency":"EUR","DisplayAmount":"12,90 € (25,80 € / l)","PricePerUnit":25.8}}]}},{"ASIN":"B007DJ566O","DetailPageURL":"https://www.amazon.es/dp/B007DJ566O?tag=topinalambricos-21&linkCode=osi&th=1&psc=1","Images":{"Primary":{"Small":{"Height":75,"URL":"https://m.media-amazon.com/images/I/41Arv3FwqYL._SL75_.jpg","Width":75}}},"ItemInfo":{"ByLineInfo":{"Brand":{"DisplayValue":"DELARA","Label":"Brand","Locale":"es_ES"},"Manufacturer":{"DisplayValue":"DELARA","Label":"Manufacturer","Locale":"es_ES"}},"Title":{"DisplayValue":"DELARA Protector intensivo de cuero 100 ml, color: incoloro – Made in Germany","Label":"Title","Locale":"es_ES"}},"Offers":{"Summaries":[{"Condition":{"Value":"New"},"LowestPrice":{"Amount":10.99,"Currency":"EUR","DisplayAmount":"10,99 €"}}]}},{"ASIN":"B0BNZ6LN98","DetailPageURL":"https://www.amazon.es/dp/B0BNZ6LN98?tag=topinalambricos-21&linkCode=osi&th=1&psc=1","Images":{"Primary":{"Small":{"Height":75,"URL":"https://m.media-amazon.com/images/I/41FW8HzHpVL._SL75_.jpg","Width":75}}},"ItemInfo":{"ByLineInfo":{"Brand":{"DisplayValue":"GxDetail","Label":"Brand","Locale":"es_ES"},"Manufacturer":{"DisplayValue":"GxDetail","Label":"Manufacturer","Locale":"es_ES"}},"Title":{"DisplayValue":"GxDetail Limpiador de Cuero y Piel - Limpia, protege y ayuda a mantener las superficies nuevas - Limpiador de Asientos de coche de Cuero - Leather Cleaner (500 ml.)","Label":"Title","Locale":"es_ES"}},"Offers":{"Summaries":[{"Condition":{"Value":"New"},"LowestPrice":{"Amount":10.99,"Currency":"EUR","DisplayAmount":"10,99 € (21,98 € / l)","PricePerUnit":21.98}}]}},{"ASIN":"B07JWHH61W","DetailPageURL":"https://www.amazon.es/dp/B07JWHH61W?tag=topinalambricos-21&linkCode=osi&th=1&psc=1","Images":{"Primary":{"Small":{"Height":75,"URL":"https://m.media-amazon.com/images/I/51mbQkPkmeL._SL75_.jpg","Width":75}}},"ItemInfo":{"ByLineInfo":{"Brand":{"DisplayValue":"Maddox Detail","Label":"Brand","Locale":"es_ES"},"Manufacturer":{"DisplayValue":"Maddox Automoción","Label":"Manufacturer","Locale":"es_ES"}},"Title":{"DisplayValue":"Maddox Detail - Leather Care Kit 500ml | Limpiador y Acondicionador de Cuero y Piel | Incluye Microfibra | Kit Limpiador de Tapicería de Coche","Label":"Title","Locale":"es_ES"}},"Offers":{"Summaries":[{"Condition":{"Value":"New"},"LowestPrice":{"Amount":26.5,"Currency":"EUR","DisplayAmount":"26,50 € (26,50 € / l)","PricePerUnit":26.5}}]}},{"ASIN":"B07K9XPXF8","DetailPageURL":"https://www.amazon.es/dp/B07K9XPXF8?tag=topinalambricos-21&linkCode=osi&th=1&psc=1","Images":{"Primary":{"Small":{"Height":75,"URL":"https://m.media-amazon.com/images/I/41IdIjP7B3L._SL75_.jpg","Width":75}}},"ItemInfo":{"ByLineInfo":{"Brand":{"DisplayValue":"QM Cleaner","Label":"Brand","Locale":"es_ES"},"Manufacturer":{"DisplayValue":"QM Cleaner","Label":"Manufacturer","Locale":"es_ES"}},"Title":{"DisplayValue":"QM Cleaner Limpieza e hidratación Cuero. Cuidado y Limpieza de la tapicería del Coche, sillones Sofa de Cuero. Limpia e hidrata (Kit Leather)","Label":"Title","Locale":"es_ES"}},"Offers":{"Summaries":[{"Condition":{"Value":"New"},"LowestPrice":{"Amount":28.49,"Currency":"EUR","DisplayAmount":"28,49 €"}}]}},{"ASIN":"B0BHT8LCCP","DetailPageURL":"https://www.amazon.es/dp/B0BHT8LCCP?tag=topinalambricos-21&linkCode=osi&th=1&psc=1","Images":{"Primary":{"Small":{"Height":75,"URL":"https://m.media-amazon.com/images/I/31vFEUUo0OL._SL75_.jpg","Width":75}}},"ItemInfo":{"ByLineInfo":{"Brand":{"DisplayValue":"LAAV","Label":"Brand","Locale":"es_ES"},"Manufacturer":{"DisplayValue":"CSG Sp. z o.o.","Label":"Manufacturer","Locale":"es_ES"}},"Title":{"DisplayValue":"LAAV Limpiador Cuero Leather Cleaner (250 ml) I Elimina la Suciedad y Las Manchas, no Seca I Limpiador Tapiceria Coche I Producto de Limpieza Ecológico para Todos los Productos de Piel","Label":"Title","Locale":"es_ES"}},"Offers":{"Summaries":[{"Condition":{"Value":"New"},"LowestPrice":{"Amount":6.9,"Currency":"EUR","DisplayAmount":"6,90 € (27,60 € / l)","PricePerUnit":27.6}}]}},{"ASIN":"B074KKZVMF","DetailPageURL":"https://www.amazon.es/dp/B074KKZVMF?tag=topinalambricos-21&linkCode=osi&th=1&psc=1","Images":{"Primary":{"Small":{"Height":75,"URL":"https://m.media-amazon.com/images/I/410nKkuP99L._SL75_.jpg","Width":75}}},"ItemInfo":{"ByLineInfo":{"Brand":{"DisplayValue":"Maddox Detail","Label":"Brand","Locale":"es_ES"},"Manufacturer":{"DisplayValue":"Maddox Automocion Sl","Label":"Manufacturer","Locale":"es_ES"}},"Title":{"DisplayValue":"Maddox Detail - Leather Conditioner 500ml | Hidratante y Tratamiento Cuero Coche | Limpiador Asientos de Cuero y Piel, Negro","Label":"Title","Locale":"es_ES"}},"Offers":{"Summaries":[{"Condition":{"Value":"New"},"LowestPrice":{"Amount":14.9,"Currency":"EUR","DisplayAmount":"14,90 € (29,80 € / l)","PricePerUnit":29.8}}]}},{"ASIN":"B0BPN5PWY3","DetailPageURL":"https://www.amazon.es/dp/B0BPN5PWY3?tag=topinalambricos-21&linkCode=osi&th=1&psc=1","Images":{"Primary":{"Small":{"Height":75,"URL":"https://m.media-amazon.com/images/I/511GOk2abCL._SL75_.jpg","Width":75}}},"ItemInfo":{"ByLineInfo":{"Brand":{"DisplayValue":"GxDetail","Label":"Brand","Locale":"es_ES"},"Manufacturer":{"DisplayValue":"GxDetail","Label":"Manufacturer","Locale":"es_ES"}},"Title":{"DisplayValue":"GxDetail Pack Cuidado Cuero - Kit Limpieza e Hidratación para Cuero Coche Gx Detail - Kit Con Accesorios y Limpiador de Asientos de Cuero - Limpia Asientos Tapicerias Piel y Cuero de Coche...","Label":"Title","Locale":"es_ES"}},"Offers":{"Summaries":[{"Condition":{"Value":"New"},"LowestPrice":{"Amount":34.95,"Currency":"EUR","DisplayAmount":"34,95 € (34,95 € / l)","PricePerUnit":34.95}}]}},{"ASIN":"B005EBNZTI","DetailPageURL":"https://www.amazon.es/dp/B005EBNZTI?tag=topinalambricos-21&linkCode=osi&th=1&psc=1","Images":{"Primary":{"Small":{"Height":75,"URL":"https://m.media-amazon.com/images/I/41MKOfJ00uL._SL75_.jpg","Width":75}}},"ItemInfo":{"ByLineInfo":{"Brand":{"DisplayValue":"Renapur","Label":"Brand","Locale":"es_ES"},"Manufacturer":{"DisplayValue":"Renapur Ltd","Label":"Manufacturer","Locale":"es_ES"}},"Title":{"DisplayValue":"Bálsamo de cuero, bálsamo natural, acondicionador y restaurador Renapur (200ml + esponja aplicadora)","Label":"Title","Locale":"es_ES"}},"Offers":{"Summaries":[{"Condition":{"Value":"New"},"LowestPrice":{"Amount":17.5,"Currency":"EUR","DisplayAmount":"17,50 €"}}]}},{"ASIN":"B01M0E5OC6","DetailPageURL":"https://www.amazon.es/dp/B01M0E5OC6?tag=topinalambricos-21&linkCode=osi&th=1&psc=1","Images":{"Primary":{"Small":{"Height":75,"URL":"https://m.media-amazon.com/images/I/31aqST56JDL._SL75_.jpg","Width":75}}},"ItemInfo":{"ByLineInfo":{"Brand":{"DisplayValue":"QM Cleaner","Label":"Brand","Locale":"es_ES"},"Manufacturer":{"DisplayValue":"QM Cleaner","Label":"Manufacturer","Locale":"es_ES"}},"Title":{"DisplayValue":"QM Cleaner LEATHER | Limpiador para cuero, piel y polipiel - Ideal para sillones, tapicerías de vehículos y complementos (Bolsos, chaquetas...) - 500ml","Label":"Title","Locale":"es_ES"}},"Offers":{"Summaries":[{"Condition":{"Value":"New"},"LowestPrice":{"Amount":15.99,"Currency":"EUR","DisplayAmount":"15,99 €"}}]}}],"SearchURL":"https://www.amazon.es/s?k=limpiar+cuero&rh=n%3A2424866031%2Cp_n_availability%3A-1&tag=topinalambricos-21&linkCode=osi","TotalResultCount":743}},"41":{"SearchResult":{"Items":[{"ASIN":"B07SL4WY1W","DetailPageURL":"https://www.amazon.es/dp/B07SL4WY1W?tag=topinalambricos-21&linkCode=osi&th=1&psc=1","Images":{"Primary":{"Small":{"Height":75,"URL":"https://m.media-amazon.com/images/I/4150jn7SysL._SL75_.jpg","Width":75}}},"ItemInfo":{"ByLineInfo":{"Brand":{"DisplayValue":"Maddox Detail","Label":"Brand","Locale":"es_ES"},"Manufacturer":{"DisplayValue":"Maddox Automoción SL","Label":"Manufacturer","Locale":"es_ES"}},"Title":{"DisplayValue":"Maddox Detail - Leather Detailer 500 ml | Limpiador y Acondicionador de Cuero | Limpieza Profunda para Coche y Sofá | Tratamiento de Piel | Elimina Suciedad y Manchas | Restaura Asientos","Label":"Title","Locale":"es_ES"}},"Offers":{"Summaries":[{"Condition":{"Value":"New"},"LowestPrice":{"Amount":12.9,"Currency":"EUR","DisplayAmount":"12,90 € (25,80 € / l)","PricePerUnit":25.8}}]}},{"ASIN":"B007DJ566O","DetailPageURL":"https://www.amazon.es/dp/B007DJ566O?tag=topinalambricos-21&linkCode=osi&th=1&psc=1","Images":{"Primary":{"Small":{"Height":75,"URL":"https://m.media-amazon.com/images/I/41Arv3FwqYL._SL75_.jpg","Width":75}}},"ItemInfo":{"ByLineInfo":{"Brand":{"DisplayValue":"DELARA","Label":"Brand","Locale":"es_ES"},"Manufacturer":{"DisplayValue":"DELARA","Label":"Manufacturer","Locale":"es_ES"}},"Title":{"DisplayValue":"DELARA Protector intensivo de cuero 100 ml, color: incoloro – Made in Germany","Label":"Title","Locale":"es_ES"}},"Offers":{"Summaries":[{"Condition":{"Value":"New"},"LowestPrice":{"Amount":10.99,"Currency":"EUR","DisplayAmount":"10,99 €"}}]}},{"ASIN":"B0BNZ6LN98","DetailPageURL":"https://www.amazon.es/dp/B0BNZ6LN98?tag=topinalambricos-21&linkCode=osi&th=1&psc=1","Images":{"Primary":{"Small":{"Height":75,"URL":"https://m.media-amazon.com/images/I/41FW8HzHpVL._SL75_.jpg","Width":75}}},"ItemInfo":{"ByLineInfo":{"Brand":{"DisplayValue":"GxDetail","Label":"Brand","Locale":"es_ES"},"Manufacturer":{"DisplayValue":"GxDetail","Label":"Manufacturer","Locale":"es_ES"}},"Title":{"DisplayValue":"GxDetail Limpiador de Cuero y Piel - Limpia, protege y ayuda a mantener las superficies nuevas - Limpiador de Asientos de coche de Cuero - Leather Cleaner (500 ml.)","Label":"Title","Locale":"es_ES"}},"Offers":{"Summaries":[{"Condition":{"Value":"New"},"LowestPrice":{"Amount":10.99,"Currency":"EUR","DisplayAmount":"10,99 € (21,98 € / l)","PricePerUnit":21.98}}]}},{"ASIN":"B07JWHH61W","DetailPageURL":"https://www.amazon.es/dp/B07JWHH61W?tag=topinalambricos-21&linkCode=osi&th=1&psc=1","Images":{"Primary":{"Small":{"Height":75,"URL":"https://m.media-amazon.com/images/I/51mbQkPkmeL._SL75_.jpg","Width":75}}},"ItemInfo":{"ByLineInfo":{"Brand":{"DisplayValue":"Maddox Detail","Label":"Brand","Locale":"es_ES"},"Manufacturer":{"DisplayValue":"Maddox Automoción","Label":"Manufacturer","Locale":"es_ES"}},"Title":{"DisplayValue":"Maddox Detail - Leather Care Kit 500ml | Limpiador y Acondicionador de Cuero y Piel | Incluye Microfibra | Kit Limpiador de Tapicería de Coche","Label":"Title","Locale":"es_ES"}},"Offers":{"Summaries":[{"Condition":{"Value":"New"},"LowestPrice":{"Amount":26.5,"Currency":"EUR","DisplayAmount":"26,50 € (26,50 € / l)","PricePerUnit":26.5}}]}},{"ASIN":"B07K9XPXF8","DetailPageURL":"https://www.amazon.es/dp/B07K9XPXF8?tag=topinalambricos-21&linkCode=osi&th=1&psc=1","Images":{"Primary":{"Small":{"Height":75,"URL":"https://m.media-amazon.com/images/I/41IdIjP7B3L._SL75_.jpg","Width":75}}},"ItemInfo":{"ByLineInfo":{"Brand":{"DisplayValue":"QM Cleaner","Label":"Brand","Locale":"es_ES"},"Manufacturer":{"DisplayValue":"QM Cleaner","Label":"Manufacturer","Locale":"es_ES"}},"Title":{"DisplayValue":"QM Cleaner Limpieza e hidratación Cuero. Cuidado y Limpieza de la tapicería del Coche, sillones Sofa de Cuero. Limpia e hidrata (Kit Leather)","Label":"Title","Locale":"es_ES"}},"Offers":{"Summaries":[{"Condition":{"Value":"New"},"LowestPrice":{"Amount":28.49,"Currency":"EUR","DisplayAmount":"28,49 €"}}]}},{"ASIN":"B0BHT8LCCP","DetailPageURL":"https://www.amazon.es/dp/B0BHT8LCCP?tag=topinalambricos-21&linkCode=osi&th=1&psc=1","Images":{"Primary":{"Small":{"Height":75,"URL":"https://m.media-amazon.com/images/I/31vFEUUo0OL._SL75_.jpg","Width":75}}},"ItemInfo":{"ByLineInfo":{"Brand":{"DisplayValue":"LAAV","Label":"Brand","Locale":"es_ES"},"Manufacturer":{"DisplayValue":"CSG Sp. z o.o.","Label":"Manufacturer","Locale":"es_ES"}},"Title":{"DisplayValue":"LAAV Limpiador Cuero Leather Cleaner (250 ml) I Elimina la Suciedad y Las Manchas, no Seca I Limpiador Tapiceria Coche I Producto de Limpieza Ecológico para Todos los Productos de Piel","Label":"Title","Locale":"es_ES"}},"Offers":{"Summaries":[{"Condition":{"Value":"New"},"LowestPrice":{"Amount":6.9,"Currency":"EUR","DisplayAmount":"6,90 € (27,60 € / l)","PricePerUnit":27.6}}]}},{"ASIN":"B074KKZVMF","DetailPageURL":"https://www.amazon.es/dp/B074KKZVMF?tag=topinalambricos-21&linkCode=osi&th=1&psc=1","Images":{"Primary":{"Small":{"Height":75,"URL":"https://m.media-amazon.com/images/I/410nKkuP99L._SL75_.jpg","Width":75}}},"ItemInfo":{"ByLineInfo":{"Brand":{"DisplayValue":"Maddox Detail","Label":"Brand","Locale":"es_ES"},"Manufacturer":{"DisplayValue":"Maddox Automocion Sl","Label":"Manufacturer","Locale":"es_ES"}},"Title":{"DisplayValue":"Maddox Detail - Leather Conditioner 500ml | Hidratante y Tratamiento Cuero Coche | Limpiador Asientos de Cuero y Piel, Negro","Label":"Title","Locale":"es_ES"}},"Offers":{"Summaries":[{"Condition":{"Value":"New"},"LowestPrice":{"Amount":14.9,"Currency":"EUR","DisplayAmount":"14,90 € (29,80 € / l)","PricePerUnit":29.8}}]}},{"ASIN":"B0BPN5PWY3","DetailPageURL":"https://www.amazon.es/dp/B0BPN5PWY3?tag=topinalambricos-21&linkCode=osi&th=1&psc=1","Images":{"Primary":{"Small":{"Height":75,"URL":"https://m.media-amazon.com/images/I/511GOk2abCL._SL75_.jpg","Width":75}}},"ItemInfo":{"ByLineInfo":{"Brand":{"DisplayValue":"GxDetail","Label":"Brand","Locale":"es_ES"},"Manufacturer":{"DisplayValue":"GxDetail","Label":"Manufacturer","Locale":"es_ES"}},"Title":{"DisplayValue":"GxDetail Pack Cuidado Cuero - Kit Limpieza e Hidratación para Cuero Coche Gx Detail - Kit Con Accesorios y Limpiador de Asientos de Cuero - Limpia Asientos Tapicerias Piel y Cuero de Coche...","Label":"Title","Locale":"es_ES"}},"Offers":{"Summaries":[{"Condition":{"Value":"New"},"LowestPrice":{"Amount":34.95,"Currency":"EUR","DisplayAmount":"34,95 € (34,95 € / l)","PricePerUnit":34.95}}]}},{"ASIN":"B005EBNZTI","DetailPageURL":"https://www.amazon.es/dp/B005EBNZTI?tag=topinalambricos-21&linkCode=osi&th=1&psc=1","Images":{"Primary":{"Small":{"Height":75,"URL":"https://m.media-amazon.com/images/I/41MKOfJ00uL._SL75_.jpg","Width":75}}},"ItemInfo":{"ByLineInfo":{"Brand":{"DisplayValue":"Renapur","Label":"Brand","Locale":"es_ES"},"Manufacturer":{"DisplayValue":"Renapur Ltd","Label":"Manufacturer","Locale":"es_ES"}},"Title":{"DisplayValue":"Bálsamo de cuero, bálsamo natural, acondicionador y restaurador Renapur (200ml + esponja aplicadora)","Label":"Title","Locale":"es_ES"}},"Offers":{"Summaries":[{"Condition":{"Value":"New"},"LowestPrice":{"Amount":17.5,"Currency":"EUR","DisplayAmount":"17,50 €"}}]}},{"ASIN":"B01M0E5OC6","DetailPageURL":"https://www.amazon.es/dp/B01M0E5OC6?tag=topinalambricos-21&linkCode=osi&th=1&psc=1","Images":{"Primary":{"Small":{"Height":75,"URL":"https://m.media-amazon.com/images/I/31aqST56JDL._SL75_.jpg","Width":75}}},"ItemInfo":{"ByLineInfo":{"Brand":{"DisplayValue":"QM Cleaner","Label":"Brand","Locale":"es_ES"},"Manufacturer":{"DisplayValue":"QM Cleaner","Label":"Manufacturer","Locale":"es_ES"}},"Title":{"DisplayValue":"QM Cleaner LEATHER | Limpiador para cuero, piel y polipiel - Ideal para sillones, tapicerías de vehículos y complementos (Bolsos, chaquetas...) - 500ml","Label":"Title","Locale":"es_ES"}},"Offers":{"Summaries":[{"Condition":{"Value":"New"},"LowestPrice":{"Amount":15.99,"Currency":"EUR","DisplayAmount":"15,99 €"}}]}}],"SearchURL":"https://www.amazon.es/s?k=limpiar+cuero&rh=n%3A2424866031%2Cp_n_availability%3A-1&tag=topinalambricos-21&linkCode=osi","TotalResultCount":743}},"42":{"SearchResult":{"Items":[{"ASIN":"B07SL4WY1W","DetailPageURL":"https://www.amazon.es/dp/B07SL4WY1W?tag=topinalambricos-21&linkCode=osi&th=1&psc=1","Images":{"Primary":{"Small":{"Height":75,"URL":"https://m.media-amazon.com/images/I/4150jn7SysL._SL75_.jpg","Width":75}}},"ItemInfo":{"ByLineInfo":{"Brand":{"DisplayValue":"Maddox Detail","Label":"Brand","Locale":"es_ES"},"Manufacturer":{"DisplayValue":"Maddox Automoción SL","Label":"Manufacturer","Locale":"es_ES"}},"Title":{"DisplayValue":"Maddox Detail - Leather Detailer 500 ml | Limpiador y Acondicionador de Cuero | Limpieza Profunda para Coche y Sofá | Tratamiento de Piel | Elimina Suciedad y Manchas | Restaura Asientos","Label":"Title","Locale":"es_ES"}},"Offers":{"Summaries":[{"Condition":{"Value":"New"},"LowestPrice":{"Amount":12.9,"Currency":"EUR","DisplayAmount":"12,90 € (25,80 € / l)","PricePerUnit":25.8}}]}},{"ASIN":"B007DJ566O","DetailPageURL":"https://www.amazon.es/dp/B007DJ566O?tag=topinalambricos-21&linkCode=osi&th=1&psc=1","Images":{"Primary":{"Small":{"Height":75,"URL":"https://m.media-amazon.com/images/I/41Arv3FwqYL._SL75_.jpg","Width":75}}},"ItemInfo":{"ByLineInfo":{"Brand":{"DisplayValue":"DELARA","Label":"Brand","Locale":"es_ES"},"Manufacturer":{"DisplayValue":"DELARA","Label":"Manufacturer","Locale":"es_ES"}},"Title":{"DisplayValue":"DELARA Protector intensivo de cuero 100 ml, color: incoloro – Made in Germany","Label":"Title","Locale":"es_ES"}},"Offers":{"Summaries":[{"Condition":{"Value":"New"},"LowestPrice":{"Amount":10.99,"Currency":"EUR","DisplayAmount":"10,99 €"}}]}},{"ASIN":"B0BNZ6LN98","DetailPageURL":"https://www.amazon.es/dp/B0BNZ6LN98?tag=topinalambricos-21&linkCode=osi&th=1&psc=1","Images":{"Primary":{"Small":{"Height":75,"URL":"https://m.media-amazon.com/images/I/41FW8HzHpVL._SL75_.jpg","Width":75}}},"ItemInfo":{"ByLineInfo":{"Brand":{"DisplayValue":"GxDetail","Label":"Brand","Locale":"es_ES"},"Manufacturer":{"DisplayValue":"GxDetail","Label":"Manufacturer","Locale":"es_ES"}},"Title":{"DisplayValue":"GxDetail Limpiador de Cuero y Piel - Limpia, protege y ayuda a mantener las superficies nuevas - Limpiador de Asientos de coche de Cuero - Leather Cleaner (500 ml.)","Label":"Title","Locale":"es_ES"}},"Offers":{"Summaries":[{"Condition":{"Value":"New"},"LowestPrice":{"Amount":10.99,"Currency":"EUR","DisplayAmount":"10,99 € (21,98 € / l)","PricePerUnit":21.98}}]}},{"ASIN":"B07JWHH61W","DetailPageURL":"https://www.amazon.es/dp/B07JWHH61W?tag=topinalambricos-21&linkCode=osi&th=1&psc=1","Images":{"Primary":{"Small":{"Height":75,"URL":"https://m.media-amazon.com/images/I/51mbQkPkmeL._SL75_.jpg","Width":75}}},"ItemInfo":{"ByLineInfo":{"Brand":{"DisplayValue":"Maddox Detail","Label":"Brand","Locale":"es_ES"},"Manufacturer":{"DisplayValue":"Maddox Automoción","Label":"Manufacturer","Locale":"es_ES"}},"Title":{"DisplayValue":"Maddox Detail - Leather Care Kit 500ml | Limpiador y Acondicionador de Cuero y Piel | Incluye Microfibra | Kit Limpiador de Tapicería de Coche","Label":"Title","Locale":"es_ES"}},"Offers":{"Summaries":[{"Condition":{"Value":"New"},"LowestPrice":{"Amount":26.5,"Currency":"EUR","DisplayAmount":"26,50 € (26,50 € / l)","PricePerUnit":26.5}}]}},{"ASIN":"B07K9XPXF8","DetailPageURL":"https://www.amazon.es/dp/B07K9XPXF8?tag=topinalambricos-21&linkCode=osi&th=1&psc=1","Images":{"Primary":{"Small":{"Height":75,"URL":"https://m.media-amazon.com/images/I/41IdIjP7B3L._SL75_.jpg","Width":75}}},"ItemInfo":{"ByLineInfo":{"Brand":{"DisplayValue":"QM Cleaner","Label":"Brand","Locale":"es_ES"},"Manufacturer":{"DisplayValue":"QM Cleaner","Label":"Manufacturer","Locale":"es_ES"}},"Title":{"DisplayValue":"QM Cleaner Limpieza e hidratación Cuero. Cuidado y Limpieza de la tapicería del Coche, sillones Sofa de Cuero. Limpia e hidrata (Kit Leather)","Label":"Title","Locale":"es_ES"}},"Offers":{"Summaries":[{"Condition":{"Value":"New"},"LowestPrice":{"Amount":28.49,"Currency":"EUR","DisplayAmount":"28,49 €"}}]}},{"ASIN":"B0BHT8LCCP","DetailPageURL":"https://www.amazon.es/dp/B0BHT8LCCP?tag=topinalambricos-21&linkCode=osi&th=1&psc=1","Images":{"Primary":{"Small":{"Height":75,"URL":"https://m.media-amazon.com/images/I/31vFEUUo0OL._SL75_.jpg","Width":75}}},"ItemInfo":{"ByLineInfo":{"Brand":{"DisplayValue":"LAAV","Label":"Brand","Locale":"es_ES"},"Manufacturer":{"DisplayValue":"CSG Sp. z o.o.","Label":"Manufacturer","Locale":"es_ES"}},"Title":{"DisplayValue":"LAAV Limpiador Cuero Leather Cleaner (250 ml) I Elimina la Suciedad y Las Manchas, no Seca I Limpiador Tapiceria Coche I Producto de Limpieza Ecológico para Todos los Productos de Piel","Label":"Title","Locale":"es_ES"}},"Offers":{"Summaries":[{"Condition":{"Value":"New"},"LowestPrice":{"Amount":6.9,"Currency":"EUR","DisplayAmount":"6,90 € (27,60 € / l)","PricePerUnit":27.6}}]}},{"ASIN":"B074KKZVMF","DetailPageURL":"https://www.amazon.es/dp/B074KKZVMF?tag=topinalambricos-21&linkCode=osi&th=1&psc=1","Images":{"Primary":{"Small":{"Height":75,"URL":"https://m.media-amazon.com/images/I/410nKkuP99L._SL75_.jpg","Width":75}}},"ItemInfo":{"ByLineInfo":{"Brand":{"DisplayValue":"Maddox Detail","Label":"Brand","Locale":"es_ES"},"Manufacturer":{"DisplayValue":"Maddox Automocion Sl","Label":"Manufacturer","Locale":"es_ES"}},"Title":{"DisplayValue":"Maddox Detail - Leather Conditioner 500ml | Hidratante y Tratamiento Cuero Coche | Limpiador Asientos de Cuero y Piel, Negro","Label":"Title","Locale":"es_ES"}},"Offers":{"Summaries":[{"Condition":{"Value":"New"},"LowestPrice":{"Amount":14.9,"Currency":"EUR","DisplayAmount":"14,90 € (29,80 € / l)","PricePerUnit":29.8}}]}},{"ASIN":"B0BPN5PWY3","DetailPageURL":"https://www.amazon.es/dp/B0BPN5PWY3?tag=topinalambricos-21&linkCode=osi&th=1&psc=1","Images":{"Primary":{"Small":{"Height":75,"URL":"https://m.media-amazon.com/images/I/511GOk2abCL._SL75_.jpg","Width":75}}},"ItemInfo":{"ByLineInfo":{"Brand":{"DisplayValue":"GxDetail","Label":"Brand","Locale":"es_ES"},"Manufacturer":{"DisplayValue":"GxDetail","Label":"Manufacturer","Locale":"es_ES"}},"Title":{"DisplayValue":"GxDetail Pack Cuidado Cuero - Kit Limpieza e Hidratación para Cuero Coche Gx Detail - Kit Con Accesorios y Limpiador de Asientos de Cuero - Limpia Asientos Tapicerias Piel y Cuero de Coche...","Label":"Title","Locale":"es_ES"}},"Offers":{"Summaries":[{"Condition":{"Value":"New"},"LowestPrice":{"Amount":34.95,"Currency":"EUR","DisplayAmount":"34,95 € (34,95 € / l)","PricePerUnit":34.95}}]}},{"ASIN":"B005EBNZTI","DetailPageURL":"https://www.amazon.es/dp/B005EBNZTI?tag=topinalambricos-21&linkCode=osi&th=1&psc=1","Images":{"Primary":{"Small":{"Height":75,"URL":"https://m.media-amazon.com/images/I/41MKOfJ00uL._SL75_.jpg","Width":75}}},"ItemInfo":{"ByLineInfo":{"Brand":{"DisplayValue":"Renapur","Label":"Brand","Locale":"es_ES"},"Manufacturer":{"DisplayValue":"Renapur Ltd","Label":"Manufacturer","Locale":"es_ES"}},"Title":{"DisplayValue":"Bálsamo de cuero, bálsamo natural, acondicionador y restaurador Renapur (200ml + esponja aplicadora)","Label":"Title","Locale":"es_ES"}},"Offers":{"Summaries":[{"Condition":{"Value":"New"},"LowestPrice":{"Amount":17.5,"Currency":"EUR","DisplayAmount":"17,50 €"}}]}},{"ASIN":"B01M0E5OC6","DetailPageURL":"https://www.amazon.es/dp/B01M0E5OC6?tag=topinalambricos-21&linkCode=osi&th=1&psc=1","Images":{"Primary":{"Small":{"Height":75,"URL":"https://m.media-amazon.com/images/I/31aqST56JDL._SL75_.jpg","Width":75}}},"ItemInfo":{"ByLineInfo":{"Brand":{"DisplayValue":"QM Cleaner","Label":"Brand","Locale":"es_ES"},"Manufacturer":{"DisplayValue":"QM Cleaner","Label":"Manufacturer","Locale":"es_ES"}},"Title":{"DisplayValue":"QM Cleaner LEATHER | Limpiador para cuero, piel y polipiel - Ideal para sillones, tapicerías de vehículos y complementos (Bolsos, chaquetas...) - 500ml","Label":"Title","Locale":"es_ES"}},"Offers":{"Summaries":[{"Condition":{"Value":"New"},"LowestPrice":{"Amount":15.99,"Currency":"EUR","DisplayAmount":"15,99 €"}}]}}],"SearchURL":"https://www.amazon.es/s?k=limpiar+cuero&rh=n%3A2424866031%2Cp_n_availability%3A-1&tag=topinalambricos-21&linkCode=osi","TotalResultCount":743}},"43":{"SearchResult":{"Items":[{"ASIN":"B07SL4WY1W","DetailPageURL":"https://www.amazon.es/dp/B07SL4WY1W?tag=topinalambricos-21&linkCode=osi&th=1&psc=1","Images":{"Primary":{"Small":{"Height":75,"URL":"https://m.media-amazon.com/images/I/4150jn7SysL._SL75_.jpg","Width":75}}},"ItemInfo":{"ByLineInfo":{"Brand":{"DisplayValue":"Maddox Detail","Label":"Brand","Locale":"es_ES"},"Manufacturer":{"DisplayValue":"Maddox Automoción SL","Label":"Manufacturer","Locale":"es_ES"}},"Title":{"DisplayValue":"Maddox Detail - Leather Detailer 500 ml | Limpiador y Acondicionador de Cuero | Limpieza Profunda para Coche y Sofá | Tratamiento de Piel | Elimina Suciedad y Manchas | Restaura Asientos","Label":"Title","Locale":"es_ES"}},"Offers":{"Summaries":[{"Condition":{"Value":"New"},"LowestPrice":{"Amount":12.9,"Currency":"EUR","DisplayAmount":"12,90 € (25,80 € / l)","PricePerUnit":25.8}}]}},{"ASIN":"B007DJ566O","DetailPageURL":"https://www.amazon.es/dp/B007DJ566O?tag=topinalambricos-21&linkCode=osi&th=1&psc=1","Images":{"Primary":{"Small":{"Height":75,"URL":"https://m.media-amazon.com/images/I/41Arv3FwqYL._SL75_.jpg","Width":75}}},"ItemInfo":{"ByLineInfo":{"Brand":{"DisplayValue":"DELARA","Label":"Brand","Locale":"es_ES"},"Manufacturer":{"DisplayValue":"DELARA","Label":"Manufacturer","Locale":"es_ES"}},"Title":{"DisplayValue":"DELARA Protector intensivo de cuero 100 ml, color: incoloro – Made in Germany","Label":"Title","Locale":"es_ES"}},"Offers":{"Summaries":[{"Condition":{"Value":"New"},"LowestPrice":{"Amount":10.99,"Currency":"EUR","DisplayAmount":"10,99 €"}}]}},{"ASIN":"B0BNZ6LN98","DetailPageURL":"https://www.amazon.es/dp/B0BNZ6LN98?tag=topinalambricos-21&linkCode=osi&th=1&psc=1","Images":{"Primary":{"Small":{"Height":75,"URL":"https://m.media-amazon.com/images/I/41FW8HzHpVL._SL75_.jpg","Width":75}}},"ItemInfo":{"ByLineInfo":{"Brand":{"DisplayValue":"GxDetail","Label":"Brand","Locale":"es_ES"},"Manufacturer":{"DisplayValue":"GxDetail","Label":"Manufacturer","Locale":"es_ES"}},"Title":{"DisplayValue":"GxDetail Limpiador de Cuero y Piel - Limpia, protege y ayuda a mantener las superficies nuevas - Limpiador de Asientos de coche de Cuero - Leather Cleaner (500 ml.)","Label":"Title","Locale":"es_ES"}},"Offers":{"Summaries":[{"Condition":{"Value":"New"},"LowestPrice":{"Amount":10.99,"Currency":"EUR","DisplayAmount":"10,99 € (21,98 € / l)","PricePerUnit":21.98}}]}},{"ASIN":"B07JWHH61W","DetailPageURL":"https://www.amazon.es/dp/B07JWHH61W?tag=topinalambricos-21&linkCode=osi&th=1&psc=1","Images":{"Primary":{"Small":{"Height":75,"URL":"https://m.media-amazon.com/images/I/51mbQkPkmeL._SL75_.jpg","Width":75}}},"ItemInfo":{"ByLineInfo":{"Brand":{"DisplayValue":"Maddox Detail","Label":"Brand","Locale":"es_ES"},"Manufacturer":{"DisplayValue":"Maddox Automoción","Label":"Manufacturer","Locale":"es_ES"}},"Title":{"DisplayValue":"Maddox Detail - Leather Care Kit 500ml | Limpiador y Acondicionador de Cuero y Piel | Incluye Microfibra | Kit Limpiador de Tapicería de Coche","Label":"Title","Locale":"es_ES"}},"Offers":{"Summaries":[{"Condition":{"Value":"New"},"LowestPrice":{"Amount":26.5,"Currency":"EUR","DisplayAmount":"26,50 € (26,50 € / l)","PricePerUnit":26.5}}]}},{"ASIN":"B07K9XPXF8","DetailPageURL":"https://www.amazon.es/dp/B07K9XPXF8?tag=topinalambricos-21&linkCode=osi&th=1&psc=1","Images":{"Primary":{"Small":{"Height":75,"URL":"https://m.media-amazon.com/images/I/41IdIjP7B3L._SL75_.jpg","Width":75}}},"ItemInfo":{"ByLineInfo":{"Brand":{"DisplayValue":"QM Cleaner","Label":"Brand","Locale":"es_ES"},"Manufacturer":{"DisplayValue":"QM Cleaner","Label":"Manufacturer","Locale":"es_ES"}},"Title":{"DisplayValue":"QM Cleaner Limpieza e hidratación Cuero. Cuidado y Limpieza de la tapicería del Coche, sillones Sofa de Cuero. Limpia e hidrata (Kit Leather)","Label":"Title","Locale":"es_ES"}},"Offers":{"Summaries":[{"Condition":{"Value":"New"},"LowestPrice":{"Amount":28.49,"Currency":"EUR","DisplayAmount":"28,49 €"}}]}},{"ASIN":"B0BHT8LCCP","DetailPageURL":"https://www.amazon.es/dp/B0BHT8LCCP?tag=topinalambricos-21&linkCode=osi&th=1&psc=1","Images":{"Primary":{"Small":{"Height":75,"URL":"https://m.media-amazon.com/images/I/31vFEUUo0OL._SL75_.jpg","Width":75}}},"ItemInfo":{"ByLineInfo":{"Brand":{"DisplayValue":"LAAV","Label":"Brand","Locale":"es_ES"},"Manufacturer":{"DisplayValue":"CSG Sp. z o.o.","Label":"Manufacturer","Locale":"es_ES"}},"Title":{"DisplayValue":"LAAV Limpiador Cuero Leather Cleaner (250 ml) I Elimina la Suciedad y Las Manchas, no Seca I Limpiador Tapiceria Coche I Producto de Limpieza Ecológico para Todos los Productos de Piel","Label":"Title","Locale":"es_ES"}},"Offers":{"Summaries":[{"Condition":{"Value":"New"},"LowestPrice":{"Amount":6.9,"Currency":"EUR","DisplayAmount":"6,90 € (27,60 € / l)","PricePerUnit":27.6}}]}},{"ASIN":"B074KKZVMF","DetailPageURL":"https://www.amazon.es/dp/B074KKZVMF?tag=topinalambricos-21&linkCode=osi&th=1&psc=1","Images":{"Primary":{"Small":{"Height":75,"URL":"https://m.media-amazon.com/images/I/410nKkuP99L._SL75_.jpg","Width":75}}},"ItemInfo":{"ByLineInfo":{"Brand":{"DisplayValue":"Maddox Detail","Label":"Brand","Locale":"es_ES"},"Manufacturer":{"DisplayValue":"Maddox Automocion Sl","Label":"Manufacturer","Locale":"es_ES"}},"Title":{"DisplayValue":"Maddox Detail - Leather Conditioner 500ml | Hidratante y Tratamiento Cuero Coche | Limpiador Asientos de Cuero y Piel, Negro","Label":"Title","Locale":"es_ES"}},"Offers":{"Summaries":[{"Condition":{"Value":"New"},"LowestPrice":{"Amount":14.9,"Currency":"EUR","DisplayAmount":"14,90 € (29,80 € / l)","PricePerUnit":29.8}}]}},{"ASIN":"B0BPN5PWY3","DetailPageURL":"https://www.amazon.es/dp/B0BPN5PWY3?tag=topinalambricos-21&linkCode=osi&th=1&psc=1","Images":{"Primary":{"Small":{"Height":75,"URL":"https://m.media-amazon.com/images/I/511GOk2abCL._SL75_.jpg","Width":75}}},"ItemInfo":{"ByLineInfo":{"Brand":{"DisplayValue":"GxDetail","Label":"Brand","Locale":"es_ES"},"Manufacturer":{"DisplayValue":"GxDetail","Label":"Manufacturer","Locale":"es_ES"}},"Title":{"DisplayValue":"GxDetail Pack Cuidado Cuero - Kit Limpieza e Hidratación para Cuero Coche Gx Detail - Kit Con Accesorios y Limpiador de Asientos de Cuero - Limpia Asientos Tapicerias Piel y Cuero de Coche...","Label":"Title","Locale":"es_ES"}},"Offers":{"Summaries":[{"Condition":{"Value":"New"},"LowestPrice":{"Amount":34.95,"Currency":"EUR","DisplayAmount":"34,95 € (34,95 € / l)","PricePerUnit":34.95}}]}},{"ASIN":"B005EBNZTI","DetailPageURL":"https://www.amazon.es/dp/B005EBNZTI?tag=topinalambricos-21&linkCode=osi&th=1&psc=1","Images":{"Primary":{"Small":{"Height":75,"URL":"https://m.media-amazon.com/images/I/41MKOfJ00uL._SL75_.jpg","Width":75}}},"ItemInfo":{"ByLineInfo":{"Brand":{"DisplayValue":"Renapur","Label":"Brand","Locale":"es_ES"},"Manufacturer":{"DisplayValue":"Renapur Ltd","Label":"Manufacturer","Locale":"es_ES"}},"Title":{"DisplayValue":"Bálsamo de cuero, bálsamo natural, acondicionador y restaurador Renapur (200ml + esponja aplicadora)","Label":"Title","Locale":"es_ES"}},"Offers":{"Summaries":[{"Condition":{"Value":"New"},"LowestPrice":{"Amount":17.5,"Currency":"EUR","DisplayAmount":"17,50 €"}}]}},{"ASIN":"B01M0E5OC6","DetailPageURL":"https://www.amazon.es/dp/B01M0E5OC6?tag=topinalambricos-21&linkCode=osi&th=1&psc=1","Images":{"Primary":{"Small":{"Height":75,"URL":"https://m.media-amazon.com/images/I/31aqST56JDL._SL75_.jpg","Width":75}}},"ItemInfo":{"ByLineInfo":{"Brand":{"DisplayValue":"QM Cleaner","Label":"Brand","Locale":"es_ES"},"Manufacturer":{"DisplayValue":"QM Cleaner","Label":"Manufacturer","Locale":"es_ES"}},"Title":{"DisplayValue":"QM Cleaner LEATHER | Limpiador para cuero, piel y polipiel - Ideal para sillones, tapicerías de vehículos y complementos (Bolsos, chaquetas...) - 500ml","Label":"Title","Locale":"es_ES"}},"Offers":{"Summaries":[{"Condition":{"Value":"New"},"LowestPrice":{"Amount":15.99,"Currency":"EUR","DisplayAmount":"15,99 €"}}]}}],"SearchURL":"https://www.amazon.es/s?k=limpiar+cuero&rh=n%3A2424866031%2Cp_n_availability%3A-1&tag=topinalambricos-21&linkCode=osi","TotalResultCount":743}},"44":{"SearchResult":{"Items":[{"ASIN":"B07SL4WY1W","DetailPageURL":"https://www.amazon.es/dp/B07SL4WY1W?tag=topinalambricos-21&linkCode=osi&th=1&psc=1","Images":{"Primary":{"Small":{"Height":75,"URL":"https://m.media-amazon.com/images/I/4150jn7SysL._SL75_.jpg","Width":75}}},"ItemInfo":{"ByLineInfo":{"Brand":{"DisplayValue":"Maddox Detail","Label":"Brand","Locale":"es_ES"},"Manufacturer":{"DisplayValue":"Maddox Automoción SL","Label":"Manufacturer","Locale":"es_ES"}},"Title":{"DisplayValue":"Maddox Detail - Leather Detailer 500 ml | Limpiador y Acondicionador de Cuero | Limpieza Profunda para Coche y Sofá | Tratamiento de Piel | Elimina Suciedad y Manchas | Restaura Asientos","Label":"Title","Locale":"es_ES"}},"Offers":{"Summaries":[{"Condition":{"Value":"New"},"LowestPrice":{"Amount":12.9,"Currency":"EUR","DisplayAmount":"12,90 € (25,80 € / l)","PricePerUnit":25.8}}]}},{"ASIN":"B007DJ566O","DetailPageURL":"https://www.amazon.es/dp/B007DJ566O?tag=topinalambricos-21&linkCode=osi&th=1&psc=1","Images":{"Primary":{"Small":{"Height":75,"URL":"https://m.media-amazon.com/images/I/41Arv3FwqYL._SL75_.jpg","Width":75}}},"ItemInfo":{"ByLineInfo":{"Brand":{"DisplayValue":"DELARA","Label":"Brand","Locale":"es_ES"},"Manufacturer":{"DisplayValue":"DELARA","Label":"Manufacturer","Locale":"es_ES"}},"Title":{"DisplayValue":"DELARA Protector intensivo de cuero 100 ml, color: incoloro – Made in Germany","Label":"Title","Locale":"es_ES"}},"Offers":{"Summaries":[{"Condition":{"Value":"New"},"LowestPrice":{"Amount":10.99,"Currency":"EUR","DisplayAmount":"10,99 €"}}]}},{"ASIN":"B0BNZ6LN98","DetailPageURL":"https://www.amazon.es/dp/B0BNZ6LN98?tag=topinalambricos-21&linkCode=osi&th=1&psc=1","Images":{"Primary":{"Small":{"Height":75,"URL":"https://m.media-amazon.com/images/I/41FW8HzHpVL._SL75_.jpg","Width":75}}},"ItemInfo":{"ByLineInfo":{"Brand":{"DisplayValue":"GxDetail","Label":"Brand","Locale":"es_ES"},"Manufacturer":{"DisplayValue":"GxDetail","Label":"Manufacturer","Locale":"es_ES"}},"Title":{"DisplayValue":"GxDetail Limpiador de Cuero y Piel - Limpia, protege y ayuda a mantener las superficies nuevas - Limpiador de Asientos de coche de Cuero - Leather Cleaner (500 ml.)","Label":"Title","Locale":"es_ES"}},"Offers":{"Summaries":[{"Condition":{"Value":"New"},"LowestPrice":{"Amount":10.99,"Currency":"EUR","DisplayAmount":"10,99 € (21,98 € / l)","PricePerUnit":21.98}}]}},{"ASIN":"B07JWHH61W","DetailPageURL":"https://www.amazon.es/dp/B07JWHH61W?tag=topinalambricos-21&linkCode=osi&th=1&psc=1","Images":{"Primary":{"Small":{"Height":75,"URL":"https://m.media-amazon.com/images/I/51mbQkPkmeL._SL75_.jpg","Width":75}}},"ItemInfo":{"ByLineInfo":{"Brand":{"DisplayValue":"Maddox Detail","Label":"Brand","Locale":"es_ES"},"Manufacturer":{"DisplayValue":"Maddox Automoción","Label":"Manufacturer","Locale":"es_ES"}},"Title":{"DisplayValue":"Maddox Detail - Leather Care Kit 500ml | Limpiador y Acondicionador de Cuero y Piel | Incluye Microfibra | Kit Limpiador de Tapicería de Coche","Label":"Title","Locale":"es_ES"}},"Offers":{"Summaries":[{"Condition":{"Value":"New"},"LowestPrice":{"Amount":26.5,"Currency":"EUR","DisplayAmount":"26,50 € (26,50 € / l)","PricePerUnit":26.5}}]}},{"ASIN":"B07K9XPXF8","DetailPageURL":"https://www.amazon.es/dp/B07K9XPXF8?tag=topinalambricos-21&linkCode=osi&th=1&psc=1","Images":{"Primary":{"Small":{"Height":75,"URL":"https://m.media-amazon.com/images/I/41IdIjP7B3L._SL75_.jpg","Width":75}}},"ItemInfo":{"ByLineInfo":{"Brand":{"DisplayValue":"QM Cleaner","Label":"Brand","Locale":"es_ES"},"Manufacturer":{"DisplayValue":"QM Cleaner","Label":"Manufacturer","Locale":"es_ES"}},"Title":{"DisplayValue":"QM Cleaner Limpieza e hidratación Cuero. Cuidado y Limpieza de la tapicería del Coche, sillones Sofa de Cuero. Limpia e hidrata (Kit Leather)","Label":"Title","Locale":"es_ES"}},"Offers":{"Summaries":[{"Condition":{"Value":"New"},"LowestPrice":{"Amount":28.49,"Currency":"EUR","DisplayAmount":"28,49 €"}}]}},{"ASIN":"B0BHT8LCCP","DetailPageURL":"https://www.amazon.es/dp/B0BHT8LCCP?tag=topinalambricos-21&linkCode=osi&th=1&psc=1","Images":{"Primary":{"Small":{"Height":75,"URL":"https://m.media-amazon.com/images/I/31vFEUUo0OL._SL75_.jpg","Width":75}}},"ItemInfo":{"ByLineInfo":{"Brand":{"DisplayValue":"LAAV","Label":"Brand","Locale":"es_ES"},"Manufacturer":{"DisplayValue":"CSG Sp. z o.o.","Label":"Manufacturer","Locale":"es_ES"}},"Title":{"DisplayValue":"LAAV Limpiador Cuero Leather Cleaner (250 ml) I Elimina la Suciedad y Las Manchas, no Seca I Limpiador Tapiceria Coche I Producto de Limpieza Ecológico para Todos los Productos de Piel","Label":"Title","Locale":"es_ES"}},"Offers":{"Summaries":[{"Condition":{"Value":"New"},"LowestPrice":{"Amount":6.9,"Currency":"EUR","DisplayAmount":"6,90 € (27,60 € / l)","PricePerUnit":27.6}}]}},{"ASIN":"B074KKZVMF","DetailPageURL":"https://www.amazon.es/dp/B074KKZVMF?tag=topinalambricos-21&linkCode=osi&th=1&psc=1","Images":{"Primary":{"Small":{"Height":75,"URL":"https://m.media-amazon.com/images/I/410nKkuP99L._SL75_.jpg","Width":75}}},"ItemInfo":{"ByLineInfo":{"Brand":{"DisplayValue":"Maddox Detail","Label":"Brand","Locale":"es_ES"},"Manufacturer":{"DisplayValue":"Maddox Automocion Sl","Label":"Manufacturer","Locale":"es_ES"}},"Title":{"DisplayValue":"Maddox Detail - Leather Conditioner 500ml | Hidratante y Tratamiento Cuero Coche | Limpiador Asientos de Cuero y Piel, Negro","Label":"Title","Locale":"es_ES"}},"Offers":{"Summaries":[{"Condition":{"Value":"New"},"LowestPrice":{"Amount":14.9,"Currency":"EUR","DisplayAmount":"14,90 € (29,80 € / l)","PricePerUnit":29.8}}]}},{"ASIN":"B0BPN5PWY3","DetailPageURL":"https://www.amazon.es/dp/B0BPN5PWY3?tag=topinalambricos-21&linkCode=osi&th=1&psc=1","Images":{"Primary":{"Small":{"Height":75,"URL":"https://m.media-amazon.com/images/I/511GOk2abCL._SL75_.jpg","Width":75}}},"ItemInfo":{"ByLineInfo":{"Brand":{"DisplayValue":"GxDetail","Label":"Brand","Locale":"es_ES"},"Manufacturer":{"DisplayValue":"GxDetail","Label":"Manufacturer","Locale":"es_ES"}},"Title":{"DisplayValue":"GxDetail Pack Cuidado Cuero - Kit Limpieza e Hidratación para Cuero Coche Gx Detail - Kit Con Accesorios y Limpiador de Asientos de Cuero - Limpia Asientos Tapicerias Piel y Cuero de Coche...","Label":"Title","Locale":"es_ES"}},"Offers":{"Summaries":[{"Condition":{"Value":"New"},"LowestPrice":{"Amount":34.95,"Currency":"EUR","DisplayAmount":"34,95 € (34,95 € / l)","PricePerUnit":34.95}}]}},{"ASIN":"B005EBNZTI","DetailPageURL":"https://www.amazon.es/dp/B005EBNZTI?tag=topinalambricos-21&linkCode=osi&th=1&psc=1","Images":{"Primary":{"Small":{"Height":75,"URL":"https://m.media-amazon.com/images/I/41MKOfJ00uL._SL75_.jpg","Width":75}}},"ItemInfo":{"ByLineInfo":{"Brand":{"DisplayValue":"Renapur","Label":"Brand","Locale":"es_ES"},"Manufacturer":{"DisplayValue":"Renapur Ltd","Label":"Manufacturer","Locale":"es_ES"}},"Title":{"DisplayValue":"Bálsamo de cuero, bálsamo natural, acondicionador y restaurador Renapur (200ml + esponja aplicadora)","Label":"Title","Locale":"es_ES"}},"Offers":{"Summaries":[{"Condition":{"Value":"New"},"LowestPrice":{"Amount":17.5,"Currency":"EUR","DisplayAmount":"17,50 €"}}]}},{"ASIN":"B01M0E5OC6","DetailPageURL":"https://www.amazon.es/dp/B01M0E5OC6?tag=topinalambricos-21&linkCode=osi&th=1&psc=1","Images":{"Primary":{"Small":{"Height":75,"URL":"https://m.media-amazon.com/images/I/31aqST56JDL._SL75_.jpg","Width":75}}},"ItemInfo":{"ByLineInfo":{"Brand":{"DisplayValue":"QM Cleaner","Label":"Brand","Locale":"es_ES"},"Manufacturer":{"DisplayValue":"QM Cleaner","Label":"Manufacturer","Locale":"es_ES"}},"Title":{"DisplayValue":"QM Cleaner LEATHER | Limpiador para cuero, piel y polipiel - Ideal para sillones, tapicerías de vehículos y complementos (Bolsos, chaquetas...) - 500ml","Label":"Title","Locale":"es_ES"}},"Offers":{"Summaries":[{"Condition":{"Value":"New"},"LowestPrice":{"Amount":15.99,"Currency":"EUR","DisplayAmount":"15,99 €"}}]}}],"SearchURL":"https://www.amazon.es/s?k=limpiar+cuero&rh=n%3A2424866031%2Cp_n_availability%3A-1&tag=topinalambricos-21&linkCode=osi","TotalResultCount":743}},"45":{"SearchResult":{"Items":[{"ASIN":"B07SL4WY1W","DetailPageURL":"https://www.amazon.es/dp/B07SL4WY1W?tag=topinalambricos-21&linkCode=osi&th=1&psc=1","Images":{"Primary":{"Small":{"Height":75,"URL":"https://m.media-amazon.com/images/I/4150jn7SysL._SL75_.jpg","Width":75}}},"ItemInfo":{"ByLineInfo":{"Brand":{"DisplayValue":"Maddox Detail","Label":"Brand","Locale":"es_ES"},"Manufacturer":{"DisplayValue":"Maddox Automoción SL","Label":"Manufacturer","Locale":"es_ES"}},"Title":{"DisplayValue":"Maddox Detail - Leather Detailer 500 ml | Limpiador y Acondicionador de Cuero | Limpieza Profunda para Coche y Sofá | Tratamiento de Piel | Elimina Suciedad y Manchas | Restaura Asientos","Label":"Title","Locale":"es_ES"}},"Offers":{"Summaries":[{"Condition":{"Value":"New"},"LowestPrice":{"Amount":12.9,"Currency":"EUR","DisplayAmount":"12,90 € (25,80 € / l)","PricePerUnit":25.8}}]}},{"ASIN":"B007DJ566O","DetailPageURL":"https://www.amazon.es/dp/B007DJ566O?tag=topinalambricos-21&linkCode=osi&th=1&psc=1","Images":{"Primary":{"Small":{"Height":75,"URL":"https://m.media-amazon.com/images/I/41Arv3FwqYL._SL75_.jpg","Width":75}}},"ItemInfo":{"ByLineInfo":{"Brand":{"DisplayValue":"DELARA","Label":"Brand","Locale":"es_ES"},"Manufacturer":{"DisplayValue":"DELARA","Label":"Manufacturer","Locale":"es_ES"}},"Title":{"DisplayValue":"DELARA Protector intensivo de cuero 100 ml, color: incoloro – Made in Germany","Label":"Title","Locale":"es_ES"}},"Offers":{"Summaries":[{"Condition":{"Value":"New"},"LowestPrice":{"Amount":10.99,"Currency":"EUR","DisplayAmount":"10,99 €"}}]}},{"ASIN":"B0BNZ6LN98","DetailPageURL":"https://www.amazon.es/dp/B0BNZ6LN98?tag=topinalambricos-21&linkCode=osi&th=1&psc=1","Images":{"Primary":{"Small":{"Height":75,"URL":"https://m.media-amazon.com/images/I/41FW8HzHpVL._SL75_.jpg","Width":75}}},"ItemInfo":{"ByLineInfo":{"Brand":{"DisplayValue":"GxDetail","Label":"Brand","Locale":"es_ES"},"Manufacturer":{"DisplayValue":"GxDetail","Label":"Manufacturer","Locale":"es_ES"}},"Title":{"DisplayValue":"GxDetail Limpiador de Cuero y Piel - Limpia, protege y ayuda a mantener las superficies nuevas - Limpiador de Asientos de coche de Cuero - Leather Cleaner (500 ml.)","Label":"Title","Locale":"es_ES"}},"Offers":{"Summaries":[{"Condition":{"Value":"New"},"LowestPrice":{"Amount":10.99,"Currency":"EUR","DisplayAmount":"10,99 € (21,98 € / l)","PricePerUnit":21.98}}]}},{"ASIN":"B07JWHH61W","DetailPageURL":"https://www.amazon.es/dp/B07JWHH61W?tag=topinalambricos-21&linkCode=osi&th=1&psc=1","Images":{"Primary":{"Small":{"Height":75,"URL":"https://m.media-amazon.com/images/I/51mbQkPkmeL._SL75_.jpg","Width":75}}},"ItemInfo":{"ByLineInfo":{"Brand":{"DisplayValue":"Maddox Detail","Label":"Brand","Locale":"es_ES"},"Manufacturer":{"DisplayValue":"Maddox Automoción","Label":"Manufacturer","Locale":"es_ES"}},"Title":{"DisplayValue":"Maddox Detail - Leather Care Kit 500ml | Limpiador y Acondicionador de Cuero y Piel | Incluye Microfibra | Kit Limpiador de Tapicería de Coche","Label":"Title","Locale":"es_ES"}},"Offers":{"Summaries":[{"Condition":{"Value":"New"},"LowestPrice":{"Amount":26.5,"Currency":"EUR","DisplayAmount":"26,50 € (26,50 € / l)","PricePerUnit":26.5}}]}},{"ASIN":"B07K9XPXF8","DetailPageURL":"https://www.amazon.es/dp/B07K9XPXF8?tag=topinalambricos-21&linkCode=osi&th=1&psc=1","Images":{"Primary":{"Small":{"Height":75,"URL":"https://m.media-amazon.com/images/I/41IdIjP7B3L._SL75_.jpg","Width":75}}},"ItemInfo":{"ByLineInfo":{"Brand":{"DisplayValue":"QM Cleaner","Label":"Brand","Locale":"es_ES"},"Manufacturer":{"DisplayValue":"QM Cleaner","Label":"Manufacturer","Locale":"es_ES"}},"Title":{"DisplayValue":"QM Cleaner Limpieza e hidratación Cuero. Cuidado y Limpieza de la tapicería del Coche, sillones Sofa de Cuero. Limpia e hidrata (Kit Leather)","Label":"Title","Locale":"es_ES"}},"Offers":{"Summaries":[{"Condition":{"Value":"New"},"LowestPrice":{"Amount":28.49,"Currency":"EUR","DisplayAmount":"28,49 €"}}]}},{"ASIN":"B0BHT8LCCP","DetailPageURL":"https://www.amazon.es/dp/B0BHT8LCCP?tag=topinalambricos-21&linkCode=osi&th=1&psc=1","Images":{"Primary":{"Small":{"Height":75,"URL":"https://m.media-amazon.com/images/I/31vFEUUo0OL._SL75_.jpg","Width":75}}},"ItemInfo":{"ByLineInfo":{"Brand":{"DisplayValue":"LAAV","Label":"Brand","Locale":"es_ES"},"Manufacturer":{"DisplayValue":"CSG Sp. z o.o.","Label":"Manufacturer","Locale":"es_ES"}},"Title":{"DisplayValue":"LAAV Limpiador Cuero Leather Cleaner (250 ml) I Elimina la Suciedad y Las Manchas, no Seca I Limpiador Tapiceria Coche I Producto de Limpieza Ecológico para Todos los Productos de Piel","Label":"Title","Locale":"es_ES"}},"Offers":{"Summaries":[{"Condition":{"Value":"New"},"LowestPrice":{"Amount":6.9,"Currency":"EUR","DisplayAmount":"6,90 € (27,60 € / l)","PricePerUnit":27.6}}]}},{"ASIN":"B074KKZVMF","DetailPageURL":"https://www.amazon.es/dp/B074KKZVMF?tag=topinalambricos-21&linkCode=osi&th=1&psc=1","Images":{"Primary":{"Small":{"Height":75,"URL":"https://m.media-amazon.com/images/I/410nKkuP99L._SL75_.jpg","Width":75}}},"ItemInfo":{"ByLineInfo":{"Brand":{"DisplayValue":"Maddox Detail","Label":"Brand","Locale":"es_ES"},"Manufacturer":{"DisplayValue":"Maddox Automocion Sl","Label":"Manufacturer","Locale":"es_ES"}},"Title":{"DisplayValue":"Maddox Detail - Leather Conditioner 500ml | Hidratante y Tratamiento Cuero Coche | Limpiador Asientos de Cuero y Piel, Negro","Label":"Title","Locale":"es_ES"}},"Offers":{"Summaries":[{"Condition":{"Value":"New"},"LowestPrice":{"Amount":14.9,"Currency":"EUR","DisplayAmount":"14,90 € (29,80 € / l)","PricePerUnit":29.8}}]}},{"ASIN":"B0BPN5PWY3","DetailPageURL":"https://www.amazon.es/dp/B0BPN5PWY3?tag=topinalambricos-21&linkCode=osi&th=1&psc=1","Images":{"Primary":{"Small":{"Height":75,"URL":"https://m.media-amazon.com/images/I/511GOk2abCL._SL75_.jpg","Width":75}}},"ItemInfo":{"ByLineInfo":{"Brand":{"DisplayValue":"GxDetail","Label":"Brand","Locale":"es_ES"},"Manufacturer":{"DisplayValue":"GxDetail","Label":"Manufacturer","Locale":"es_ES"}},"Title":{"DisplayValue":"GxDetail Pack Cuidado Cuero - Kit Limpieza e Hidratación para Cuero Coche Gx Detail - Kit Con Accesorios y Limpiador de Asientos de Cuero - Limpia Asientos Tapicerias Piel y Cuero de Coche...","Label":"Title","Locale":"es_ES"}},"Offers":{"Summaries":[{"Condition":{"Value":"New"},"LowestPrice":{"Amount":34.95,"Currency":"EUR","DisplayAmount":"34,95 € (34,95 € / l)","PricePerUnit":34.95}}]}},{"ASIN":"B005EBNZTI","DetailPageURL":"https://www.amazon.es/dp/B005EBNZTI?tag=topinalambricos-21&linkCode=osi&th=1&psc=1","Images":{"Primary":{"Small":{"Height":75,"URL":"https://m.media-amazon.com/images/I/41MKOfJ00uL._SL75_.jpg","Width":75}}},"ItemInfo":{"ByLineInfo":{"Brand":{"DisplayValue":"Renapur","Label":"Brand","Locale":"es_ES"},"Manufacturer":{"DisplayValue":"Renapur Ltd","Label":"Manufacturer","Locale":"es_ES"}},"Title":{"DisplayValue":"Bálsamo de cuero, bálsamo natural, acondicionador y restaurador Renapur (200ml + esponja aplicadora)","Label":"Title","Locale":"es_ES"}},"Offers":{"Summaries":[{"Condition":{"Value":"New"},"LowestPrice":{"Amount":17.5,"Currency":"EUR","DisplayAmount":"17,50 €"}}]}},{"ASIN":"B01M0E5OC6","DetailPageURL":"https://www.amazon.es/dp/B01M0E5OC6?tag=topinalambricos-21&linkCode=osi&th=1&psc=1","Images":{"Primary":{"Small":{"Height":75,"URL":"https://m.media-amazon.com/images/I/31aqST56JDL._SL75_.jpg","Width":75}}},"ItemInfo":{"ByLineInfo":{"Brand":{"DisplayValue":"QM Cleaner","Label":"Brand","Locale":"es_ES"},"Manufacturer":{"DisplayValue":"QM Cleaner","Label":"Manufacturer","Locale":"es_ES"}},"Title":{"DisplayValue":"QM Cleaner LEATHER | Limpiador para cuero, piel y polipiel - Ideal para sillones, tapicerías de vehículos y complementos (Bolsos, chaquetas...) - 500ml","Label":"Title","Locale":"es_ES"}},"Offers":{"Summaries":[{"Condition":{"Value":"New"},"LowestPrice":{"Amount":15.99,"Currency":"EUR","DisplayAmount":"15,99 €"}}]}}],"SearchURL":"https://www.amazon.es/s?k=limpiar+cuero&rh=n%3A2424866031%2Cp_n_availability%3A-1&tag=topinalambricos-21&linkCode=osi","TotalResultCount":743}},"46":{"SearchResult":{"Items":[{"ASIN":"B07SL4WY1W","DetailPageURL":"https://www.amazon.es/dp/B07SL4WY1W?tag=topinalambricos-21&linkCode=osi&th=1&psc=1","Images":{"Primary":{"Small":{"Height":75,"URL":"https://m.media-amazon.com/images/I/4150jn7SysL._SL75_.jpg","Width":75}}},"ItemInfo":{"ByLineInfo":{"Brand":{"DisplayValue":"Maddox Detail","Label":"Brand","Locale":"es_ES"},"Manufacturer":{"DisplayValue":"Maddox Automoción SL","Label":"Manufacturer","Locale":"es_ES"}},"Title":{"DisplayValue":"Maddox Detail - Leather Detailer 500 ml | Limpiador y Acondicionador de Cuero | Limpieza Profunda para Coche y Sofá | Tratamiento de Piel | Elimina Suciedad y Manchas | Restaura Asientos","Label":"Title","Locale":"es_ES"}},"Offers":{"Summaries":[{"Condition":{"Value":"New"},"LowestPrice":{"Amount":12.9,"Currency":"EUR","DisplayAmount":"12,90 € (25,80 € / l)","PricePerUnit":25.8}}]}},{"ASIN":"B007DJ566O","DetailPageURL":"https://www.amazon.es/dp/B007DJ566O?tag=topinalambricos-21&linkCode=osi&th=1&psc=1","Images":{"Primary":{"Small":{"Height":75,"URL":"https://m.media-amazon.com/images/I/41Arv3FwqYL._SL75_.jpg","Width":75}}},"ItemInfo":{"ByLineInfo":{"Brand":{"DisplayValue":"DELARA","Label":"Brand","Locale":"es_ES"},"Manufacturer":{"DisplayValue":"DELARA","Label":"Manufacturer","Locale":"es_ES"}},"Title":{"DisplayValue":"DELARA Protector intensivo de cuero 100 ml, color: incoloro – Made in Germany","Label":"Title","Locale":"es_ES"}},"Offers":{"Summaries":[{"Condition":{"Value":"New"},"LowestPrice":{"Amount":10.99,"Currency":"EUR","DisplayAmount":"10,99 €"}}]}},{"ASIN":"B0BNZ6LN98","DetailPageURL":"https://www.amazon.es/dp/B0BNZ6LN98?tag=topinalambricos-21&linkCode=osi&th=1&psc=1","Images":{"Primary":{"Small":{"Height":75,"URL":"https://m.media-amazon.com/images/I/41FW8HzHpVL._SL75_.jpg","Width":75}}},"ItemInfo":{"ByLineInfo":{"Brand":{"DisplayValue":"GxDetail","Label":"Brand","Locale":"es_ES"},"Manufacturer":{"DisplayValue":"GxDetail","Label":"Manufacturer","Locale":"es_ES"}},"Title":{"DisplayValue":"GxDetail Limpiador de Cuero y Piel - Limpia, protege y ayuda a mantener las superficies nuevas - Limpiador de Asientos de coche de Cuero - Leather Cleaner (500 ml.)","Label":"Title","Locale":"es_ES"}},"Offers":{"Summaries":[{"Condition":{"Value":"New"},"LowestPrice":{"Amount":10.99,"Currency":"EUR","DisplayAmount":"10,99 € (21,98 € / l)","PricePerUnit":21.98}}]}},{"ASIN":"B07JWHH61W","DetailPageURL":"https://www.amazon.es/dp/B07JWHH61W?tag=topinalambricos-21&linkCode=osi&th=1&psc=1","Images":{"Primary":{"Small":{"Height":75,"URL":"https://m.media-amazon.com/images/I/51mbQkPkmeL._SL75_.jpg","Width":75}}},"ItemInfo":{"ByLineInfo":{"Brand":{"DisplayValue":"Maddox Detail","Label":"Brand","Locale":"es_ES"},"Manufacturer":{"DisplayValue":"Maddox Automoción","Label":"Manufacturer","Locale":"es_ES"}},"Title":{"DisplayValue":"Maddox Detail - Leather Care Kit 500ml | Limpiador y Acondicionador de Cuero y Piel | Incluye Microfibra | Kit Limpiador de Tapicería de Coche","Label":"Title","Locale":"es_ES"}},"Offers":{"Summaries":[{"Condition":{"Value":"New"},"LowestPrice":{"Amount":26.5,"Currency":"EUR","DisplayAmount":"26,50 € (26,50 € / l)","PricePerUnit":26.5}}]}},{"ASIN":"B07K9XPXF8","DetailPageURL":"https://www.amazon.es/dp/B07K9XPXF8?tag=topinalambricos-21&linkCode=osi&th=1&psc=1","Images":{"Primary":{"Small":{"Height":75,"URL":"https://m.media-amazon.com/images/I/41IdIjP7B3L._SL75_.jpg","Width":75}}},"ItemInfo":{"ByLineInfo":{"Brand":{"DisplayValue":"QM Cleaner","Label":"Brand","Locale":"es_ES"},"Manufacturer":{"DisplayValue":"QM Cleaner","Label":"Manufacturer","Locale":"es_ES"}},"Title":{"DisplayValue":"QM Cleaner Limpieza e hidratación Cuero. Cuidado y Limpieza de la tapicería del Coche, sillones Sofa de Cuero. Limpia e hidrata (Kit Leather)","Label":"Title","Locale":"es_ES"}},"Offers":{"Summaries":[{"Condition":{"Value":"New"},"LowestPrice":{"Amount":28.49,"Currency":"EUR","DisplayAmount":"28,49 €"}}]}},{"ASIN":"B0BHT8LCCP","DetailPageURL":"https://www.amazon.es/dp/B0BHT8LCCP?tag=topinalambricos-21&linkCode=osi&th=1&psc=1","Images":{"Primary":{"Small":{"Height":75,"URL":"https://m.media-amazon.com/images/I/31vFEUUo0OL._SL75_.jpg","Width":75}}},"ItemInfo":{"ByLineInfo":{"Brand":{"DisplayValue":"LAAV","Label":"Brand","Locale":"es_ES"},"Manufacturer":{"DisplayValue":"CSG Sp. z o.o.","Label":"Manufacturer","Locale":"es_ES"}},"Title":{"DisplayValue":"LAAV Limpiador Cuero Leather Cleaner (250 ml) I Elimina la Suciedad y Las Manchas, no Seca I Limpiador Tapiceria Coche I Producto de Limpieza Ecológico para Todos los Productos de Piel","Label":"Title","Locale":"es_ES"}},"Offers":{"Summaries":[{"Condition":{"Value":"New"},"LowestPrice":{"Amount":6.9,"Currency":"EUR","DisplayAmount":"6,90 € (27,60 € / l)","PricePerUnit":27.6}}]}},{"ASIN":"B074KKZVMF","DetailPageURL":"https://www.amazon.es/dp/B074KKZVMF?tag=topinalambricos-21&linkCode=osi&th=1&psc=1","Images":{"Primary":{"Small":{"Height":75,"URL":"https://m.media-amazon.com/images/I/410nKkuP99L._SL75_.jpg","Width":75}}},"ItemInfo":{"ByLineInfo":{"Brand":{"DisplayValue":"Maddox Detail","Label":"Brand","Locale":"es_ES"},"Manufacturer":{"DisplayValue":"Maddox Automocion Sl","Label":"Manufacturer","Locale":"es_ES"}},"Title":{"DisplayValue":"Maddox Detail - Leather Conditioner 500ml | Hidratante y Tratamiento Cuero Coche | Limpiador Asientos de Cuero y Piel, Negro","Label":"Title","Locale":"es_ES"}},"Offers":{"Summaries":[{"Condition":{"Value":"New"},"LowestPrice":{"Amount":14.9,"Currency":"EUR","DisplayAmount":"14,90 € (29,80 € / l)","PricePerUnit":29.8}}]}},{"ASIN":"B0BPN5PWY3","DetailPageURL":"https://www.amazon.es/dp/B0BPN5PWY3?tag=topinalambricos-21&linkCode=osi&th=1&psc=1","Images":{"Primary":{"Small":{"Height":75,"URL":"https://m.media-amazon.com/images/I/511GOk2abCL._SL75_.jpg","Width":75}}},"ItemInfo":{"ByLineInfo":{"Brand":{"DisplayValue":"GxDetail","Label":"Brand","Locale":"es_ES"},"Manufacturer":{"DisplayValue":"GxDetail","Label":"Manufacturer","Locale":"es_ES"}},"Title":{"DisplayValue":"GxDetail Pack Cuidado Cuero - Kit Limpieza e Hidratación para Cuero Coche Gx Detail - Kit Con Accesorios y Limpiador de Asientos de Cuero - Limpia Asientos Tapicerias Piel y Cuero de Coche...","Label":"Title","Locale":"es_ES"}},"Offers":{"Summaries":[{"Condition":{"Value":"New"},"LowestPrice":{"Amount":34.95,"Currency":"EUR","DisplayAmount":"34,95 € (34,95 € / l)","PricePerUnit":34.95}}]}},{"ASIN":"B005EBNZTI","DetailPageURL":"https://www.amazon.es/dp/B005EBNZTI?tag=topinalambricos-21&linkCode=osi&th=1&psc=1","Images":{"Primary":{"Small":{"Height":75,"URL":"https://m.media-amazon.com/images/I/41MKOfJ00uL._SL75_.jpg","Width":75}}},"ItemInfo":{"ByLineInfo":{"Brand":{"DisplayValue":"Renapur","Label":"Brand","Locale":"es_ES"},"Manufacturer":{"DisplayValue":"Renapur Ltd","Label":"Manufacturer","Locale":"es_ES"}},"Title":{"DisplayValue":"Bálsamo de cuero, bálsamo natural, acondicionador y restaurador Renapur (200ml + esponja aplicadora)","Label":"Title","Locale":"es_ES"}},"Offers":{"Summaries":[{"Condition":{"Value":"New"},"LowestPrice":{"Amount":17.5,"Currency":"EUR","DisplayAmount":"17,50 €"}}]}},{"ASIN":"B01M0E5OC6","DetailPageURL":"https://www.amazon.es/dp/B01M0E5OC6?tag=topinalambricos-21&linkCode=osi&th=1&psc=1","Images":{"Primary":{"Small":{"Height":75,"URL":"https://m.media-amazon.com/images/I/31aqST56JDL._SL75_.jpg","Width":75}}},"ItemInfo":{"ByLineInfo":{"Brand":{"DisplayValue":"QM Cleaner","Label":"Brand","Locale":"es_ES"},"Manufacturer":{"DisplayValue":"QM Cleaner","Label":"Manufacturer","Locale":"es_ES"}},"Title":{"DisplayValue":"QM Cleaner LEATHER | Limpiador para cuero, piel y polipiel - Ideal para sillones, tapicerías de vehículos y complementos (Bolsos, chaquetas...) - 500ml","Label":"Title","Locale":"es_ES"}},"Offers":{"Summaries":[{"Condition":{"Value":"New"},"LowestPrice":{"Amount":15.99,"Currency":"EUR","DisplayAmount":"15,99 €"}}]}}],"SearchURL":"https://www.amazon.es/s?k=limpiar+cuero&rh=n%3A2424866031%2Cp_n_availability%3A-1&tag=topinalambricos-21&linkCode=osi","TotalResultCount":743}},"47":{"SearchResult":{"Items":[{"ASIN":"B07SL4WY1W","DetailPageURL":"https://www.amazon.es/dp/B07SL4WY1W?tag=topinalambricos-21&linkCode=osi&th=1&psc=1","Images":{"Primary":{"Small":{"Height":75,"URL":"https://m.media-amazon.com/images/I/4150jn7SysL._SL75_.jpg","Width":75}}},"ItemInfo":{"ByLineInfo":{"Brand":{"DisplayValue":"Maddox Detail","Label":"Brand","Locale":"es_ES"},"Manufacturer":{"DisplayValue":"Maddox Automoción SL","Label":"Manufacturer","Locale":"es_ES"}},"Title":{"DisplayValue":"Maddox Detail - Leather Detailer 500 ml | Limpiador y Acondicionador de Cuero | Limpieza Profunda para Coche y Sofá | Tratamiento de Piel | Elimina Suciedad y Manchas | Restaura Asientos","Label":"Title","Locale":"es_ES"}},"Offers":{"Summaries":[{"Condition":{"Value":"New"},"LowestPrice":{"Amount":12.9,"Currency":"EUR","DisplayAmount":"12,90 € (25,80 € / l)","PricePerUnit":25.8}}]}},{"ASIN":"B007DJ566O","DetailPageURL":"https://www.amazon.es/dp/B007DJ566O?tag=topinalambricos-21&linkCode=osi&th=1&psc=1","Images":{"Primary":{"Small":{"Height":75,"URL":"https://m.media-amazon.com/images/I/41Arv3FwqYL._SL75_.jpg","Width":75}}},"ItemInfo":{"ByLineInfo":{"Brand":{"DisplayValue":"DELARA","Label":"Brand","Locale":"es_ES"},"Manufacturer":{"DisplayValue":"DELARA","Label":"Manufacturer","Locale":"es_ES"}},"Title":{"DisplayValue":"DELARA Protector intensivo de cuero 100 ml, color: incoloro – Made in Germany","Label":"Title","Locale":"es_ES"}},"Offers":{"Summaries":[{"Condition":{"Value":"New"},"LowestPrice":{"Amount":10.99,"Currency":"EUR","DisplayAmount":"10,99 €"}}]}},{"ASIN":"B0BNZ6LN98","DetailPageURL":"https://www.amazon.es/dp/B0BNZ6LN98?tag=topinalambricos-21&linkCode=osi&th=1&psc=1","Images":{"Primary":{"Small":{"Height":75,"URL":"https://m.media-amazon.com/images/I/41FW8HzHpVL._SL75_.jpg","Width":75}}},"ItemInfo":{"ByLineInfo":{"Brand":{"DisplayValue":"GxDetail","Label":"Brand","Locale":"es_ES"},"Manufacturer":{"DisplayValue":"GxDetail","Label":"Manufacturer","Locale":"es_ES"}},"Title":{"DisplayValue":"GxDetail Limpiador de Cuero y Piel - Limpia, protege y ayuda a mantener las superficies nuevas - Limpiador de Asientos de coche de Cuero - Leather Cleaner (500 ml.)","Label":"Title","Locale":"es_ES"}},"Offers":{"Summaries":[{"Condition":{"Value":"New"},"LowestPrice":{"Amount":10.99,"Currency":"EUR","DisplayAmount":"10,99 € (21,98 € / l)","PricePerUnit":21.98}}]}},{"ASIN":"B07JWHH61W","DetailPageURL":"https://www.amazon.es/dp/B07JWHH61W?tag=topinalambricos-21&linkCode=osi&th=1&psc=1","Images":{"Primary":{"Small":{"Height":75,"URL":"https://m.media-amazon.com/images/I/51mbQkPkmeL._SL75_.jpg","Width":75}}},"ItemInfo":{"ByLineInfo":{"Brand":{"DisplayValue":"Maddox Detail","Label":"Brand","Locale":"es_ES"},"Manufacturer":{"DisplayValue":"Maddox Automoción","Label":"Manufacturer","Locale":"es_ES"}},"Title":{"DisplayValue":"Maddox Detail - Leather Care Kit 500ml | Limpiador y Acondicionador de Cuero y Piel | Incluye Microfibra | Kit Limpiador de Tapicería de Coche","Label":"Title","Locale":"es_ES"}},"Offers":{"Summaries":[{"Condition":{"Value":"New"},"LowestPrice":{"Amount":26.5,"Currency":"EUR","DisplayAmount":"26,50 € (26,50 € / l)","PricePerUnit":26.5}}]}},{"ASIN":"B07K9XPXF8","DetailPageURL":"https://www.amazon.es/dp/B07K9XPXF8?tag=topinalambricos-21&linkCode=osi&th=1&psc=1","Images":{"Primary":{"Small":{"Height":75,"URL":"https://m.media-amazon.com/images/I/41IdIjP7B3L._SL75_.jpg","Width":75}}},"ItemInfo":{"ByLineInfo":{"Brand":{"DisplayValue":"QM Cleaner","Label":"Brand","Locale":"es_ES"},"Manufacturer":{"DisplayValue":"QM Cleaner","Label":"Manufacturer","Locale":"es_ES"}},"Title":{"DisplayValue":"QM Cleaner Limpieza e hidratación Cuero. Cuidado y Limpieza de la tapicería del Coche, sillones Sofa de Cuero. Limpia e hidrata (Kit Leather)","Label":"Title","Locale":"es_ES"}},"Offers":{"Summaries":[{"Condition":{"Value":"New"},"LowestPrice":{"Amount":28.49,"Currency":"EUR","DisplayAmount":"28,49 €"}}]}},{"ASIN":"B0BHT8LCCP","DetailPageURL":"https://www.amazon.es/dp/B0BHT8LCCP?tag=topinalambricos-21&linkCode=osi&th=1&psc=1","Images":{"Primary":{"Small":{"Height":75,"URL":"https://m.media-amazon.com/images/I/31vFEUUo0OL._SL75_.jpg","Width":75}}},"ItemInfo":{"ByLineInfo":{"Brand":{"DisplayValue":"LAAV","Label":"Brand","Locale":"es_ES"},"Manufacturer":{"DisplayValue":"CSG Sp. z o.o.","Label":"Manufacturer","Locale":"es_ES"}},"Title":{"DisplayValue":"LAAV Limpiador Cuero Leather Cleaner (250 ml) I Elimina la Suciedad y Las Manchas, no Seca I Limpiador Tapiceria Coche I Producto de Limpieza Ecológico para Todos los Productos de Piel","Label":"Title","Locale":"es_ES"}},"Offers":{"Summaries":[{"Condition":{"Value":"New"},"LowestPrice":{"Amount":6.9,"Currency":"EUR","DisplayAmount":"6,90 € (27,60 € / l)","PricePerUnit":27.6}}]}},{"ASIN":"B074KKZVMF","DetailPageURL":"https://www.amazon.es/dp/B074KKZVMF?tag=topinalambricos-21&linkCode=osi&th=1&psc=1","Images":{"Primary":{"Small":{"Height":75,"URL":"https://m.media-amazon.com/images/I/410nKkuP99L._SL75_.jpg","Width":75}}},"ItemInfo":{"ByLineInfo":{"Brand":{"DisplayValue":"Maddox Detail","Label":"Brand","Locale":"es_ES"},"Manufacturer":{"DisplayValue":"Maddox Automocion Sl","Label":"Manufacturer","Locale":"es_ES"}},"Title":{"DisplayValue":"Maddox Detail - Leather Conditioner 500ml | Hidratante y Tratamiento Cuero Coche | Limpiador Asientos de Cuero y Piel, Negro","Label":"Title","Locale":"es_ES"}},"Offers":{"Summaries":[{"Condition":{"Value":"New"},"LowestPrice":{"Amount":14.9,"Currency":"EUR","DisplayAmount":"14,90 € (29,80 € / l)","PricePerUnit":29.8}}]}},{"ASIN":"B0BPN5PWY3","DetailPageURL":"https://www.amazon.es/dp/B0BPN5PWY3?tag=topinalambricos-21&linkCode=osi&th=1&psc=1","Images":{"Primary":{"Small":{"Height":75,"URL":"https://m.media-amazon.com/images/I/511GOk2abCL._SL75_.jpg","Width":75}}},"ItemInfo":{"ByLineInfo":{"Brand":{"DisplayValue":"GxDetail","Label":"Brand","Locale":"es_ES"},"Manufacturer":{"DisplayValue":"GxDetail","Label":"Manufacturer","Locale":"es_ES"}},"Title":{"DisplayValue":"GxDetail Pack Cuidado Cuero - Kit Limpieza e Hidratación para Cuero Coche Gx Detail - Kit Con Accesorios y Limpiador de Asientos de Cuero - Limpia Asientos Tapicerias Piel y Cuero de Coche...","Label":"Title","Locale":"es_ES"}},"Offers":{"Summaries":[{"Condition":{"Value":"New"},"LowestPrice":{"Amount":34.95,"Currency":"EUR","DisplayAmount":"34,95 € (34,95 € / l)","PricePerUnit":34.95}}]}},{"ASIN":"B005EBNZTI","DetailPageURL":"https://www.amazon.es/dp/B005EBNZTI?tag=topinalambricos-21&linkCode=osi&th=1&psc=1","Images":{"Primary":{"Small":{"Height":75,"URL":"https://m.media-amazon.com/images/I/41MKOfJ00uL._SL75_.jpg","Width":75}}},"ItemInfo":{"ByLineInfo":{"Brand":{"DisplayValue":"Renapur","Label":"Brand","Locale":"es_ES"},"Manufacturer":{"DisplayValue":"Renapur Ltd","Label":"Manufacturer","Locale":"es_ES"}},"Title":{"DisplayValue":"Bálsamo de cuero, bálsamo natural, acondicionador y restaurador Renapur (200ml + esponja aplicadora)","Label":"Title","Locale":"es_ES"}},"Offers":{"Summaries":[{"Condition":{"Value":"New"},"LowestPrice":{"Amount":17.5,"Currency":"EUR","DisplayAmount":"17,50 €"}}]}},{"ASIN":"B01M0E5OC6","DetailPageURL":"https://www.amazon.es/dp/B01M0E5OC6?tag=topinalambricos-21&linkCode=osi&th=1&psc=1","Images":{"Primary":{"Small":{"Height":75,"URL":"https://m.media-amazon.com/images/I/31aqST56JDL._SL75_.jpg","Width":75}}},"ItemInfo":{"ByLineInfo":{"Brand":{"DisplayValue":"QM Cleaner","Label":"Brand","Locale":"es_ES"},"Manufacturer":{"DisplayValue":"QM Cleaner","Label":"Manufacturer","Locale":"es_ES"}},"Title":{"DisplayValue":"QM Cleaner LEATHER | Limpiador para cuero, piel y polipiel - Ideal para sillones, tapicerías de vehículos y complementos (Bolsos, chaquetas...) - 500ml","Label":"Title","Locale":"es_ES"}},"Offers":{"Summaries":[{"Condition":{"Value":"New"},"LowestPrice":{"Amount":15.99,"Currency":"EUR","DisplayAmount":"15,99 €"}}]}}],"SearchURL":"https://www.amazon.es/s?k=limpiar+cuero&rh=n%3A2424866031%2Cp_n_availability%3A-1&tag=topinalambricos-21&linkCode=osi","TotalResultCount":743}},"48":{"SearchResult":{"Items":[{"ASIN":"B07SL4WY1W","DetailPageURL":"https://www.amazon.es/dp/B07SL4WY1W?tag=topinalambricos-21&linkCode=osi&th=1&psc=1","Images":{"Primary":{"Small":{"Height":75,"URL":"https://m.media-amazon.com/images/I/4150jn7SysL._SL75_.jpg","Width":75}}},"ItemInfo":{"ByLineInfo":{"Brand":{"DisplayValue":"Maddox Detail","Label":"Brand","Locale":"es_ES"},"Manufacturer":{"DisplayValue":"Maddox Automoción SL","Label":"Manufacturer","Locale":"es_ES"}},"Title":{"DisplayValue":"Maddox Detail - Leather Detailer 500 ml | Limpiador y Acondicionador de Cuero | Limpieza Profunda para Coche y Sofá | Tratamiento de Piel | Elimina Suciedad y Manchas | Restaura Asientos","Label":"Title","Locale":"es_ES"}},"Offers":{"Summaries":[{"Condition":{"Value":"New"},"LowestPrice":{"Amount":12.9,"Currency":"EUR","DisplayAmount":"12,90 € (25,80 € / l)","PricePerUnit":25.8}}]}},{"ASIN":"B007DJ566O","DetailPageURL":"https://www.amazon.es/dp/B007DJ566O?tag=topinalambricos-21&linkCode=osi&th=1&psc=1","Images":{"Primary":{"Small":{"Height":75,"URL":"https://m.media-amazon.com/images/I/41Arv3FwqYL._SL75_.jpg","Width":75}}},"ItemInfo":{"ByLineInfo":{"Brand":{"DisplayValue":"DELARA","Label":"Brand","Locale":"es_ES"},"Manufacturer":{"DisplayValue":"DELARA","Label":"Manufacturer","Locale":"es_ES"}},"Title":{"DisplayValue":"DELARA Protector intensivo de cuero 100 ml, color: incoloro – Made in Germany","Label":"Title","Locale":"es_ES"}},"Offers":{"Summaries":[{"Condition":{"Value":"New"},"LowestPrice":{"Amount":10.99,"Currency":"EUR","DisplayAmount":"10,99 €"}}]}},{"ASIN":"B0BNZ6LN98","DetailPageURL":"https://www.amazon.es/dp/B0BNZ6LN98?tag=topinalambricos-21&linkCode=osi&th=1&psc=1","Images":{"Primary":{"Small":{"Height":75,"URL":"https://m.media-amazon.com/images/I/41FW8HzHpVL._SL75_.jpg","Width":75}}},"ItemInfo":{"ByLineInfo":{"Brand":{"DisplayValue":"GxDetail","Label":"Brand","Locale":"es_ES"},"Manufacturer":{"DisplayValue":"GxDetail","Label":"Manufacturer","Locale":"es_ES"}},"Title":{"DisplayValue":"GxDetail Limpiador de Cuero y Piel - Limpia, protege y ayuda a mantener las superficies nuevas - Limpiador de Asientos de coche de Cuero - Leather Cleaner (500 ml.)","Label":"Title","Locale":"es_ES"}},"Offers":{"Summaries":[{"Condition":{"Value":"New"},"LowestPrice":{"Amount":10.99,"Currency":"EUR","DisplayAmount":"10,99 € (21,98 € / l)","PricePerUnit":21.98}}]}},{"ASIN":"B07JWHH61W","DetailPageURL":"https://www.amazon.es/dp/B07JWHH61W?tag=topinalambricos-21&linkCode=osi&th=1&psc=1","Images":{"Primary":{"Small":{"Height":75,"URL":"https://m.media-amazon.com/images/I/51mbQkPkmeL._SL75_.jpg","Width":75}}},"ItemInfo":{"ByLineInfo":{"Brand":{"DisplayValue":"Maddox Detail","Label":"Brand","Locale":"es_ES"},"Manufacturer":{"DisplayValue":"Maddox Automoción","Label":"Manufacturer","Locale":"es_ES"}},"Title":{"DisplayValue":"Maddox Detail - Leather Care Kit 500ml | Limpiador y Acondicionador de Cuero y Piel | Incluye Microfibra | Kit Limpiador de Tapicería de Coche","Label":"Title","Locale":"es_ES"}},"Offers":{"Summaries":[{"Condition":{"Value":"New"},"LowestPrice":{"Amount":26.5,"Currency":"EUR","DisplayAmount":"26,50 € (26,50 € / l)","PricePerUnit":26.5}}]}},{"ASIN":"B07K9XPXF8","DetailPageURL":"https://www.amazon.es/dp/B07K9XPXF8?tag=topinalambricos-21&linkCode=osi&th=1&psc=1","Images":{"Primary":{"Small":{"Height":75,"URL":"https://m.media-amazon.com/images/I/41IdIjP7B3L._SL75_.jpg","Width":75}}},"ItemInfo":{"ByLineInfo":{"Brand":{"DisplayValue":"QM Cleaner","Label":"Brand","Locale":"es_ES"},"Manufacturer":{"DisplayValue":"QM Cleaner","Label":"Manufacturer","Locale":"es_ES"}},"Title":{"DisplayValue":"QM Cleaner Limpieza e hidratación Cuero. Cuidado y Limpieza de la tapicería del Coche, sillones Sofa de Cuero. Limpia e hidrata (Kit Leather)","Label":"Title","Locale":"es_ES"}},"Offers":{"Summaries":[{"Condition":{"Value":"New"},"LowestPrice":{"Amount":28.49,"Currency":"EUR","DisplayAmount":"28,49 €"}}]}},{"ASIN":"B0BHT8LCCP","DetailPageURL":"https://www.amazon.es/dp/B0BHT8LCCP?tag=topinalambricos-21&linkCode=osi&th=1&psc=1","Images":{"Primary":{"Small":{"Height":75,"URL":"https://m.media-amazon.com/images/I/31vFEUUo0OL._SL75_.jpg","Width":75}}},"ItemInfo":{"ByLineInfo":{"Brand":{"DisplayValue":"LAAV","Label":"Brand","Locale":"es_ES"},"Manufacturer":{"DisplayValue":"CSG Sp. z o.o.","Label":"Manufacturer","Locale":"es_ES"}},"Title":{"DisplayValue":"LAAV Limpiador Cuero Leather Cleaner (250 ml) I Elimina la Suciedad y Las Manchas, no Seca I Limpiador Tapiceria Coche I Producto de Limpieza Ecológico para Todos los Productos de Piel","Label":"Title","Locale":"es_ES"}},"Offers":{"Summaries":[{"Condition":{"Value":"New"},"LowestPrice":{"Amount":6.9,"Currency":"EUR","DisplayAmount":"6,90 € (27,60 € / l)","PricePerUnit":27.6}}]}},{"ASIN":"B074KKZVMF","DetailPageURL":"https://www.amazon.es/dp/B074KKZVMF?tag=topinalambricos-21&linkCode=osi&th=1&psc=1","Images":{"Primary":{"Small":{"Height":75,"URL":"https://m.media-amazon.com/images/I/410nKkuP99L._SL75_.jpg","Width":75}}},"ItemInfo":{"ByLineInfo":{"Brand":{"DisplayValue":"Maddox Detail","Label":"Brand","Locale":"es_ES"},"Manufacturer":{"DisplayValue":"Maddox Automocion Sl","Label":"Manufacturer","Locale":"es_ES"}},"Title":{"DisplayValue":"Maddox Detail - Leather Conditioner 500ml | Hidratante y Tratamiento Cuero Coche | Limpiador Asientos de Cuero y Piel, Negro","Label":"Title","Locale":"es_ES"}},"Offers":{"Summaries":[{"Condition":{"Value":"New"},"LowestPrice":{"Amount":14.9,"Currency":"EUR","DisplayAmount":"14,90 € (29,80 € / l)","PricePerUnit":29.8}}]}},{"ASIN":"B0BPN5PWY3","DetailPageURL":"https://www.amazon.es/dp/B0BPN5PWY3?tag=topinalambricos-21&linkCode=osi&th=1&psc=1","Images":{"Primary":{"Small":{"Height":75,"URL":"https://m.media-amazon.com/images/I/511GOk2abCL._SL75_.jpg","Width":75}}},"ItemInfo":{"ByLineInfo":{"Brand":{"DisplayValue":"GxDetail","Label":"Brand","Locale":"es_ES"},"Manufacturer":{"DisplayValue":"GxDetail","Label":"Manufacturer","Locale":"es_ES"}},"Title":{"DisplayValue":"GxDetail Pack Cuidado Cuero - Kit Limpieza e Hidratación para Cuero Coche Gx Detail - Kit Con Accesorios y Limpiador de Asientos de Cuero - Limpia Asientos Tapicerias Piel y Cuero de Coche...","Label":"Title","Locale":"es_ES"}},"Offers":{"Summaries":[{"Condition":{"Value":"New"},"LowestPrice":{"Amount":34.95,"Currency":"EUR","DisplayAmount":"34,95 € (34,95 € / l)","PricePerUnit":34.95}}]}},{"ASIN":"B005EBNZTI","DetailPageURL":"https://www.amazon.es/dp/B005EBNZTI?tag=topinalambricos-21&linkCode=osi&th=1&psc=1","Images":{"Primary":{"Small":{"Height":75,"URL":"https://m.media-amazon.com/images/I/41MKOfJ00uL._SL75_.jpg","Width":75}}},"ItemInfo":{"ByLineInfo":{"Brand":{"DisplayValue":"Renapur","Label":"Brand","Locale":"es_ES"},"Manufacturer":{"DisplayValue":"Renapur Ltd","Label":"Manufacturer","Locale":"es_ES"}},"Title":{"DisplayValue":"Bálsamo de cuero, bálsamo natural, acondicionador y restaurador Renapur (200ml + esponja aplicadora)","Label":"Title","Locale":"es_ES"}},"Offers":{"Summaries":[{"Condition":{"Value":"New"},"LowestPrice":{"Amount":17.5,"Currency":"EUR","DisplayAmount":"17,50 €"}}]}},{"ASIN":"B01M0E5OC6","DetailPageURL":"https://www.amazon.es/dp/B01M0E5OC6?tag=topinalambricos-21&linkCode=osi&th=1&psc=1","Images":{"Primary":{"Small":{"Height":75,"URL":"https://m.media-amazon.com/images/I/31aqST56JDL._SL75_.jpg","Width":75}}},"ItemInfo":{"ByLineInfo":{"Brand":{"DisplayValue":"QM Cleaner","Label":"Brand","Locale":"es_ES"},"Manufacturer":{"DisplayValue":"QM Cleaner","Label":"Manufacturer","Locale":"es_ES"}},"Title":{"DisplayValue":"QM Cleaner LEATHER | Limpiador para cuero, piel y polipiel - Ideal para sillones, tapicerías de vehículos y complementos (Bolsos, chaquetas...) - 500ml","Label":"Title","Locale":"es_ES"}},"Offers":{"Summaries":[{"Condition":{"Value":"New"},"LowestPrice":{"Amount":15.99,"Currency":"EUR","DisplayAmount":"15,99 €"}}]}}],"SearchURL":"https://www.amazon.es/s?k=limpiar+cuero&rh=n%3A2424866031%2Cp_n_availability%3A-1&tag=topinalambricos-21&linkCode=osi","TotalResultCount":743}},"49":{"SearchResult":{"Items":[{"ASIN":"B07SL4WY1W","DetailPageURL":"https://www.amazon.es/dp/B07SL4WY1W?tag=topinalambricos-21&linkCode=osi&th=1&psc=1","Images":{"Primary":{"Small":{"Height":75,"URL":"https://m.media-amazon.com/images/I/4150jn7SysL._SL75_.jpg","Width":75}}},"ItemInfo":{"ByLineInfo":{"Brand":{"DisplayValue":"Maddox Detail","Label":"Brand","Locale":"es_ES"},"Manufacturer":{"DisplayValue":"Maddox Automoción SL","Label":"Manufacturer","Locale":"es_ES"}},"Title":{"DisplayValue":"Maddox Detail - Leather Detailer 500 ml | Limpiador y Acondicionador de Cuero | Limpieza Profunda para Coche y Sofá | Tratamiento de Piel | Elimina Suciedad y Manchas | Restaura Asientos","Label":"Title","Locale":"es_ES"}},"Offers":{"Summaries":[{"Condition":{"Value":"New"},"LowestPrice":{"Amount":12.9,"Currency":"EUR","DisplayAmount":"12,90 € (25,80 € / l)","PricePerUnit":25.8}}]}},{"ASIN":"B007DJ566O","DetailPageURL":"https://www.amazon.es/dp/B007DJ566O?tag=topinalambricos-21&linkCode=osi&th=1&psc=1","Images":{"Primary":{"Small":{"Height":75,"URL":"https://m.media-amazon.com/images/I/41Arv3FwqYL._SL75_.jpg","Width":75}}},"ItemInfo":{"ByLineInfo":{"Brand":{"DisplayValue":"DELARA","Label":"Brand","Locale":"es_ES"},"Manufacturer":{"DisplayValue":"DELARA","Label":"Manufacturer","Locale":"es_ES"}},"Title":{"DisplayValue":"DELARA Protector intensivo de cuero 100 ml, color: incoloro – Made in Germany","Label":"Title","Locale":"es_ES"}},"Offers":{"Summaries":[{"Condition":{"Value":"New"},"LowestPrice":{"Amount":10.99,"Currency":"EUR","DisplayAmount":"10,99 €"}}]}},{"ASIN":"B0BNZ6LN98","DetailPageURL":"https://www.amazon.es/dp/B0BNZ6LN98?tag=topinalambricos-21&linkCode=osi&th=1&psc=1","Images":{"Primary":{"Small":{"Height":75,"URL":"https://m.media-amazon.com/images/I/41FW8HzHpVL._SL75_.jpg","Width":75}}},"ItemInfo":{"ByLineInfo":{"Brand":{"DisplayValue":"GxDetail","Label":"Brand","Locale":"es_ES"},"Manufacturer":{"DisplayValue":"GxDetail","Label":"Manufacturer","Locale":"es_ES"}},"Title":{"DisplayValue":"GxDetail Limpiador de Cuero y Piel - Limpia, protege y ayuda a mantener las superficies nuevas - Limpiador de Asientos de coche de Cuero - Leather Cleaner (500 ml.)","Label":"Title","Locale":"es_ES"}},"Offers":{"Summaries":[{"Condition":{"Value":"New"},"LowestPrice":{"Amount":10.99,"Currency":"EUR","DisplayAmount":"10,99 € (21,98 € / l)","PricePerUnit":21.98}}]}},{"ASIN":"B07JWHH61W","DetailPageURL":"https://www.amazon.es/dp/B07JWHH61W?tag=topinalambricos-21&linkCode=osi&th=1&psc=1","Images":{"Primary":{"Small":{"Height":75,"URL":"https://m.media-amazon.com/images/I/51mbQkPkmeL._SL75_.jpg","Width":75}}},"ItemInfo":{"ByLineInfo":{"Brand":{"DisplayValue":"Maddox Detail","Label":"Brand","Locale":"es_ES"},"Manufacturer":{"DisplayValue":"Maddox Automoción","Label":"Manufacturer","Locale":"es_ES"}},"Title":{"DisplayValue":"Maddox Detail - Leather Care Kit 500ml | Limpiador y Acondicionador de Cuero y Piel | Incluye Microfibra | Kit Limpiador de Tapicería de Coche","Label":"Title","Locale":"es_ES"}},"Offers":{"Summaries":[{"Condition":{"Value":"New"},"LowestPrice":{"Amount":26.5,"Currency":"EUR","DisplayAmount":"26,50 € (26,50 € / l)","PricePerUnit":26.5}}]}},{"ASIN":"B07K9XPXF8","DetailPageURL":"https://www.amazon.es/dp/B07K9XPXF8?tag=topinalambricos-21&linkCode=osi&th=1&psc=1","Images":{"Primary":{"Small":{"Height":75,"URL":"https://m.media-amazon.com/images/I/41IdIjP7B3L._SL75_.jpg","Width":75}}},"ItemInfo":{"ByLineInfo":{"Brand":{"DisplayValue":"QM Cleaner","Label":"Brand","Locale":"es_ES"},"Manufacturer":{"DisplayValue":"QM Cleaner","Label":"Manufacturer","Locale":"es_ES"}},"Title":{"DisplayValue":"QM Cleaner Limpieza e hidratación Cuero. Cuidado y Limpieza de la tapicería del Coche, sillones Sofa de Cuero. Limpia e hidrata (Kit Leather)","Label":"Title","Locale":"es_ES"}},"Offers":{"Summaries":[{"Condition":{"Value":"New"},"LowestPrice":{"Amount":28.49,"Currency":"EUR","DisplayAmount":"28,49 €"}}]}},{"ASIN":"B0BHT8LCCP","DetailPageURL":"https://www.amazon.es/dp/B0BHT8LCCP?tag=topinalambricos-21&linkCode=osi&th=1&psc=1","Images":{"Primary":{"Small":{"Height":75,"URL":"https://m.media-amazon.com/images/I/31vFEUUo0OL._SL75_.jpg","Width":75}}},"ItemInfo":{"ByLineInfo":{"Brand":{"DisplayValue":"LAAV","Label":"Brand","Locale":"es_ES"},"Manufacturer":{"DisplayValue":"CSG Sp. z o.o.","Label":"Manufacturer","Locale":"es_ES"}},"Title":{"DisplayValue":"LAAV Limpiador Cuero Leather Cleaner (250 ml) I Elimina la Suciedad y Las Manchas, no Seca I Limpiador Tapiceria Coche I Producto de Limpieza Ecológico para Todos los Productos de Piel","Label":"Title","Locale":"es_ES"}},"Offers":{"Summaries":[{"Condition":{"Value":"New"},"LowestPrice":{"Amount":6.9,"Currency":"EUR","DisplayAmount":"6,90 € (27,60 € / l)","PricePerUnit":27.6}}]}},{"ASIN":"B074KKZVMF","DetailPageURL":"https://www.amazon.es/dp/B074KKZVMF?tag=topinalambricos-21&linkCode=osi&th=1&psc=1","Images":{"Primary":{"Small":{"Height":75,"URL":"https://m.media-amazon.com/images/I/410nKkuP99L._SL75_.jpg","Width":75}}},"ItemInfo":{"ByLineInfo":{"Brand":{"DisplayValue":"Maddox Detail","Label":"Brand","Locale":"es_ES"},"Manufacturer":{"DisplayValue":"Maddox Automocion Sl","Label":"Manufacturer","Locale":"es_ES"}},"Title":{"DisplayValue":"Maddox Detail - Leather Conditioner 500ml | Hidratante y Tratamiento Cuero Coche | Limpiador Asientos de Cuero y Piel, Negro","Label":"Title","Locale":"es_ES"}},"Offers":{"Summaries":[{"Condition":{"Value":"New"},"LowestPrice":{"Amount":14.9,"Currency":"EUR","DisplayAmount":"14,90 € (29,80 € / l)","PricePerUnit":29.8}}]}},{"ASIN":"B0BPN5PWY3","DetailPageURL":"https://www.amazon.es/dp/B0BPN5PWY3?tag=topinalambricos-21&linkCode=osi&th=1&psc=1","Images":{"Primary":{"Small":{"Height":75,"URL":"https://m.media-amazon.com/images/I/511GOk2abCL._SL75_.jpg","Width":75}}},"ItemInfo":{"ByLineInfo":{"Brand":{"DisplayValue":"GxDetail","Label":"Brand","Locale":"es_ES"},"Manufacturer":{"DisplayValue":"GxDetail","Label":"Manufacturer","Locale":"es_ES"}},"Title":{"DisplayValue":"GxDetail Pack Cuidado Cuero - Kit Limpieza e Hidratación para Cuero Coche Gx Detail - Kit Con Accesorios y Limpiador de Asientos de Cuero - Limpia Asientos Tapicerias Piel y Cuero de Coche...","Label":"Title","Locale":"es_ES"}},"Offers":{"Summaries":[{"Condition":{"Value":"New"},"LowestPrice":{"Amount":34.95,"Currency":"EUR","DisplayAmount":"34,95 € (34,95 € / l)","PricePerUnit":34.95}}]}},{"ASIN":"B005EBNZTI","DetailPageURL":"https://www.amazon.es/dp/B005EBNZTI?tag=topinalambricos-21&linkCode=osi&th=1&psc=1","Images":{"Primary":{"Small":{"Height":75,"URL":"https://m.media-amazon.com/images/I/41MKOfJ00uL._SL75_.jpg","Width":75}}},"ItemInfo":{"ByLineInfo":{"Brand":{"DisplayValue":"Renapur","Label":"Brand","Locale":"es_ES"},"Manufacturer":{"DisplayValue":"Renapur Ltd","Label":"Manufacturer","Locale":"es_ES"}},"Title":{"DisplayValue":"Bálsamo de cuero, bálsamo natural, acondicionador y restaurador Renapur (200ml + esponja aplicadora)","Label":"Title","Locale":"es_ES"}},"Offers":{"Summaries":[{"Condition":{"Value":"New"},"LowestPrice":{"Amount":17.5,"Currency":"EUR","DisplayAmount":"17,50 €"}}]}},{"ASIN":"B01M0E5OC6","DetailPageURL":"https://www.amazon.es/dp/B01M0E5OC6?tag=topinalambricos-21&linkCode=osi&th=1&psc=1","Images":{"Primary":{"Small":{"Height":75,"URL":"https://m.media-amazon.com/images/I/31aqST56JDL._SL75_.jpg","Width":75}}},"ItemInfo":{"ByLineInfo":{"Brand":{"DisplayValue":"QM Cleaner","Label":"Brand","Locale":"es_ES"},"Manufacturer":{"DisplayValue":"QM Cleaner","Label":"Manufacturer","Locale":"es_ES"}},"Title":{"DisplayValue":"QM Cleaner LEATHER | Limpiador para cuero, piel y polipiel - Ideal para sillones, tapicerías de vehículos y complementos (Bolsos, chaquetas...) - 500ml","Label":"Title","Locale":"es_ES"}},"Offers":{"Summaries":[{"Condition":{"Value":"New"},"LowestPrice":{"Amount":15.99,"Currency":"EUR","DisplayAmount":"15,99 €"}}]}}],"SearchURL":"https://www.amazon.es/s?k=limpiar+cuero&rh=n%3A2424866031%2Cp_n_availability%3A-1&tag=topinalambricos-21&linkCode=osi","TotalResultCount":743}},"51":{"SearchResult":{"Items":[{"ASIN":"B07SL4WY1W","DetailPageURL":"https://www.amazon.es/dp/B07SL4WY1W?tag=topinalambricos-21&linkCode=osi&th=1&psc=1","Images":{"Primary":{"Small":{"Height":75,"URL":"https://m.media-amazon.com/images/I/4150jn7SysL._SL75_.jpg","Width":75}}},"ItemInfo":{"ByLineInfo":{"Brand":{"DisplayValue":"Maddox Detail","Label":"Brand","Locale":"es_ES"},"Manufacturer":{"DisplayValue":"Maddox Automoción SL","Label":"Manufacturer","Locale":"es_ES"}},"Title":{"DisplayValue":"Maddox Detail - Leather Detailer 500 ml | Limpiador y Acondicionador de Cuero | Limpieza Profunda para Coche y Sofá | Tratamiento de Piel | Elimina Suciedad y Manchas | Restaura Asientos","Label":"Title","Locale":"es_ES"}},"Offers":{"Summaries":[{"Condition":{"Value":"New"},"LowestPrice":{"Amount":12.9,"Currency":"EUR","DisplayAmount":"12,90 € (25,80 € / l)","PricePerUnit":25.8}}]}},{"ASIN":"B007DJ566O","DetailPageURL":"https://www.amazon.es/dp/B007DJ566O?tag=topinalambricos-21&linkCode=osi&th=1&psc=1","Images":{"Primary":{"Small":{"Height":75,"URL":"https://m.media-amazon.com/images/I/41Arv3FwqYL._SL75_.jpg","Width":75}}},"ItemInfo":{"ByLineInfo":{"Brand":{"DisplayValue":"DELARA","Label":"Brand","Locale":"es_ES"},"Manufacturer":{"DisplayValue":"DELARA","Label":"Manufacturer","Locale":"es_ES"}},"Title":{"DisplayValue":"DELARA Protector intensivo de cuero 100 ml, color: incoloro – Made in Germany","Label":"Title","Locale":"es_ES"}},"Offers":{"Summaries":[{"Condition":{"Value":"New"},"LowestPrice":{"Amount":10.99,"Currency":"EUR","DisplayAmount":"10,99 €"}}]}},{"ASIN":"B0BNZ6LN98","DetailPageURL":"https://www.amazon.es/dp/B0BNZ6LN98?tag=topinalambricos-21&linkCode=osi&th=1&psc=1","Images":{"Primary":{"Small":{"Height":75,"URL":"https://m.media-amazon.com/images/I/41FW8HzHpVL._SL75_.jpg","Width":75}}},"ItemInfo":{"ByLineInfo":{"Brand":{"DisplayValue":"GxDetail","Label":"Brand","Locale":"es_ES"},"Manufacturer":{"DisplayValue":"GxDetail","Label":"Manufacturer","Locale":"es_ES"}},"Title":{"DisplayValue":"GxDetail Limpiador de Cuero y Piel - Limpia, protege y ayuda a mantener las superficies nuevas - Limpiador de Asientos de coche de Cuero - Leather Cleaner (500 ml.)","Label":"Title","Locale":"es_ES"}},"Offers":{"Summaries":[{"Condition":{"Value":"New"},"LowestPrice":{"Amount":10.99,"Currency":"EUR","DisplayAmount":"10,99 € (21,98 € / l)","PricePerUnit":21.98}}]}},{"ASIN":"B07JWHH61W","DetailPageURL":"https://www.amazon.es/dp/B07JWHH61W?tag=topinalambricos-21&linkCode=osi&th=1&psc=1","Images":{"Primary":{"Small":{"Height":75,"URL":"https://m.media-amazon.com/images/I/51mbQkPkmeL._SL75_.jpg","Width":75}}},"ItemInfo":{"ByLineInfo":{"Brand":{"DisplayValue":"Maddox Detail","Label":"Brand","Locale":"es_ES"},"Manufacturer":{"DisplayValue":"Maddox Automoción","Label":"Manufacturer","Locale":"es_ES"}},"Title":{"DisplayValue":"Maddox Detail - Leather Care Kit 500ml | Limpiador y Acondicionador de Cuero y Piel | Incluye Microfibra | Kit Limpiador de Tapicería de Coche","Label":"Title","Locale":"es_ES"}},"Offers":{"Summaries":[{"Condition":{"Value":"New"},"LowestPrice":{"Amount":26.5,"Currency":"EUR","DisplayAmount":"26,50 € (26,50 € / l)","PricePerUnit":26.5}}]}},{"ASIN":"B07K9XPXF8","DetailPageURL":"https://www.amazon.es/dp/B07K9XPXF8?tag=topinalambricos-21&linkCode=osi&th=1&psc=1","Images":{"Primary":{"Small":{"Height":75,"URL":"https://m.media-amazon.com/images/I/41IdIjP7B3L._SL75_.jpg","Width":75}}},"ItemInfo":{"ByLineInfo":{"Brand":{"DisplayValue":"QM Cleaner","Label":"Brand","Locale":"es_ES"},"Manufacturer":{"DisplayValue":"QM Cleaner","Label":"Manufacturer","Locale":"es_ES"}},"Title":{"DisplayValue":"QM Cleaner Limpieza e hidratación Cuero. Cuidado y Limpieza de la tapicería del Coche, sillones Sofa de Cuero. Limpia e hidrata (Kit Leather)","Label":"Title","Locale":"es_ES"}},"Offers":{"Summaries":[{"Condition":{"Value":"New"},"LowestPrice":{"Amount":28.49,"Currency":"EUR","DisplayAmount":"28,49 €"}}]}},{"ASIN":"B0BHT8LCCP","DetailPageURL":"https://www.amazon.es/dp/B0BHT8LCCP?tag=topinalambricos-21&linkCode=osi&th=1&psc=1","Images":{"Primary":{"Small":{"Height":75,"URL":"https://m.media-amazon.com/images/I/31vFEUUo0OL._SL75_.jpg","Width":75}}},"ItemInfo":{"ByLineInfo":{"Brand":{"DisplayValue":"LAAV","Label":"Brand","Locale":"es_ES"},"Manufacturer":{"DisplayValue":"CSG Sp. z o.o.","Label":"Manufacturer","Locale":"es_ES"}},"Title":{"DisplayValue":"LAAV Limpiador Cuero Leather Cleaner (250 ml) I Elimina la Suciedad y Las Manchas, no Seca I Limpiador Tapiceria Coche I Producto de Limpieza Ecológico para Todos los Productos de Piel","Label":"Title","Locale":"es_ES"}},"Offers":{"Summaries":[{"Condition":{"Value":"New"},"LowestPrice":{"Amount":6.9,"Currency":"EUR","DisplayAmount":"6,90 € (27,60 € / l)","PricePerUnit":27.6}}]}},{"ASIN":"B074KKZVMF","DetailPageURL":"https://www.amazon.es/dp/B074KKZVMF?tag=topinalambricos-21&linkCode=osi&th=1&psc=1","Images":{"Primary":{"Small":{"Height":75,"URL":"https://m.media-amazon.com/images/I/410nKkuP99L._SL75_.jpg","Width":75}}},"ItemInfo":{"ByLineInfo":{"Brand":{"DisplayValue":"Maddox Detail","Label":"Brand","Locale":"es_ES"},"Manufacturer":{"DisplayValue":"Maddox Automocion Sl","Label":"Manufacturer","Locale":"es_ES"}},"Title":{"DisplayValue":"Maddox Detail - Leather Conditioner 500ml | Hidratante y Tratamiento Cuero Coche | Limpiador Asientos de Cuero y Piel, Negro","Label":"Title","Locale":"es_ES"}},"Offers":{"Summaries":[{"Condition":{"Value":"New"},"LowestPrice":{"Amount":14.9,"Currency":"EUR","DisplayAmount":"14,90 € (29,80 € / l)","PricePerUnit":29.8}}]}},{"ASIN":"B0BPN5PWY3","DetailPageURL":"https://www.amazon.es/dp/B0BPN5PWY3?tag=topinalambricos-21&linkCode=osi&th=1&psc=1","Images":{"Primary":{"Small":{"Height":75,"URL":"https://m.media-amazon.com/images/I/511GOk2abCL._SL75_.jpg","Width":75}}},"ItemInfo":{"ByLineInfo":{"Brand":{"DisplayValue":"GxDetail","Label":"Brand","Locale":"es_ES"},"Manufacturer":{"DisplayValue":"GxDetail","Label":"Manufacturer","Locale":"es_ES"}},"Title":{"DisplayValue":"GxDetail Pack Cuidado Cuero - Kit Limpieza e Hidratación para Cuero Coche Gx Detail - Kit Con Accesorios y Limpiador de Asientos de Cuero - Limpia Asientos Tapicerias Piel y Cuero de Coche...","Label":"Title","Locale":"es_ES"}},"Offers":{"Summaries":[{"Condition":{"Value":"New"},"LowestPrice":{"Amount":34.95,"Currency":"EUR","DisplayAmount":"34,95 € (34,95 € / l)","PricePerUnit":34.95}}]}},{"ASIN":"B005EBNZTI","DetailPageURL":"https://www.amazon.es/dp/B005EBNZTI?tag=topinalambricos-21&linkCode=osi&th=1&psc=1","Images":{"Primary":{"Small":{"Height":75,"URL":"https://m.media-amazon.com/images/I/41MKOfJ00uL._SL75_.jpg","Width":75}}},"ItemInfo":{"ByLineInfo":{"Brand":{"DisplayValue":"Renapur","Label":"Brand","Locale":"es_ES"},"Manufacturer":{"DisplayValue":"Renapur Ltd","Label":"Manufacturer","Locale":"es_ES"}},"Title":{"DisplayValue":"Bálsamo de cuero, bálsamo natural, acondicionador y restaurador Renapur (200ml + esponja aplicadora)","Label":"Title","Locale":"es_ES"}},"Offers":{"Summaries":[{"Condition":{"Value":"New"},"LowestPrice":{"Amount":17.5,"Currency":"EUR","DisplayAmount":"17,50 €"}}]}},{"ASIN":"B01M0E5OC6","DetailPageURL":"https://www.amazon.es/dp/B01M0E5OC6?tag=topinalambricos-21&linkCode=osi&th=1&psc=1","Images":{"Primary":{"Small":{"Height":75,"URL":"https://m.media-amazon.com/images/I/31aqST56JDL._SL75_.jpg","Width":75}}},"ItemInfo":{"ByLineInfo":{"Brand":{"DisplayValue":"QM Cleaner","Label":"Brand","Locale":"es_ES"},"Manufacturer":{"DisplayValue":"QM Cleaner","Label":"Manufacturer","Locale":"es_ES"}},"Title":{"DisplayValue":"QM Cleaner LEATHER | Limpiador para cuero, piel y polipiel - Ideal para sillones, tapicerías de vehículos y complementos (Bolsos, chaquetas...) - 500ml","Label":"Title","Locale":"es_ES"}},"Offers":{"Summaries":[{"Condition":{"Value":"New"},"LowestPrice":{"Amount":15.99,"Currency":"EUR","DisplayAmount":"15,99 €"}}]}}],"SearchURL":"https://www.amazon.es/s?k=limpiar+cuero&rh=n%3A2424866031%2Cp_n_availability%3A-1&tag=topinalambricos-21&linkCode=osi","TotalResultCount":743}},"52":{"SearchResult":{"Items":[{"ASIN":"B07SL4WY1W","DetailPageURL":"https://www.amazon.es/dp/B07SL4WY1W?tag=topinalambricos-21&linkCode=osi&th=1&psc=1","Images":{"Primary":{"Small":{"Height":75,"URL":"https://m.media-amazon.com/images/I/4150jn7SysL._SL75_.jpg","Width":75}}},"ItemInfo":{"ByLineInfo":{"Brand":{"DisplayValue":"Maddox Detail","Label":"Brand","Locale":"es_ES"},"Manufacturer":{"DisplayValue":"Maddox Automoción SL","Label":"Manufacturer","Locale":"es_ES"}},"Title":{"DisplayValue":"Maddox Detail - Leather Detailer 500 ml | Limpiador y Acondicionador de Cuero | Limpieza Profunda para Coche y Sofá | Tratamiento de Piel | Elimina Suciedad y Manchas | Restaura Asientos","Label":"Title","Locale":"es_ES"}},"Offers":{"Summaries":[{"Condition":{"Value":"New"},"LowestPrice":{"Amount":12.9,"Currency":"EUR","DisplayAmount":"12,90 € (25,80 € / l)","PricePerUnit":25.8}}]}},{"ASIN":"B007DJ566O","DetailPageURL":"https://www.amazon.es/dp/B007DJ566O?tag=topinalambricos-21&linkCode=osi&th=1&psc=1","Images":{"Primary":{"Small":{"Height":75,"URL":"https://m.media-amazon.com/images/I/41Arv3FwqYL._SL75_.jpg","Width":75}}},"ItemInfo":{"ByLineInfo":{"Brand":{"DisplayValue":"DELARA","Label":"Brand","Locale":"es_ES"},"Manufacturer":{"DisplayValue":"DELARA","Label":"Manufacturer","Locale":"es_ES"}},"Title":{"DisplayValue":"DELARA Protector intensivo de cuero 100 ml, color: incoloro – Made in Germany","Label":"Title","Locale":"es_ES"}},"Offers":{"Summaries":[{"Condition":{"Value":"New"},"LowestPrice":{"Amount":10.99,"Currency":"EUR","DisplayAmount":"10,99 €"}}]}},{"ASIN":"B0BNZ6LN98","DetailPageURL":"https://www.amazon.es/dp/B0BNZ6LN98?tag=topinalambricos-21&linkCode=osi&th=1&psc=1","Images":{"Primary":{"Small":{"Height":75,"URL":"https://m.media-amazon.com/images/I/41FW8HzHpVL._SL75_.jpg","Width":75}}},"ItemInfo":{"ByLineInfo":{"Brand":{"DisplayValue":"GxDetail","Label":"Brand","Locale":"es_ES"},"Manufacturer":{"DisplayValue":"GxDetail","Label":"Manufacturer","Locale":"es_ES"}},"Title":{"DisplayValue":"GxDetail Limpiador de Cuero y Piel - Limpia, protege y ayuda a mantener las superficies nuevas - Limpiador de Asientos de coche de Cuero - Leather Cleaner (500 ml.)","Label":"Title","Locale":"es_ES"}},"Offers":{"Summaries":[{"Condition":{"Value":"New"},"LowestPrice":{"Amount":10.99,"Currency":"EUR","DisplayAmount":"10,99 € (21,98 € / l)","PricePerUnit":21.98}}]}},{"ASIN":"B07JWHH61W","DetailPageURL":"https://www.amazon.es/dp/B07JWHH61W?tag=topinalambricos-21&linkCode=osi&th=1&psc=1","Images":{"Primary":{"Small":{"Height":75,"URL":"https://m.media-amazon.com/images/I/51mbQkPkmeL._SL75_.jpg","Width":75}}},"ItemInfo":{"ByLineInfo":{"Brand":{"DisplayValue":"Maddox Detail","Label":"Brand","Locale":"es_ES"},"Manufacturer":{"DisplayValue":"Maddox Automoción","Label":"Manufacturer","Locale":"es_ES"}},"Title":{"DisplayValue":"Maddox Detail - Leather Care Kit 500ml | Limpiador y Acondicionador de Cuero y Piel | Incluye Microfibra | Kit Limpiador de Tapicería de Coche","Label":"Title","Locale":"es_ES"}},"Offers":{"Summaries":[{"Condition":{"Value":"New"},"LowestPrice":{"Amount":26.5,"Currency":"EUR","DisplayAmount":"26,50 € (26,50 € / l)","PricePerUnit":26.5}}]}},{"ASIN":"B07K9XPXF8","DetailPageURL":"https://www.amazon.es/dp/B07K9XPXF8?tag=topinalambricos-21&linkCode=osi&th=1&psc=1","Images":{"Primary":{"Small":{"Height":75,"URL":"https://m.media-amazon.com/images/I/41IdIjP7B3L._SL75_.jpg","Width":75}}},"ItemInfo":{"ByLineInfo":{"Brand":{"DisplayValue":"QM Cleaner","Label":"Brand","Locale":"es_ES"},"Manufacturer":{"DisplayValue":"QM Cleaner","Label":"Manufacturer","Locale":"es_ES"}},"Title":{"DisplayValue":"QM Cleaner Limpieza e hidratación Cuero. Cuidado y Limpieza de la tapicería del Coche, sillones Sofa de Cuero. Limpia e hidrata (Kit Leather)","Label":"Title","Locale":"es_ES"}},"Offers":{"Summaries":[{"Condition":{"Value":"New"},"LowestPrice":{"Amount":28.49,"Currency":"EUR","DisplayAmount":"28,49 €"}}]}},{"ASIN":"B0BHT8LCCP","DetailPageURL":"https://www.amazon.es/dp/B0BHT8LCCP?tag=topinalambricos-21&linkCode=osi&th=1&psc=1","Images":{"Primary":{"Small":{"Height":75,"URL":"https://m.media-amazon.com/images/I/31vFEUUo0OL._SL75_.jpg","Width":75}}},"ItemInfo":{"ByLineInfo":{"Brand":{"DisplayValue":"LAAV","Label":"Brand","Locale":"es_ES"},"Manufacturer":{"DisplayValue":"CSG Sp. z o.o.","Label":"Manufacturer","Locale":"es_ES"}},"Title":{"DisplayValue":"LAAV Limpiador Cuero Leather Cleaner (250 ml) I Elimina la Suciedad y Las Manchas, no Seca I Limpiador Tapiceria Coche I Producto de Limpieza Ecológico para Todos los Productos de Piel","Label":"Title","Locale":"es_ES"}},"Offers":{"Summaries":[{"Condition":{"Value":"New"},"LowestPrice":{"Amount":6.9,"Currency":"EUR","DisplayAmount":"6,90 € (27,60 € / l)","PricePerUnit":27.6}}]}},{"ASIN":"B074KKZVMF","DetailPageURL":"https://www.amazon.es/dp/B074KKZVMF?tag=topinalambricos-21&linkCode=osi&th=1&psc=1","Images":{"Primary":{"Small":{"Height":75,"URL":"https://m.media-amazon.com/images/I/410nKkuP99L._SL75_.jpg","Width":75}}},"ItemInfo":{"ByLineInfo":{"Brand":{"DisplayValue":"Maddox Detail","Label":"Brand","Locale":"es_ES"},"Manufacturer":{"DisplayValue":"Maddox Automocion Sl","Label":"Manufacturer","Locale":"es_ES"}},"Title":{"DisplayValue":"Maddox Detail - Leather Conditioner 500ml | Hidratante y Tratamiento Cuero Coche | Limpiador Asientos de Cuero y Piel, Negro","Label":"Title","Locale":"es_ES"}},"Offers":{"Summaries":[{"Condition":{"Value":"New"},"LowestPrice":{"Amount":14.9,"Currency":"EUR","DisplayAmount":"14,90 € (29,80 € / l)","PricePerUnit":29.8}}]}},{"ASIN":"B0BPN5PWY3","DetailPageURL":"https://www.amazon.es/dp/B0BPN5PWY3?tag=topinalambricos-21&linkCode=osi&th=1&psc=1","Images":{"Primary":{"Small":{"Height":75,"URL":"https://m.media-amazon.com/images/I/511GOk2abCL._SL75_.jpg","Width":75}}},"ItemInfo":{"ByLineInfo":{"Brand":{"DisplayValue":"GxDetail","Label":"Brand","Locale":"es_ES"},"Manufacturer":{"DisplayValue":"GxDetail","Label":"Manufacturer","Locale":"es_ES"}},"Title":{"DisplayValue":"GxDetail Pack Cuidado Cuero - Kit Limpieza e Hidratación para Cuero Coche Gx Detail - Kit Con Accesorios y Limpiador de Asientos de Cuero - Limpia Asientos Tapicerias Piel y Cuero de Coche...","Label":"Title","Locale":"es_ES"}},"Offers":{"Summaries":[{"Condition":{"Value":"New"},"LowestPrice":{"Amount":34.95,"Currency":"EUR","DisplayAmount":"34,95 € (34,95 € / l)","PricePerUnit":34.95}}]}},{"ASIN":"B005EBNZTI","DetailPageURL":"https://www.amazon.es/dp/B005EBNZTI?tag=topinalambricos-21&linkCode=osi&th=1&psc=1","Images":{"Primary":{"Small":{"Height":75,"URL":"https://m.media-amazon.com/images/I/41MKOfJ00uL._SL75_.jpg","Width":75}}},"ItemInfo":{"ByLineInfo":{"Brand":{"DisplayValue":"Renapur","Label":"Brand","Locale":"es_ES"},"Manufacturer":{"DisplayValue":"Renapur Ltd","Label":"Manufacturer","Locale":"es_ES"}},"Title":{"DisplayValue":"Bálsamo de cuero, bálsamo natural, acondicionador y restaurador Renapur (200ml + esponja aplicadora)","Label":"Title","Locale":"es_ES"}},"Offers":{"Summaries":[{"Condition":{"Value":"New"},"LowestPrice":{"Amount":17.5,"Currency":"EUR","DisplayAmount":"17,50 €"}}]}},{"ASIN":"B01M0E5OC6","DetailPageURL":"https://www.amazon.es/dp/B01M0E5OC6?tag=topinalambricos-21&linkCode=osi&th=1&psc=1","Images":{"Primary":{"Small":{"Height":75,"URL":"https://m.media-amazon.com/images/I/31aqST56JDL._SL75_.jpg","Width":75}}},"ItemInfo":{"ByLineInfo":{"Brand":{"DisplayValue":"QM Cleaner","Label":"Brand","Locale":"es_ES"},"Manufacturer":{"DisplayValue":"QM Cleaner","Label":"Manufacturer","Locale":"es_ES"}},"Title":{"DisplayValue":"QM Cleaner LEATHER | Limpiador para cuero, piel y polipiel - Ideal para sillones, tapicerías de vehículos y complementos (Bolsos, chaquetas...) - 500ml","Label":"Title","Locale":"es_ES"}},"Offers":{"Summaries":[{"Condition":{"Value":"New"},"LowestPrice":{"Amount":15.99,"Currency":"EUR","DisplayAmount":"15,99 €"}}]}}],"SearchURL":"https://www.amazon.es/s?k=limpiar+cuero&rh=n%3A2424866031%2Cp_n_availability%3A-1&tag=topinalambricos-21&linkCode=osi","TotalResultCount":743}},"53":{"SearchResult":{"Items":[{"ASIN":"B07SL4WY1W","DetailPageURL":"https://www.amazon.es/dp/B07SL4WY1W?tag=topinalambricos-21&linkCode=osi&th=1&psc=1","Images":{"Primary":{"Small":{"Height":75,"URL":"https://m.media-amazon.com/images/I/4150jn7SysL._SL75_.jpg","Width":75}}},"ItemInfo":{"ByLineInfo":{"Brand":{"DisplayValue":"Maddox Detail","Label":"Brand","Locale":"es_ES"},"Manufacturer":{"DisplayValue":"Maddox Automoción SL","Label":"Manufacturer","Locale":"es_ES"}},"Title":{"DisplayValue":"Maddox Detail - Leather Detailer 500 ml | Limpiador y Acondicionador de Cuero | Limpieza Profunda para Coche y Sofá | Tratamiento de Piel | Elimina Suciedad y Manchas | Restaura Asientos","Label":"Title","Locale":"es_ES"}},"Offers":{"Summaries":[{"Condition":{"Value":"New"},"LowestPrice":{"Amount":12.9,"Currency":"EUR","DisplayAmount":"12,90 € (25,80 € / l)","PricePerUnit":25.8}}]}},{"ASIN":"B007DJ566O","DetailPageURL":"https://www.amazon.es/dp/B007DJ566O?tag=topinalambricos-21&linkCode=osi&th=1&psc=1","Images":{"Primary":{"Small":{"Height":75,"URL":"https://m.media-amazon.com/images/I/41Arv3FwqYL._SL75_.jpg","Width":75}}},"ItemInfo":{"ByLineInfo":{"Brand":{"DisplayValue":"DELARA","Label":"Brand","Locale":"es_ES"},"Manufacturer":{"DisplayValue":"DELARA","Label":"Manufacturer","Locale":"es_ES"}},"Title":{"DisplayValue":"DELARA Protector intensivo de cuero 100 ml, color: incoloro – Made in Germany","Label":"Title","Locale":"es_ES"}},"Offers":{"Summaries":[{"Condition":{"Value":"New"},"LowestPrice":{"Amount":10.99,"Currency":"EUR","DisplayAmount":"10,99 €"}}]}},{"ASIN":"B0BNZ6LN98","DetailPageURL":"https://www.amazon.es/dp/B0BNZ6LN98?tag=topinalambricos-21&linkCode=osi&th=1&psc=1","Images":{"Primary":{"Small":{"Height":75,"URL":"https://m.media-amazon.com/images/I/41FW8HzHpVL._SL75_.jpg","Width":75}}},"ItemInfo":{"ByLineInfo":{"Brand":{"DisplayValue":"GxDetail","Label":"Brand","Locale":"es_ES"},"Manufacturer":{"DisplayValue":"GxDetail","Label":"Manufacturer","Locale":"es_ES"}},"Title":{"DisplayValue":"GxDetail Limpiador de Cuero y Piel - Limpia, protege y ayuda a mantener las superficies nuevas - Limpiador de Asientos de coche de Cuero - Leather Cleaner (500 ml.)","Label":"Title","Locale":"es_ES"}},"Offers":{"Summaries":[{"Condition":{"Value":"New"},"LowestPrice":{"Amount":10.99,"Currency":"EUR","DisplayAmount":"10,99 € (21,98 € / l)","PricePerUnit":21.98}}]}},{"ASIN":"B07JWHH61W","DetailPageURL":"https://www.amazon.es/dp/B07JWHH61W?tag=topinalambricos-21&linkCode=osi&th=1&psc=1","Images":{"Primary":{"Small":{"Height":75,"URL":"https://m.media-amazon.com/images/I/51mbQkPkmeL._SL75_.jpg","Width":75}}},"ItemInfo":{"ByLineInfo":{"Brand":{"DisplayValue":"Maddox Detail","Label":"Brand","Locale":"es_ES"},"Manufacturer":{"DisplayValue":"Maddox Automoción","Label":"Manufacturer","Locale":"es_ES"}},"Title":{"DisplayValue":"Maddox Detail - Leather Care Kit 500ml | Limpiador y Acondicionador de Cuero y Piel | Incluye Microfibra | Kit Limpiador de Tapicería de Coche","Label":"Title","Locale":"es_ES"}},"Offers":{"Summaries":[{"Condition":{"Value":"New"},"LowestPrice":{"Amount":26.5,"Currency":"EUR","DisplayAmount":"26,50 € (26,50 € / l)","PricePerUnit":26.5}}]}},{"ASIN":"B07K9XPXF8","DetailPageURL":"https://www.amazon.es/dp/B07K9XPXF8?tag=topinalambricos-21&linkCode=osi&th=1&psc=1","Images":{"Primary":{"Small":{"Height":75,"URL":"https://m.media-amazon.com/images/I/41IdIjP7B3L._SL75_.jpg","Width":75}}},"ItemInfo":{"ByLineInfo":{"Brand":{"DisplayValue":"QM Cleaner","Label":"Brand","Locale":"es_ES"},"Manufacturer":{"DisplayValue":"QM Cleaner","Label":"Manufacturer","Locale":"es_ES"}},"Title":{"DisplayValue":"QM Cleaner Limpieza e hidratación Cuero. Cuidado y Limpieza de la tapicería del Coche, sillones Sofa de Cuero. Limpia e hidrata (Kit Leather)","Label":"Title","Locale":"es_ES"}},"Offers":{"Summaries":[{"Condition":{"Value":"New"},"LowestPrice":{"Amount":28.49,"Currency":"EUR","DisplayAmount":"28,49 €"}}]}},{"ASIN":"B0BHT8LCCP","DetailPageURL":"https://www.amazon.es/dp/B0BHT8LCCP?tag=topinalambricos-21&linkCode=osi&th=1&psc=1","Images":{"Primary":{"Small":{"Height":75,"URL":"https://m.media-amazon.com/images/I/31vFEUUo0OL._SL75_.jpg","Width":75}}},"ItemInfo":{"ByLineInfo":{"Brand":{"DisplayValue":"LAAV","Label":"Brand","Locale":"es_ES"},"Manufacturer":{"DisplayValue":"CSG Sp. z o.o.","Label":"Manufacturer","Locale":"es_ES"}},"Title":{"DisplayValue":"LAAV Limpiador Cuero Leather Cleaner (250 ml) I Elimina la Suciedad y Las Manchas, no Seca I Limpiador Tapiceria Coche I Producto de Limpieza Ecológico para Todos los Productos de Piel","Label":"Title","Locale":"es_ES"}},"Offers":{"Summaries":[{"Condition":{"Value":"New"},"LowestPrice":{"Amount":6.9,"Currency":"EUR","DisplayAmount":"6,90 € (27,60 € / l)","PricePerUnit":27.6}}]}},{"ASIN":"B074KKZVMF","DetailPageURL":"https://www.amazon.es/dp/B074KKZVMF?tag=topinalambricos-21&linkCode=osi&th=1&psc=1","Images":{"Primary":{"Small":{"Height":75,"URL":"https://m.media-amazon.com/images/I/410nKkuP99L._SL75_.jpg","Width":75}}},"ItemInfo":{"ByLineInfo":{"Brand":{"DisplayValue":"Maddox Detail","Label":"Brand","Locale":"es_ES"},"Manufacturer":{"DisplayValue":"Maddox Automocion Sl","Label":"Manufacturer","Locale":"es_ES"}},"Title":{"DisplayValue":"Maddox Detail - Leather Conditioner 500ml | Hidratante y Tratamiento Cuero Coche | Limpiador Asientos de Cuero y Piel, Negro","Label":"Title","Locale":"es_ES"}},"Offers":{"Summaries":[{"Condition":{"Value":"New"},"LowestPrice":{"Amount":14.9,"Currency":"EUR","DisplayAmount":"14,90 € (29,80 € / l)","PricePerUnit":29.8}}]}},{"ASIN":"B0BPN5PWY3","DetailPageURL":"https://www.amazon.es/dp/B0BPN5PWY3?tag=topinalambricos-21&linkCode=osi&th=1&psc=1","Images":{"Primary":{"Small":{"Height":75,"URL":"https://m.media-amazon.com/images/I/511GOk2abCL._SL75_.jpg","Width":75}}},"ItemInfo":{"ByLineInfo":{"Brand":{"DisplayValue":"GxDetail","Label":"Brand","Locale":"es_ES"},"Manufacturer":{"DisplayValue":"GxDetail","Label":"Manufacturer","Locale":"es_ES"}},"Title":{"DisplayValue":"GxDetail Pack Cuidado Cuero - Kit Limpieza e Hidratación para Cuero Coche Gx Detail - Kit Con Accesorios y Limpiador de Asientos de Cuero - Limpia Asientos Tapicerias Piel y Cuero de Coche...","Label":"Title","Locale":"es_ES"}},"Offers":{"Summaries":[{"Condition":{"Value":"New"},"LowestPrice":{"Amount":34.95,"Currency":"EUR","DisplayAmount":"34,95 € (34,95 € / l)","PricePerUnit":34.95}}]}},{"ASIN":"B005EBNZTI","DetailPageURL":"https://www.amazon.es/dp/B005EBNZTI?tag=topinalambricos-21&linkCode=osi&th=1&psc=1","Images":{"Primary":{"Small":{"Height":75,"URL":"https://m.media-amazon.com/images/I/41MKOfJ00uL._SL75_.jpg","Width":75}}},"ItemInfo":{"ByLineInfo":{"Brand":{"DisplayValue":"Renapur","Label":"Brand","Locale":"es_ES"},"Manufacturer":{"DisplayValue":"Renapur Ltd","Label":"Manufacturer","Locale":"es_ES"}},"Title":{"DisplayValue":"Bálsamo de cuero, bálsamo natural, acondicionador y restaurador Renapur (200ml + esponja aplicadora)","Label":"Title","Locale":"es_ES"}},"Offers":{"Summaries":[{"Condition":{"Value":"New"},"LowestPrice":{"Amount":17.5,"Currency":"EUR","DisplayAmount":"17,50 €"}}]}},{"ASIN":"B01M0E5OC6","DetailPageURL":"https://www.amazon.es/dp/B01M0E5OC6?tag=topinalambricos-21&linkCode=osi&th=1&psc=1","Images":{"Primary":{"Small":{"Height":75,"URL":"https://m.media-amazon.com/images/I/31aqST56JDL._SL75_.jpg","Width":75}}},"ItemInfo":{"ByLineInfo":{"Brand":{"DisplayValue":"QM Cleaner","Label":"Brand","Locale":"es_ES"},"Manufacturer":{"DisplayValue":"QM Cleaner","Label":"Manufacturer","Locale":"es_ES"}},"Title":{"DisplayValue":"QM Cleaner LEATHER | Limpiador para cuero, piel y polipiel - Ideal para sillones, tapicerías de vehículos y complementos (Bolsos, chaquetas...) - 500ml","Label":"Title","Locale":"es_ES"}},"Offers":{"Summaries":[{"Condition":{"Value":"New"},"LowestPrice":{"Amount":15.99,"Currency":"EUR","DisplayAmount":"15,99 €"}}]}}],"SearchURL":"https://www.amazon.es/s?k=limpiar+cuero&rh=n%3A2424866031%2Cp_n_availability%3A-1&tag=topinalambricos-21&linkCode=osi","TotalResultCount":743}},"54":{"SearchResult":{"Items":[{"ASIN":"B07SL4WY1W","DetailPageURL":"https://www.amazon.es/dp/B07SL4WY1W?tag=topinalambricos-21&linkCode=osi&th=1&psc=1","Images":{"Primary":{"Small":{"Height":75,"URL":"https://m.media-amazon.com/images/I/4150jn7SysL._SL75_.jpg","Width":75}}},"ItemInfo":{"ByLineInfo":{"Brand":{"DisplayValue":"Maddox Detail","Label":"Brand","Locale":"es_ES"},"Manufacturer":{"DisplayValue":"Maddox Automoción SL","Label":"Manufacturer","Locale":"es_ES"}},"Title":{"DisplayValue":"Maddox Detail - Leather Detailer 500 ml | Limpiador y Acondicionador de Cuero | Limpieza Profunda para Coche y Sofá | Tratamiento de Piel | Elimina Suciedad y Manchas | Restaura Asientos","Label":"Title","Locale":"es_ES"}},"Offers":{"Summaries":[{"Condition":{"Value":"New"},"LowestPrice":{"Amount":12.9,"Currency":"EUR","DisplayAmount":"12,90 € (25,80 € / l)","PricePerUnit":25.8}}]}},{"ASIN":"B007DJ566O","DetailPageURL":"https://www.amazon.es/dp/B007DJ566O?tag=topinalambricos-21&linkCode=osi&th=1&psc=1","Images":{"Primary":{"Small":{"Height":75,"URL":"https://m.media-amazon.com/images/I/41Arv3FwqYL._SL75_.jpg","Width":75}}},"ItemInfo":{"ByLineInfo":{"Brand":{"DisplayValue":"DELARA","Label":"Brand","Locale":"es_ES"},"Manufacturer":{"DisplayValue":"DELARA","Label":"Manufacturer","Locale":"es_ES"}},"Title":{"DisplayValue":"DELARA Protector intensivo de cuero 100 ml, color: incoloro – Made in Germany","Label":"Title","Locale":"es_ES"}},"Offers":{"Summaries":[{"Condition":{"Value":"New"},"LowestPrice":{"Amount":10.99,"Currency":"EUR","DisplayAmount":"10,99 €"}}]}},{"ASIN":"B0BNZ6LN98","DetailPageURL":"https://www.amazon.es/dp/B0BNZ6LN98?tag=topinalambricos-21&linkCode=osi&th=1&psc=1","Images":{"Primary":{"Small":{"Height":75,"URL":"https://m.media-amazon.com/images/I/41FW8HzHpVL._SL75_.jpg","Width":75}}},"ItemInfo":{"ByLineInfo":{"Brand":{"DisplayValue":"GxDetail","Label":"Brand","Locale":"es_ES"},"Manufacturer":{"DisplayValue":"GxDetail","Label":"Manufacturer","Locale":"es_ES"}},"Title":{"DisplayValue":"GxDetail Limpiador de Cuero y Piel - Limpia, protege y ayuda a mantener las superficies nuevas - Limpiador de Asientos de coche de Cuero - Leather Cleaner (500 ml.)","Label":"Title","Locale":"es_ES"}},"Offers":{"Summaries":[{"Condition":{"Value":"New"},"LowestPrice":{"Amount":10.99,"Currency":"EUR","DisplayAmount":"10,99 € (21,98 € / l)","PricePerUnit":21.98}}]}},{"ASIN":"B07JWHH61W","DetailPageURL":"https://www.amazon.es/dp/B07JWHH61W?tag=topinalambricos-21&linkCode=osi&th=1&psc=1","Images":{"Primary":{"Small":{"Height":75,"URL":"https://m.media-amazon.com/images/I/51mbQkPkmeL._SL75_.jpg","Width":75}}},"ItemInfo":{"ByLineInfo":{"Brand":{"DisplayValue":"Maddox Detail","Label":"Brand","Locale":"es_ES"},"Manufacturer":{"DisplayValue":"Maddox Automoción","Label":"Manufacturer","Locale":"es_ES"}},"Title":{"DisplayValue":"Maddox Detail - Leather Care Kit 500ml | Limpiador y Acondicionador de Cuero y Piel | Incluye Microfibra | Kit Limpiador de Tapicería de Coche","Label":"Title","Locale":"es_ES"}},"Offers":{"Summaries":[{"Condition":{"Value":"New"},"LowestPrice":{"Amount":26.5,"Currency":"EUR","DisplayAmount":"26,50 € (26,50 € / l)","PricePerUnit":26.5}}]}},{"ASIN":"B07K9XPXF8","DetailPageURL":"https://www.amazon.es/dp/B07K9XPXF8?tag=topinalambricos-21&linkCode=osi&th=1&psc=1","Images":{"Primary":{"Small":{"Height":75,"URL":"https://m.media-amazon.com/images/I/41IdIjP7B3L._SL75_.jpg","Width":75}}},"ItemInfo":{"ByLineInfo":{"Brand":{"DisplayValue":"QM Cleaner","Label":"Brand","Locale":"es_ES"},"Manufacturer":{"DisplayValue":"QM Cleaner","Label":"Manufacturer","Locale":"es_ES"}},"Title":{"DisplayValue":"QM Cleaner Limpieza e hidratación Cuero. Cuidado y Limpieza de la tapicería del Coche, sillones Sofa de Cuero. Limpia e hidrata (Kit Leather)","Label":"Title","Locale":"es_ES"}},"Offers":{"Summaries":[{"Condition":{"Value":"New"},"LowestPrice":{"Amount":28.49,"Currency":"EUR","DisplayAmount":"28,49 €"}}]}},{"ASIN":"B0BHT8LCCP","DetailPageURL":"https://www.amazon.es/dp/B0BHT8LCCP?tag=topinalambricos-21&linkCode=osi&th=1&psc=1","Images":{"Primary":{"Small":{"Height":75,"URL":"https://m.media-amazon.com/images/I/31vFEUUo0OL._SL75_.jpg","Width":75}}},"ItemInfo":{"ByLineInfo":{"Brand":{"DisplayValue":"LAAV","Label":"Brand","Locale":"es_ES"},"Manufacturer":{"DisplayValue":"CSG Sp. z o.o.","Label":"Manufacturer","Locale":"es_ES"}},"Title":{"DisplayValue":"LAAV Limpiador Cuero Leather Cleaner (250 ml) I Elimina la Suciedad y Las Manchas, no Seca I Limpiador Tapiceria Coche I Producto de Limpieza Ecológico para Todos los Productos de Piel","Label":"Title","Locale":"es_ES"}},"Offers":{"Summaries":[{"Condition":{"Value":"New"},"LowestPrice":{"Amount":6.9,"Currency":"EUR","DisplayAmount":"6,90 € (27,60 € / l)","PricePerUnit":27.6}}]}},{"ASIN":"B074KKZVMF","DetailPageURL":"https://www.amazon.es/dp/B074KKZVMF?tag=topinalambricos-21&linkCode=osi&th=1&psc=1","Images":{"Primary":{"Small":{"Height":75,"URL":"https://m.media-amazon.com/images/I/410nKkuP99L._SL75_.jpg","Width":75}}},"ItemInfo":{"ByLineInfo":{"Brand":{"DisplayValue":"Maddox Detail","Label":"Brand","Locale":"es_ES"},"Manufacturer":{"DisplayValue":"Maddox Automocion Sl","Label":"Manufacturer","Locale":"es_ES"}},"Title":{"DisplayValue":"Maddox Detail - Leather Conditioner 500ml | Hidratante y Tratamiento Cuero Coche | Limpiador Asientos de Cuero y Piel, Negro","Label":"Title","Locale":"es_ES"}},"Offers":{"Summaries":[{"Condition":{"Value":"New"},"LowestPrice":{"Amount":14.9,"Currency":"EUR","DisplayAmount":"14,90 € (29,80 € / l)","PricePerUnit":29.8}}]}},{"ASIN":"B0BPN5PWY3","DetailPageURL":"https://www.amazon.es/dp/B0BPN5PWY3?tag=topinalambricos-21&linkCode=osi&th=1&psc=1","Images":{"Primary":{"Small":{"Height":75,"URL":"https://m.media-amazon.com/images/I/511GOk2abCL._SL75_.jpg","Width":75}}},"ItemInfo":{"ByLineInfo":{"Brand":{"DisplayValue":"GxDetail","Label":"Brand","Locale":"es_ES"},"Manufacturer":{"DisplayValue":"GxDetail","Label":"Manufacturer","Locale":"es_ES"}},"Title":{"DisplayValue":"GxDetail Pack Cuidado Cuero - Kit Limpieza e Hidratación para Cuero Coche Gx Detail - Kit Con Accesorios y Limpiador de Asientos de Cuero - Limpia Asientos Tapicerias Piel y Cuero de Coche...","Label":"Title","Locale":"es_ES"}},"Offers":{"Summaries":[{"Condition":{"Value":"New"},"LowestPrice":{"Amount":34.95,"Currency":"EUR","DisplayAmount":"34,95 € (34,95 € / l)","PricePerUnit":34.95}}]}},{"ASIN":"B005EBNZTI","DetailPageURL":"https://www.amazon.es/dp/B005EBNZTI?tag=topinalambricos-21&linkCode=osi&th=1&psc=1","Images":{"Primary":{"Small":{"Height":75,"URL":"https://m.media-amazon.com/images/I/41MKOfJ00uL._SL75_.jpg","Width":75}}},"ItemInfo":{"ByLineInfo":{"Brand":{"DisplayValue":"Renapur","Label":"Brand","Locale":"es_ES"},"Manufacturer":{"DisplayValue":"Renapur Ltd","Label":"Manufacturer","Locale":"es_ES"}},"Title":{"DisplayValue":"Bálsamo de cuero, bálsamo natural, acondicionador y restaurador Renapur (200ml + esponja aplicadora)","Label":"Title","Locale":"es_ES"}},"Offers":{"Summaries":[{"Condition":{"Value":"New"},"LowestPrice":{"Amount":17.5,"Currency":"EUR","DisplayAmount":"17,50 €"}}]}},{"ASIN":"B01M0E5OC6","DetailPageURL":"https://www.amazon.es/dp/B01M0E5OC6?tag=topinalambricos-21&linkCode=osi&th=1&psc=1","Images":{"Primary":{"Small":{"Height":75,"URL":"https://m.media-amazon.com/images/I/31aqST56JDL._SL75_.jpg","Width":75}}},"ItemInfo":{"ByLineInfo":{"Brand":{"DisplayValue":"QM Cleaner","Label":"Brand","Locale":"es_ES"},"Manufacturer":{"DisplayValue":"QM Cleaner","Label":"Manufacturer","Locale":"es_ES"}},"Title":{"DisplayValue":"QM Cleaner LEATHER | Limpiador para cuero, piel y polipiel - Ideal para sillones, tapicerías de vehículos y complementos (Bolsos, chaquetas...) - 500ml","Label":"Title","Locale":"es_ES"}},"Offers":{"Summaries":[{"Condition":{"Value":"New"},"LowestPrice":{"Amount":15.99,"Currency":"EUR","DisplayAmount":"15,99 €"}}]}}],"SearchURL":"https://www.amazon.es/s?k=limpiar+cuero&rh=n%3A2424866031%2Cp_n_availability%3A-1&tag=topinalambricos-21&linkCode=osi","TotalResultCount":743}},"55":{"SearchResult":{"Items":[{"ASIN":"B07SL4WY1W","DetailPageURL":"https://www.amazon.es/dp/B07SL4WY1W?tag=topinalambricos-21&linkCode=osi&th=1&psc=1","Images":{"Primary":{"Small":{"Height":75,"URL":"https://m.media-amazon.com/images/I/4150jn7SysL._SL75_.jpg","Width":75}}},"ItemInfo":{"ByLineInfo":{"Brand":{"DisplayValue":"Maddox Detail","Label":"Brand","Locale":"es_ES"},"Manufacturer":{"DisplayValue":"Maddox Automoción SL","Label":"Manufacturer","Locale":"es_ES"}},"Title":{"DisplayValue":"Maddox Detail - Leather Detailer 500 ml | Limpiador y Acondicionador de Cuero | Limpieza Profunda para Coche y Sofá | Tratamiento de Piel | Elimina Suciedad y Manchas | Restaura Asientos","Label":"Title","Locale":"es_ES"}},"Offers":{"Summaries":[{"Condition":{"Value":"New"},"LowestPrice":{"Amount":12.9,"Currency":"EUR","DisplayAmount":"12,90 € (25,80 € / l)","PricePerUnit":25.8}}]}},{"ASIN":"B007DJ566O","DetailPageURL":"https://www.amazon.es/dp/B007DJ566O?tag=topinalambricos-21&linkCode=osi&th=1&psc=1","Images":{"Primary":{"Small":{"Height":75,"URL":"https://m.media-amazon.com/images/I/41Arv3FwqYL._SL75_.jpg","Width":75}}},"ItemInfo":{"ByLineInfo":{"Brand":{"DisplayValue":"DELARA","Label":"Brand","Locale":"es_ES"},"Manufacturer":{"DisplayValue":"DELARA","Label":"Manufacturer","Locale":"es_ES"}},"Title":{"DisplayValue":"DELARA Protector intensivo de cuero 100 ml, color: incoloro – Made in Germany","Label":"Title","Locale":"es_ES"}},"Offers":{"Summaries":[{"Condition":{"Value":"New"},"LowestPrice":{"Amount":10.99,"Currency":"EUR","DisplayAmount":"10,99 €"}}]}},{"ASIN":"B0BNZ6LN98","DetailPageURL":"https://www.amazon.es/dp/B0BNZ6LN98?tag=topinalambricos-21&linkCode=osi&th=1&psc=1","Images":{"Primary":{"Small":{"Height":75,"URL":"https://m.media-amazon.com/images/I/41FW8HzHpVL._SL75_.jpg","Width":75}}},"ItemInfo":{"ByLineInfo":{"Brand":{"DisplayValue":"GxDetail","Label":"Brand","Locale":"es_ES"},"Manufacturer":{"DisplayValue":"GxDetail","Label":"Manufacturer","Locale":"es_ES"}},"Title":{"DisplayValue":"GxDetail Limpiador de Cuero y Piel - Limpia, protege y ayuda a mantener las superficies nuevas - Limpiador de Asientos de coche de Cuero - Leather Cleaner (500 ml.)","Label":"Title","Locale":"es_ES"}},"Offers":{"Summaries":[{"Condition":{"Value":"New"},"LowestPrice":{"Amount":10.99,"Currency":"EUR","DisplayAmount":"10,99 € (21,98 € / l)","PricePerUnit":21.98}}]}},{"ASIN":"B07JWHH61W","DetailPageURL":"https://www.amazon.es/dp/B07JWHH61W?tag=topinalambricos-21&linkCode=osi&th=1&psc=1","Images":{"Primary":{"Small":{"Height":75,"URL":"https://m.media-amazon.com/images/I/51mbQkPkmeL._SL75_.jpg","Width":75}}},"ItemInfo":{"ByLineInfo":{"Brand":{"DisplayValue":"Maddox Detail","Label":"Brand","Locale":"es_ES"},"Manufacturer":{"DisplayValue":"Maddox Automoción","Label":"Manufacturer","Locale":"es_ES"}},"Title":{"DisplayValue":"Maddox Detail - Leather Care Kit 500ml | Limpiador y Acondicionador de Cuero y Piel | Incluye Microfibra | Kit Limpiador de Tapicería de Coche","Label":"Title","Locale":"es_ES"}},"Offers":{"Summaries":[{"Condition":{"Value":"New"},"LowestPrice":{"Amount":26.5,"Currency":"EUR","DisplayAmount":"26,50 € (26,50 € / l)","PricePerUnit":26.5}}]}},{"ASIN":"B07K9XPXF8","DetailPageURL":"https://www.amazon.es/dp/B07K9XPXF8?tag=topinalambricos-21&linkCode=osi&th=1&psc=1","Images":{"Primary":{"Small":{"Height":75,"URL":"https://m.media-amazon.com/images/I/41IdIjP7B3L._SL75_.jpg","Width":75}}},"ItemInfo":{"ByLineInfo":{"Brand":{"DisplayValue":"QM Cleaner","Label":"Brand","Locale":"es_ES"},"Manufacturer":{"DisplayValue":"QM Cleaner","Label":"Manufacturer","Locale":"es_ES"}},"Title":{"DisplayValue":"QM Cleaner Limpieza e hidratación Cuero. Cuidado y Limpieza de la tapicería del Coche, sillones Sofa de Cuero. Limpia e hidrata (Kit Leather)","Label":"Title","Locale":"es_ES"}},"Offers":{"Summaries":[{"Condition":{"Value":"New"},"LowestPrice":{"Amount":28.49,"Currency":"EUR","DisplayAmount":"28,49 €"}}]}},{"ASIN":"B0BHT8LCCP","DetailPageURL":"https://www.amazon.es/dp/B0BHT8LCCP?tag=topinalambricos-21&linkCode=osi&th=1&psc=1","Images":{"Primary":{"Small":{"Height":75,"URL":"https://m.media-amazon.com/images/I/31vFEUUo0OL._SL75_.jpg","Width":75}}},"ItemInfo":{"ByLineInfo":{"Brand":{"DisplayValue":"LAAV","Label":"Brand","Locale":"es_ES"},"Manufacturer":{"DisplayValue":"CSG Sp. z o.o.","Label":"Manufacturer","Locale":"es_ES"}},"Title":{"DisplayValue":"LAAV Limpiador Cuero Leather Cleaner (250 ml) I Elimina la Suciedad y Las Manchas, no Seca I Limpiador Tapiceria Coche I Producto de Limpieza Ecológico para Todos los Productos de Piel","Label":"Title","Locale":"es_ES"}},"Offers":{"Summaries":[{"Condition":{"Value":"New"},"LowestPrice":{"Amount":6.9,"Currency":"EUR","DisplayAmount":"6,90 € (27,60 € / l)","PricePerUnit":27.6}}]}},{"ASIN":"B074KKZVMF","DetailPageURL":"https://www.amazon.es/dp/B074KKZVMF?tag=topinalambricos-21&linkCode=osi&th=1&psc=1","Images":{"Primary":{"Small":{"Height":75,"URL":"https://m.media-amazon.com/images/I/410nKkuP99L._SL75_.jpg","Width":75}}},"ItemInfo":{"ByLineInfo":{"Brand":{"DisplayValue":"Maddox Detail","Label":"Brand","Locale":"es_ES"},"Manufacturer":{"DisplayValue":"Maddox Automocion Sl","Label":"Manufacturer","Locale":"es_ES"}},"Title":{"DisplayValue":"Maddox Detail - Leather Conditioner 500ml | Hidratante y Tratamiento Cuero Coche | Limpiador Asientos de Cuero y Piel, Negro","Label":"Title","Locale":"es_ES"}},"Offers":{"Summaries":[{"Condition":{"Value":"New"},"LowestPrice":{"Amount":14.9,"Currency":"EUR","DisplayAmount":"14,90 € (29,80 € / l)","PricePerUnit":29.8}}]}},{"ASIN":"B0BPN5PWY3","DetailPageURL":"https://www.amazon.es/dp/B0BPN5PWY3?tag=topinalambricos-21&linkCode=osi&th=1&psc=1","Images":{"Primary":{"Small":{"Height":75,"URL":"https://m.media-amazon.com/images/I/511GOk2abCL._SL75_.jpg","Width":75}}},"ItemInfo":{"ByLineInfo":{"Brand":{"DisplayValue":"GxDetail","Label":"Brand","Locale":"es_ES"},"Manufacturer":{"DisplayValue":"GxDetail","Label":"Manufacturer","Locale":"es_ES"}},"Title":{"DisplayValue":"GxDetail Pack Cuidado Cuero - Kit Limpieza e Hidratación para Cuero Coche Gx Detail - Kit Con Accesorios y Limpiador de Asientos de Cuero - Limpia Asientos Tapicerias Piel y Cuero de Coche...","Label":"Title","Locale":"es_ES"}},"Offers":{"Summaries":[{"Condition":{"Value":"New"},"LowestPrice":{"Amount":34.95,"Currency":"EUR","DisplayAmount":"34,95 € (34,95 € / l)","PricePerUnit":34.95}}]}},{"ASIN":"B005EBNZTI","DetailPageURL":"https://www.amazon.es/dp/B005EBNZTI?tag=topinalambricos-21&linkCode=osi&th=1&psc=1","Images":{"Primary":{"Small":{"Height":75,"URL":"https://m.media-amazon.com/images/I/41MKOfJ00uL._SL75_.jpg","Width":75}}},"ItemInfo":{"ByLineInfo":{"Brand":{"DisplayValue":"Renapur","Label":"Brand","Locale":"es_ES"},"Manufacturer":{"DisplayValue":"Renapur Ltd","Label":"Manufacturer","Locale":"es_ES"}},"Title":{"DisplayValue":"Bálsamo de cuero, bálsamo natural, acondicionador y restaurador Renapur (200ml + esponja aplicadora)","Label":"Title","Locale":"es_ES"}},"Offers":{"Summaries":[{"Condition":{"Value":"New"},"LowestPrice":{"Amount":17.5,"Currency":"EUR","DisplayAmount":"17,50 €"}}]}},{"ASIN":"B01M0E5OC6","DetailPageURL":"https://www.amazon.es/dp/B01M0E5OC6?tag=topinalambricos-21&linkCode=osi&th=1&psc=1","Images":{"Primary":{"Small":{"Height":75,"URL":"https://m.media-amazon.com/images/I/31aqST56JDL._SL75_.jpg","Width":75}}},"ItemInfo":{"ByLineInfo":{"Brand":{"DisplayValue":"QM Cleaner","Label":"Brand","Locale":"es_ES"},"Manufacturer":{"DisplayValue":"QM Cleaner","Label":"Manufacturer","Locale":"es_ES"}},"Title":{"DisplayValue":"QM Cleaner LEATHER | Limpiador para cuero, piel y polipiel - Ideal para sillones, tapicerías de vehículos y complementos (Bolsos, chaquetas...) - 500ml","Label":"Title","Locale":"es_ES"}},"Offers":{"Summaries":[{"Condition":{"Value":"New"},"LowestPrice":{"Amount":15.99,"Currency":"EUR","DisplayAmount":"15,99 €"}}]}}],"SearchURL":"https://www.amazon.es/s?k=limpiar+cuero&rh=n%3A2424866031%2Cp_n_availability%3A-1&tag=topinalambricos-21&linkCode=osi","TotalResultCount":743}},"56":{"SearchResult":{"Items":[{"ASIN":"B07SL4WY1W","DetailPageURL":"https://www.amazon.es/dp/B07SL4WY1W?tag=topinalambricos-21&linkCode=osi&th=1&psc=1","Images":{"Primary":{"Small":{"Height":75,"URL":"https://m.media-amazon.com/images/I/4150jn7SysL._SL75_.jpg","Width":75}}},"ItemInfo":{"ByLineInfo":{"Brand":{"DisplayValue":"Maddox Detail","Label":"Brand","Locale":"es_ES"},"Manufacturer":{"DisplayValue":"Maddox Automoción SL","Label":"Manufacturer","Locale":"es_ES"}},"Title":{"DisplayValue":"Maddox Detail - Leather Detailer 500 ml | Limpiador y Acondicionador de Cuero | Limpieza Profunda para Coche y Sofá | Tratamiento de Piel | Elimina Suciedad y Manchas | Restaura Asientos","Label":"Title","Locale":"es_ES"}},"Offers":{"Summaries":[{"Condition":{"Value":"New"},"LowestPrice":{"Amount":12.9,"Currency":"EUR","DisplayAmount":"12,90 € (25,80 € / l)","PricePerUnit":25.8}}]}},{"ASIN":"B007DJ566O","DetailPageURL":"https://www.amazon.es/dp/B007DJ566O?tag=topinalambricos-21&linkCode=osi&th=1&psc=1","Images":{"Primary":{"Small":{"Height":75,"URL":"https://m.media-amazon.com/images/I/41Arv3FwqYL._SL75_.jpg","Width":75}}},"ItemInfo":{"ByLineInfo":{"Brand":{"DisplayValue":"DELARA","Label":"Brand","Locale":"es_ES"},"Manufacturer":{"DisplayValue":"DELARA","Label":"Manufacturer","Locale":"es_ES"}},"Title":{"DisplayValue":"DELARA Protector intensivo de cuero 100 ml, color: incoloro – Made in Germany","Label":"Title","Locale":"es_ES"}},"Offers":{"Summaries":[{"Condition":{"Value":"New"},"LowestPrice":{"Amount":10.99,"Currency":"EUR","DisplayAmount":"10,99 €"}}]}},{"ASIN":"B0BNZ6LN98","DetailPageURL":"https://www.amazon.es/dp/B0BNZ6LN98?tag=topinalambricos-21&linkCode=osi&th=1&psc=1","Images":{"Primary":{"Small":{"Height":75,"URL":"https://m.media-amazon.com/images/I/41FW8HzHpVL._SL75_.jpg","Width":75}}},"ItemInfo":{"ByLineInfo":{"Brand":{"DisplayValue":"GxDetail","Label":"Brand","Locale":"es_ES"},"Manufacturer":{"DisplayValue":"GxDetail","Label":"Manufacturer","Locale":"es_ES"}},"Title":{"DisplayValue":"GxDetail Limpiador de Cuero y Piel - Limpia, protege y ayuda a mantener las superficies nuevas - Limpiador de Asientos de coche de Cuero - Leather Cleaner (500 ml.)","Label":"Title","Locale":"es_ES"}},"Offers":{"Summaries":[{"Condition":{"Value":"New"},"LowestPrice":{"Amount":10.99,"Currency":"EUR","DisplayAmount":"10,99 € (21,98 € / l)","PricePerUnit":21.98}}]}},{"ASIN":"B07JWHH61W","DetailPageURL":"https://www.amazon.es/dp/B07JWHH61W?tag=topinalambricos-21&linkCode=osi&th=1&psc=1","Images":{"Primary":{"Small":{"Height":75,"URL":"https://m.media-amazon.com/images/I/51mbQkPkmeL._SL75_.jpg","Width":75}}},"ItemInfo":{"ByLineInfo":{"Brand":{"DisplayValue":"Maddox Detail","Label":"Brand","Locale":"es_ES"},"Manufacturer":{"DisplayValue":"Maddox Automoción","Label":"Manufacturer","Locale":"es_ES"}},"Title":{"DisplayValue":"Maddox Detail - Leather Care Kit 500ml | Limpiador y Acondicionador de Cuero y Piel | Incluye Microfibra | Kit Limpiador de Tapicería de Coche","Label":"Title","Locale":"es_ES"}},"Offers":{"Summaries":[{"Condition":{"Value":"New"},"LowestPrice":{"Amount":26.5,"Currency":"EUR","DisplayAmount":"26,50 € (26,50 € / l)","PricePerUnit":26.5}}]}},{"ASIN":"B07K9XPXF8","DetailPageURL":"https://www.amazon.es/dp/B07K9XPXF8?tag=topinalambricos-21&linkCode=osi&th=1&psc=1","Images":{"Primary":{"Small":{"Height":75,"URL":"https://m.media-amazon.com/images/I/41IdIjP7B3L._SL75_.jpg","Width":75}}},"ItemInfo":{"ByLineInfo":{"Brand":{"DisplayValue":"QM Cleaner","Label":"Brand","Locale":"es_ES"},"Manufacturer":{"DisplayValue":"QM Cleaner","Label":"Manufacturer","Locale":"es_ES"}},"Title":{"DisplayValue":"QM Cleaner Limpieza e hidratación Cuero. Cuidado y Limpieza de la tapicería del Coche, sillones Sofa de Cuero. Limpia e hidrata (Kit Leather)","Label":"Title","Locale":"es_ES"}},"Offers":{"Summaries":[{"Condition":{"Value":"New"},"LowestPrice":{"Amount":28.49,"Currency":"EUR","DisplayAmount":"28,49 €"}}]}},{"ASIN":"B0BHT8LCCP","DetailPageURL":"https://www.amazon.es/dp/B0BHT8LCCP?tag=topinalambricos-21&linkCode=osi&th=1&psc=1","Images":{"Primary":{"Small":{"Height":75,"URL":"https://m.media-amazon.com/images/I/31vFEUUo0OL._SL75_.jpg","Width":75}}},"ItemInfo":{"ByLineInfo":{"Brand":{"DisplayValue":"LAAV","Label":"Brand","Locale":"es_ES"},"Manufacturer":{"DisplayValue":"CSG Sp. z o.o.","Label":"Manufacturer","Locale":"es_ES"}},"Title":{"DisplayValue":"LAAV Limpiador Cuero Leather Cleaner (250 ml) I Elimina la Suciedad y Las Manchas, no Seca I Limpiador Tapiceria Coche I Producto de Limpieza Ecológico para Todos los Productos de Piel","Label":"Title","Locale":"es_ES"}},"Offers":{"Summaries":[{"Condition":{"Value":"New"},"LowestPrice":{"Amount":6.9,"Currency":"EUR","DisplayAmount":"6,90 € (27,60 € / l)","PricePerUnit":27.6}}]}},{"ASIN":"B074KKZVMF","DetailPageURL":"https://www.amazon.es/dp/B074KKZVMF?tag=topinalambricos-21&linkCode=osi&th=1&psc=1","Images":{"Primary":{"Small":{"Height":75,"URL":"https://m.media-amazon.com/images/I/410nKkuP99L._SL75_.jpg","Width":75}}},"ItemInfo":{"ByLineInfo":{"Brand":{"DisplayValue":"Maddox Detail","Label":"Brand","Locale":"es_ES"},"Manufacturer":{"DisplayValue":"Maddox Automocion Sl","Label":"Manufacturer","Locale":"es_ES"}},"Title":{"DisplayValue":"Maddox Detail - Leather Conditioner 500ml | Hidratante y Tratamiento Cuero Coche | Limpiador Asientos de Cuero y Piel, Negro","Label":"Title","Locale":"es_ES"}},"Offers":{"Summaries":[{"Condition":{"Value":"New"},"LowestPrice":{"Amount":14.9,"Currency":"EUR","DisplayAmount":"14,90 € (29,80 € / l)","PricePerUnit":29.8}}]}},{"ASIN":"B0BPN5PWY3","DetailPageURL":"https://www.amazon.es/dp/B0BPN5PWY3?tag=topinalambricos-21&linkCode=osi&th=1&psc=1","Images":{"Primary":{"Small":{"Height":75,"URL":"https://m.media-amazon.com/images/I/511GOk2abCL._SL75_.jpg","Width":75}}},"ItemInfo":{"ByLineInfo":{"Brand":{"DisplayValue":"GxDetail","Label":"Brand","Locale":"es_ES"},"Manufacturer":{"DisplayValue":"GxDetail","Label":"Manufacturer","Locale":"es_ES"}},"Title":{"DisplayValue":"GxDetail Pack Cuidado Cuero - Kit Limpieza e Hidratación para Cuero Coche Gx Detail - Kit Con Accesorios y Limpiador de Asientos de Cuero - Limpia Asientos Tapicerias Piel y Cuero de Coche...","Label":"Title","Locale":"es_ES"}},"Offers":{"Summaries":[{"Condition":{"Value":"New"},"LowestPrice":{"Amount":34.95,"Currency":"EUR","DisplayAmount":"34,95 € (34,95 € / l)","PricePerUnit":34.95}}]}},{"ASIN":"B005EBNZTI","DetailPageURL":"https://www.amazon.es/dp/B005EBNZTI?tag=topinalambricos-21&linkCode=osi&th=1&psc=1","Images":{"Primary":{"Small":{"Height":75,"URL":"https://m.media-amazon.com/images/I/41MKOfJ00uL._SL75_.jpg","Width":75}}},"ItemInfo":{"ByLineInfo":{"Brand":{"DisplayValue":"Renapur","Label":"Brand","Locale":"es_ES"},"Manufacturer":{"DisplayValue":"Renapur Ltd","Label":"Manufacturer","Locale":"es_ES"}},"Title":{"DisplayValue":"Bálsamo de cuero, bálsamo natural, acondicionador y restaurador Renapur (200ml + esponja aplicadora)","Label":"Title","Locale":"es_ES"}},"Offers":{"Summaries":[{"Condition":{"Value":"New"},"LowestPrice":{"Amount":17.5,"Currency":"EUR","DisplayAmount":"17,50 €"}}]}},{"ASIN":"B01M0E5OC6","DetailPageURL":"https://www.amazon.es/dp/B01M0E5OC6?tag=topinalambricos-21&linkCode=osi&th=1&psc=1","Images":{"Primary":{"Small":{"Height":75,"URL":"https://m.media-amazon.com/images/I/31aqST56JDL._SL75_.jpg","Width":75}}},"ItemInfo":{"ByLineInfo":{"Brand":{"DisplayValue":"QM Cleaner","Label":"Brand","Locale":"es_ES"},"Manufacturer":{"DisplayValue":"QM Cleaner","Label":"Manufacturer","Locale":"es_ES"}},"Title":{"DisplayValue":"QM Cleaner LEATHER | Limpiador para cuero, piel y polipiel - Ideal para sillones, tapicerías de vehículos y complementos (Bolsos, chaquetas...) - 500ml","Label":"Title","Locale":"es_ES"}},"Offers":{"Summaries":[{"Condition":{"Value":"New"},"LowestPrice":{"Amount":15.99,"Currency":"EUR","DisplayAmount":"15,99 €"}}]}}],"SearchURL":"https://www.amazon.es/s?k=limpiar+cuero&rh=n%3A2424866031%2Cp_n_availability%3A-1&tag=topinalambricos-21&linkCode=osi","TotalResultCount":743}},"57":{"SearchResult":{"Items":[{"ASIN":"B07SL4WY1W","DetailPageURL":"https://www.amazon.es/dp/B07SL4WY1W?tag=topinalambricos-21&linkCode=osi&th=1&psc=1","Images":{"Primary":{"Small":{"Height":75,"URL":"https://m.media-amazon.com/images/I/4150jn7SysL._SL75_.jpg","Width":75}}},"ItemInfo":{"ByLineInfo":{"Brand":{"DisplayValue":"Maddox Detail","Label":"Brand","Locale":"es_ES"},"Manufacturer":{"DisplayValue":"Maddox Automoción SL","Label":"Manufacturer","Locale":"es_ES"}},"Title":{"DisplayValue":"Maddox Detail - Leather Detailer 500 ml | Limpiador y Acondicionador de Cuero | Limpieza Profunda para Coche y Sofá | Tratamiento de Piel | Elimina Suciedad y Manchas | Restaura Asientos","Label":"Title","Locale":"es_ES"}},"Offers":{"Summaries":[{"Condition":{"Value":"New"},"LowestPrice":{"Amount":12.9,"Currency":"EUR","DisplayAmount":"12,90 € (25,80 € / l)","PricePerUnit":25.8}}]}},{"ASIN":"B007DJ566O","DetailPageURL":"https://www.amazon.es/dp/B007DJ566O?tag=topinalambricos-21&linkCode=osi&th=1&psc=1","Images":{"Primary":{"Small":{"Height":75,"URL":"https://m.media-amazon.com/images/I/41Arv3FwqYL._SL75_.jpg","Width":75}}},"ItemInfo":{"ByLineInfo":{"Brand":{"DisplayValue":"DELARA","Label":"Brand","Locale":"es_ES"},"Manufacturer":{"DisplayValue":"DELARA","Label":"Manufacturer","Locale":"es_ES"}},"Title":{"DisplayValue":"DELARA Protector intensivo de cuero 100 ml, color: incoloro – Made in Germany","Label":"Title","Locale":"es_ES"}},"Offers":{"Summaries":[{"Condition":{"Value":"New"},"LowestPrice":{"Amount":10.99,"Currency":"EUR","DisplayAmount":"10,99 €"}}]}},{"ASIN":"B0BNZ6LN98","DetailPageURL":"https://www.amazon.es/dp/B0BNZ6LN98?tag=topinalambricos-21&linkCode=osi&th=1&psc=1","Images":{"Primary":{"Small":{"Height":75,"URL":"https://m.media-amazon.com/images/I/41FW8HzHpVL._SL75_.jpg","Width":75}}},"ItemInfo":{"ByLineInfo":{"Brand":{"DisplayValue":"GxDetail","Label":"Brand","Locale":"es_ES"},"Manufacturer":{"DisplayValue":"GxDetail","Label":"Manufacturer","Locale":"es_ES"}},"Title":{"DisplayValue":"GxDetail Limpiador de Cuero y Piel - Limpia, protege y ayuda a mantener las superficies nuevas - Limpiador de Asientos de coche de Cuero - Leather Cleaner (500 ml.)","Label":"Title","Locale":"es_ES"}},"Offers":{"Summaries":[{"Condition":{"Value":"New"},"LowestPrice":{"Amount":10.99,"Currency":"EUR","DisplayAmount":"10,99 € (21,98 € / l)","PricePerUnit":21.98}}]}},{"ASIN":"B07JWHH61W","DetailPageURL":"https://www.amazon.es/dp/B07JWHH61W?tag=topinalambricos-21&linkCode=osi&th=1&psc=1","Images":{"Primary":{"Small":{"Height":75,"URL":"https://m.media-amazon.com/images/I/51mbQkPkmeL._SL75_.jpg","Width":75}}},"ItemInfo":{"ByLineInfo":{"Brand":{"DisplayValue":"Maddox Detail","Label":"Brand","Locale":"es_ES"},"Manufacturer":{"DisplayValue":"Maddox Automoción","Label":"Manufacturer","Locale":"es_ES"}},"Title":{"DisplayValue":"Maddox Detail - Leather Care Kit 500ml | Limpiador y Acondicionador de Cuero y Piel | Incluye Microfibra | Kit Limpiador de Tapicería de Coche","Label":"Title","Locale":"es_ES"}},"Offers":{"Summaries":[{"Condition":{"Value":"New"},"LowestPrice":{"Amount":26.5,"Currency":"EUR","DisplayAmount":"26,50 € (26,50 € / l)","PricePerUnit":26.5}}]}},{"ASIN":"B07K9XPXF8","DetailPageURL":"https://www.amazon.es/dp/B07K9XPXF8?tag=topinalambricos-21&linkCode=osi&th=1&psc=1","Images":{"Primary":{"Small":{"Height":75,"URL":"https://m.media-amazon.com/images/I/41IdIjP7B3L._SL75_.jpg","Width":75}}},"ItemInfo":{"ByLineInfo":{"Brand":{"DisplayValue":"QM Cleaner","Label":"Brand","Locale":"es_ES"},"Manufacturer":{"DisplayValue":"QM Cleaner","Label":"Manufacturer","Locale":"es_ES"}},"Title":{"DisplayValue":"QM Cleaner Limpieza e hidratación Cuero. Cuidado y Limpieza de la tapicería del Coche, sillones Sofa de Cuero. Limpia e hidrata (Kit Leather)","Label":"Title","Locale":"es_ES"}},"Offers":{"Summaries":[{"Condition":{"Value":"New"},"LowestPrice":{"Amount":28.49,"Currency":"EUR","DisplayAmount":"28,49 €"}}]}},{"ASIN":"B0BHT8LCCP","DetailPageURL":"https://www.amazon.es/dp/B0BHT8LCCP?tag=topinalambricos-21&linkCode=osi&th=1&psc=1","Images":{"Primary":{"Small":{"Height":75,"URL":"https://m.media-amazon.com/images/I/31vFEUUo0OL._SL75_.jpg","Width":75}}},"ItemInfo":{"ByLineInfo":{"Brand":{"DisplayValue":"LAAV","Label":"Brand","Locale":"es_ES"},"Manufacturer":{"DisplayValue":"CSG Sp. z o.o.","Label":"Manufacturer","Locale":"es_ES"}},"Title":{"DisplayValue":"LAAV Limpiador Cuero Leather Cleaner (250 ml) I Elimina la Suciedad y Las Manchas, no Seca I Limpiador Tapiceria Coche I Producto de Limpieza Ecológico para Todos los Productos de Piel","Label":"Title","Locale":"es_ES"}},"Offers":{"Summaries":[{"Condition":{"Value":"New"},"LowestPrice":{"Amount":6.9,"Currency":"EUR","DisplayAmount":"6,90 € (27,60 € / l)","PricePerUnit":27.6}}]}},{"ASIN":"B074KKZVMF","DetailPageURL":"https://www.amazon.es/dp/B074KKZVMF?tag=topinalambricos-21&linkCode=osi&th=1&psc=1","Images":{"Primary":{"Small":{"Height":75,"URL":"https://m.media-amazon.com/images/I/410nKkuP99L._SL75_.jpg","Width":75}}},"ItemInfo":{"ByLineInfo":{"Brand":{"DisplayValue":"Maddox Detail","Label":"Brand","Locale":"es_ES"},"Manufacturer":{"DisplayValue":"Maddox Automocion Sl","Label":"Manufacturer","Locale":"es_ES"}},"Title":{"DisplayValue":"Maddox Detail - Leather Conditioner 500ml | Hidratante y Tratamiento Cuero Coche | Limpiador Asientos de Cuero y Piel, Negro","Label":"Title","Locale":"es_ES"}},"Offers":{"Summaries":[{"Condition":{"Value":"New"},"LowestPrice":{"Amount":14.9,"Currency":"EUR","DisplayAmount":"14,90 € (29,80 € / l)","PricePerUnit":29.8}}]}},{"ASIN":"B0BPN5PWY3","DetailPageURL":"https://www.amazon.es/dp/B0BPN5PWY3?tag=topinalambricos-21&linkCode=osi&th=1&psc=1","Images":{"Primary":{"Small":{"Height":75,"URL":"https://m.media-amazon.com/images/I/511GOk2abCL._SL75_.jpg","Width":75}}},"ItemInfo":{"ByLineInfo":{"Brand":{"DisplayValue":"GxDetail","Label":"Brand","Locale":"es_ES"},"Manufacturer":{"DisplayValue":"GxDetail","Label":"Manufacturer","Locale":"es_ES"}},"Title":{"DisplayValue":"GxDetail Pack Cuidado Cuero - Kit Limpieza e Hidratación para Cuero Coche Gx Detail - Kit Con Accesorios y Limpiador de Asientos de Cuero - Limpia Asientos Tapicerias Piel y Cuero de Coche...","Label":"Title","Locale":"es_ES"}},"Offers":{"Summaries":[{"Condition":{"Value":"New"},"LowestPrice":{"Amount":34.95,"Currency":"EUR","DisplayAmount":"34,95 € (34,95 € / l)","PricePerUnit":34.95}}]}},{"ASIN":"B005EBNZTI","DetailPageURL":"https://www.amazon.es/dp/B005EBNZTI?tag=topinalambricos-21&linkCode=osi&th=1&psc=1","Images":{"Primary":{"Small":{"Height":75,"URL":"https://m.media-amazon.com/images/I/41MKOfJ00uL._SL75_.jpg","Width":75}}},"ItemInfo":{"ByLineInfo":{"Brand":{"DisplayValue":"Renapur","Label":"Brand","Locale":"es_ES"},"Manufacturer":{"DisplayValue":"Renapur Ltd","Label":"Manufacturer","Locale":"es_ES"}},"Title":{"DisplayValue":"Bálsamo de cuero, bálsamo natural, acondicionador y restaurador Renapur (200ml + esponja aplicadora)","Label":"Title","Locale":"es_ES"}},"Offers":{"Summaries":[{"Condition":{"Value":"New"},"LowestPrice":{"Amount":17.5,"Currency":"EUR","DisplayAmount":"17,50 €"}}]}},{"ASIN":"B01M0E5OC6","DetailPageURL":"https://www.amazon.es/dp/B01M0E5OC6?tag=topinalambricos-21&linkCode=osi&th=1&psc=1","Images":{"Primary":{"Small":{"Height":75,"URL":"https://m.media-amazon.com/images/I/31aqST56JDL._SL75_.jpg","Width":75}}},"ItemInfo":{"ByLineInfo":{"Brand":{"DisplayValue":"QM Cleaner","Label":"Brand","Locale":"es_ES"},"Manufacturer":{"DisplayValue":"QM Cleaner","Label":"Manufacturer","Locale":"es_ES"}},"Title":{"DisplayValue":"QM Cleaner LEATHER | Limpiador para cuero, piel y polipiel - Ideal para sillones, tapicerías de vehículos y complementos (Bolsos, chaquetas...) - 500ml","Label":"Title","Locale":"es_ES"}},"Offers":{"Summaries":[{"Condition":{"Value":"New"},"LowestPrice":{"Amount":15.99,"Currency":"EUR","DisplayAmount":"15,99 €"}}]}}],"SearchURL":"https://www.amazon.es/s?k=limpiar+cuero&rh=n%3A2424866031%2Cp_n_availability%3A-1&tag=topinalambricos-21&linkCode=osi","TotalResultCount":743}},"58":{"SearchResult":{"Items":[{"ASIN":"B07SL4WY1W","DetailPageURL":"https://www.amazon.es/dp/B07SL4WY1W?tag=topinalambricos-21&linkCode=osi&th=1&psc=1","Images":{"Primary":{"Small":{"Height":75,"URL":"https://m.media-amazon.com/images/I/4150jn7SysL._SL75_.jpg","Width":75}}},"ItemInfo":{"ByLineInfo":{"Brand":{"DisplayValue":"Maddox Detail","Label":"Brand","Locale":"es_ES"},"Manufacturer":{"DisplayValue":"Maddox Automoción SL","Label":"Manufacturer","Locale":"es_ES"}},"Title":{"DisplayValue":"Maddox Detail - Leather Detailer 500 ml | Limpiador y Acondicionador de Cuero | Limpieza Profunda para Coche y Sofá | Tratamiento de Piel | Elimina Suciedad y Manchas | Restaura Asientos","Label":"Title","Locale":"es_ES"}},"Offers":{"Summaries":[{"Condition":{"Value":"New"},"LowestPrice":{"Amount":12.9,"Currency":"EUR","DisplayAmount":"12,90 € (25,80 € / l)","PricePerUnit":25.8}}]}},{"ASIN":"B007DJ566O","DetailPageURL":"https://www.amazon.es/dp/B007DJ566O?tag=topinalambricos-21&linkCode=osi&th=1&psc=1","Images":{"Primary":{"Small":{"Height":75,"URL":"https://m.media-amazon.com/images/I/41Arv3FwqYL._SL75_.jpg","Width":75}}},"ItemInfo":{"ByLineInfo":{"Brand":{"DisplayValue":"DELARA","Label":"Brand","Locale":"es_ES"},"Manufacturer":{"DisplayValue":"DELARA","Label":"Manufacturer","Locale":"es_ES"}},"Title":{"DisplayValue":"DELARA Protector intensivo de cuero 100 ml, color: incoloro – Made in Germany","Label":"Title","Locale":"es_ES"}},"Offers":{"Summaries":[{"Condition":{"Value":"New"},"LowestPrice":{"Amount":10.99,"Currency":"EUR","DisplayAmount":"10,99 €"}}]}},{"ASIN":"B0BNZ6LN98","DetailPageURL":"https://www.amazon.es/dp/B0BNZ6LN98?tag=topinalambricos-21&linkCode=osi&th=1&psc=1","Images":{"Primary":{"Small":{"Height":75,"URL":"https://m.media-amazon.com/images/I/41FW8HzHpVL._SL75_.jpg","Width":75}}},"ItemInfo":{"ByLineInfo":{"Brand":{"DisplayValue":"GxDetail","Label":"Brand","Locale":"es_ES"},"Manufacturer":{"DisplayValue":"GxDetail","Label":"Manufacturer","Locale":"es_ES"}},"Title":{"DisplayValue":"GxDetail Limpiador de Cuero y Piel - Limpia, protege y ayuda a mantener las superficies nuevas - Limpiador de Asientos de coche de Cuero - Leather Cleaner (500 ml.)","Label":"Title","Locale":"es_ES"}},"Offers":{"Summaries":[{"Condition":{"Value":"New"},"LowestPrice":{"Amount":10.99,"Currency":"EUR","DisplayAmount":"10,99 € (21,98 € / l)","PricePerUnit":21.98}}]}},{"ASIN":"B07JWHH61W","DetailPageURL":"https://www.amazon.es/dp/B07JWHH61W?tag=topinalambricos-21&linkCode=osi&th=1&psc=1","Images":{"Primary":{"Small":{"Height":75,"URL":"https://m.media-amazon.com/images/I/51mbQkPkmeL._SL75_.jpg","Width":75}}},"ItemInfo":{"ByLineInfo":{"Brand":{"DisplayValue":"Maddox Detail","Label":"Brand","Locale":"es_ES"},"Manufacturer":{"DisplayValue":"Maddox Automoción","Label":"Manufacturer","Locale":"es_ES"}},"Title":{"DisplayValue":"Maddox Detail - Leather Care Kit 500ml | Limpiador y Acondicionador de Cuero y Piel | Incluye Microfibra | Kit Limpiador de Tapicería de Coche","Label":"Title","Locale":"es_ES"}},"Offers":{"Summaries":[{"Condition":{"Value":"New"},"LowestPrice":{"Amount":26.5,"Currency":"EUR","DisplayAmount":"26,50 € (26,50 € / l)","PricePerUnit":26.5}}]}},{"ASIN":"B07K9XPXF8","DetailPageURL":"https://www.amazon.es/dp/B07K9XPXF8?tag=topinalambricos-21&linkCode=osi&th=1&psc=1","Images":{"Primary":{"Small":{"Height":75,"URL":"https://m.media-amazon.com/images/I/41IdIjP7B3L._SL75_.jpg","Width":75}}},"ItemInfo":{"ByLineInfo":{"Brand":{"DisplayValue":"QM Cleaner","Label":"Brand","Locale":"es_ES"},"Manufacturer":{"DisplayValue":"QM Cleaner","Label":"Manufacturer","Locale":"es_ES"}},"Title":{"DisplayValue":"QM Cleaner Limpieza e hidratación Cuero. Cuidado y Limpieza de la tapicería del Coche, sillones Sofa de Cuero. Limpia e hidrata (Kit Leather)","Label":"Title","Locale":"es_ES"}},"Offers":{"Summaries":[{"Condition":{"Value":"New"},"LowestPrice":{"Amount":28.49,"Currency":"EUR","DisplayAmount":"28,49 €"}}]}},{"ASIN":"B0BHT8LCCP","DetailPageURL":"https://www.amazon.es/dp/B0BHT8LCCP?tag=topinalambricos-21&linkCode=osi&th=1&psc=1","Images":{"Primary":{"Small":{"Height":75,"URL":"https://m.media-amazon.com/images/I/31vFEUUo0OL._SL75_.jpg","Width":75}}},"ItemInfo":{"ByLineInfo":{"Brand":{"DisplayValue":"LAAV","Label":"Brand","Locale":"es_ES"},"Manufacturer":{"DisplayValue":"CSG Sp. z o.o.","Label":"Manufacturer","Locale":"es_ES"}},"Title":{"DisplayValue":"LAAV Limpiador Cuero Leather Cleaner (250 ml) I Elimina la Suciedad y Las Manchas, no Seca I Limpiador Tapiceria Coche I Producto de Limpieza Ecológico para Todos los Productos de Piel","Label":"Title","Locale":"es_ES"}},"Offers":{"Summaries":[{"Condition":{"Value":"New"},"LowestPrice":{"Amount":6.9,"Currency":"EUR","DisplayAmount":"6,90 € (27,60 € / l)","PricePerUnit":27.6}}]}},{"ASIN":"B074KKZVMF","DetailPageURL":"https://www.amazon.es/dp/B074KKZVMF?tag=topinalambricos-21&linkCode=osi&th=1&psc=1","Images":{"Primary":{"Small":{"Height":75,"URL":"https://m.media-amazon.com/images/I/410nKkuP99L._SL75_.jpg","Width":75}}},"ItemInfo":{"ByLineInfo":{"Brand":{"DisplayValue":"Maddox Detail","Label":"Brand","Locale":"es_ES"},"Manufacturer":{"DisplayValue":"Maddox Automocion Sl","Label":"Manufacturer","Locale":"es_ES"}},"Title":{"DisplayValue":"Maddox Detail - Leather Conditioner 500ml | Hidratante y Tratamiento Cuero Coche | Limpiador Asientos de Cuero y Piel, Negro","Label":"Title","Locale":"es_ES"}},"Offers":{"Summaries":[{"Condition":{"Value":"New"},"LowestPrice":{"Amount":14.9,"Currency":"EUR","DisplayAmount":"14,90 € (29,80 € / l)","PricePerUnit":29.8}}]}},{"ASIN":"B0BPN5PWY3","DetailPageURL":"https://www.amazon.es/dp/B0BPN5PWY3?tag=topinalambricos-21&linkCode=osi&th=1&psc=1","Images":{"Primary":{"Small":{"Height":75,"URL":"https://m.media-amazon.com/images/I/511GOk2abCL._SL75_.jpg","Width":75}}},"ItemInfo":{"ByLineInfo":{"Brand":{"DisplayValue":"GxDetail","Label":"Brand","Locale":"es_ES"},"Manufacturer":{"DisplayValue":"GxDetail","Label":"Manufacturer","Locale":"es_ES"}},"Title":{"DisplayValue":"GxDetail Pack Cuidado Cuero - Kit Limpieza e Hidratación para Cuero Coche Gx Detail - Kit Con Accesorios y Limpiador de Asientos de Cuero - Limpia Asientos Tapicerias Piel y Cuero de Coche...","Label":"Title","Locale":"es_ES"}},"Offers":{"Summaries":[{"Condition":{"Value":"New"},"LowestPrice":{"Amount":34.95,"Currency":"EUR","DisplayAmount":"34,95 € (34,95 € / l)","PricePerUnit":34.95}}]}},{"ASIN":"B005EBNZTI","DetailPageURL":"https://www.amazon.es/dp/B005EBNZTI?tag=topinalambricos-21&linkCode=osi&th=1&psc=1","Images":{"Primary":{"Small":{"Height":75,"URL":"https://m.media-amazon.com/images/I/41MKOfJ00uL._SL75_.jpg","Width":75}}},"ItemInfo":{"ByLineInfo":{"Brand":{"DisplayValue":"Renapur","Label":"Brand","Locale":"es_ES"},"Manufacturer":{"DisplayValue":"Renapur Ltd","Label":"Manufacturer","Locale":"es_ES"}},"Title":{"DisplayValue":"Bálsamo de cuero, bálsamo natural, acondicionador y restaurador Renapur (200ml + esponja aplicadora)","Label":"Title","Locale":"es_ES"}},"Offers":{"Summaries":[{"Condition":{"Value":"New"},"LowestPrice":{"Amount":17.5,"Currency":"EUR","DisplayAmount":"17,50 €"}}]}},{"ASIN":"B01M0E5OC6","DetailPageURL":"https://www.amazon.es/dp/B01M0E5OC6?tag=topinalambricos-21&linkCode=osi&th=1&psc=1","Images":{"Primary":{"Small":{"Height":75,"URL":"https://m.media-amazon.com/images/I/31aqST56JDL._SL75_.jpg","Width":75}}},"ItemInfo":{"ByLineInfo":{"Brand":{"DisplayValue":"QM Cleaner","Label":"Brand","Locale":"es_ES"},"Manufacturer":{"DisplayValue":"QM Cleaner","Label":"Manufacturer","Locale":"es_ES"}},"Title":{"DisplayValue":"QM Cleaner LEATHER | Limpiador para cuero, piel y polipiel - Ideal para sillones, tapicerías de vehículos y complementos (Bolsos, chaquetas...) - 500ml","Label":"Title","Locale":"es_ES"}},"Offers":{"Summaries":[{"Condition":{"Value":"New"},"LowestPrice":{"Amount":15.99,"Currency":"EUR","DisplayAmount":"15,99 €"}}]}}],"SearchURL":"https://www.amazon.es/s?k=limpiar+cuero&rh=n%3A2424866031%2Cp_n_availability%3A-1&tag=topinalambricos-21&linkCode=osi","TotalResultCount":743}},"59":{"SearchResult":{"Items":[{"ASIN":"B07SL4WY1W","DetailPageURL":"https://www.amazon.es/dp/B07SL4WY1W?tag=topinalambricos-21&linkCode=osi&th=1&psc=1","Images":{"Primary":{"Small":{"Height":75,"URL":"https://m.media-amazon.com/images/I/4150jn7SysL._SL75_.jpg","Width":75}}},"ItemInfo":{"ByLineInfo":{"Brand":{"DisplayValue":"Maddox Detail","Label":"Brand","Locale":"es_ES"},"Manufacturer":{"DisplayValue":"Maddox Automoción SL","Label":"Manufacturer","Locale":"es_ES"}},"Title":{"DisplayValue":"Maddox Detail - Leather Detailer 500 ml | Limpiador y Acondicionador de Cuero | Limpieza Profunda para Coche y Sofá | Tratamiento de Piel | Elimina Suciedad y Manchas | Restaura Asientos","Label":"Title","Locale":"es_ES"}},"Offers":{"Summaries":[{"Condition":{"Value":"New"},"LowestPrice":{"Amount":12.9,"Currency":"EUR","DisplayAmount":"12,90 € (25,80 € / l)","PricePerUnit":25.8}}]}},{"ASIN":"B007DJ566O","DetailPageURL":"https://www.amazon.es/dp/B007DJ566O?tag=topinalambricos-21&linkCode=osi&th=1&psc=1","Images":{"Primary":{"Small":{"Height":75,"URL":"https://m.media-amazon.com/images/I/41Arv3FwqYL._SL75_.jpg","Width":75}}},"ItemInfo":{"ByLineInfo":{"Brand":{"DisplayValue":"DELARA","Label":"Brand","Locale":"es_ES"},"Manufacturer":{"DisplayValue":"DELARA","Label":"Manufacturer","Locale":"es_ES"}},"Title":{"DisplayValue":"DELARA Protector intensivo de cuero 100 ml, color: incoloro – Made in Germany","Label":"Title","Locale":"es_ES"}},"Offers":{"Summaries":[{"Condition":{"Value":"New"},"LowestPrice":{"Amount":10.99,"Currency":"EUR","DisplayAmount":"10,99 €"}}]}},{"ASIN":"B0BNZ6LN98","DetailPageURL":"https://www.amazon.es/dp/B0BNZ6LN98?tag=topinalambricos-21&linkCode=osi&th=1&psc=1","Images":{"Primary":{"Small":{"Height":75,"URL":"https://m.media-amazon.com/images/I/41FW8HzHpVL._SL75_.jpg","Width":75}}},"ItemInfo":{"ByLineInfo":{"Brand":{"DisplayValue":"GxDetail","Label":"Brand","Locale":"es_ES"},"Manufacturer":{"DisplayValue":"GxDetail","Label":"Manufacturer","Locale":"es_ES"}},"Title":{"DisplayValue":"GxDetail Limpiador de Cuero y Piel - Limpia, protege y ayuda a mantener las superficies nuevas - Limpiador de Asientos de coche de Cuero - Leather Cleaner (500 ml.)","Label":"Title","Locale":"es_ES"}},"Offers":{"Summaries":[{"Condition":{"Value":"New"},"LowestPrice":{"Amount":10.99,"Currency":"EUR","DisplayAmount":"10,99 € (21,98 € / l)","PricePerUnit":21.98}}]}},{"ASIN":"B07JWHH61W","DetailPageURL":"https://www.amazon.es/dp/B07JWHH61W?tag=topinalambricos-21&linkCode=osi&th=1&psc=1","Images":{"Primary":{"Small":{"Height":75,"URL":"https://m.media-amazon.com/images/I/51mbQkPkmeL._SL75_.jpg","Width":75}}},"ItemInfo":{"ByLineInfo":{"Brand":{"DisplayValue":"Maddox Detail","Label":"Brand","Locale":"es_ES"},"Manufacturer":{"DisplayValue":"Maddox Automoción","Label":"Manufacturer","Locale":"es_ES"}},"Title":{"DisplayValue":"Maddox Detail - Leather Care Kit 500ml | Limpiador y Acondicionador de Cuero y Piel | Incluye Microfibra | Kit Limpiador de Tapicería de Coche","Label":"Title","Locale":"es_ES"}},"Offers":{"Summaries":[{"Condition":{"Value":"New"},"LowestPrice":{"Amount":26.5,"Currency":"EUR","DisplayAmount":"26,50 € (26,50 € / l)","PricePerUnit":26.5}}]}},{"ASIN":"B07K9XPXF8","DetailPageURL":"https://www.amazon.es/dp/B07K9XPXF8?tag=topinalambricos-21&linkCode=osi&th=1&psc=1","Images":{"Primary":{"Small":{"Height":75,"URL":"https://m.media-amazon.com/images/I/41IdIjP7B3L._SL75_.jpg","Width":75}}},"ItemInfo":{"ByLineInfo":{"Brand":{"DisplayValue":"QM Cleaner","Label":"Brand","Locale":"es_ES"},"Manufacturer":{"DisplayValue":"QM Cleaner","Label":"Manufacturer","Locale":"es_ES"}},"Title":{"DisplayValue":"QM Cleaner Limpieza e hidratación Cuero. Cuidado y Limpieza de la tapicería del Coche, sillones Sofa de Cuero. Limpia e hidrata (Kit Leather)","Label":"Title","Locale":"es_ES"}},"Offers":{"Summaries":[{"Condition":{"Value":"New"},"LowestPrice":{"Amount":28.49,"Currency":"EUR","DisplayAmount":"28,49 €"}}]}},{"ASIN":"B0BHT8LCCP","DetailPageURL":"https://www.amazon.es/dp/B0BHT8LCCP?tag=topinalambricos-21&linkCode=osi&th=1&psc=1","Images":{"Primary":{"Small":{"Height":75,"URL":"https://m.media-amazon.com/images/I/31vFEUUo0OL._SL75_.jpg","Width":75}}},"ItemInfo":{"ByLineInfo":{"Brand":{"DisplayValue":"LAAV","Label":"Brand","Locale":"es_ES"},"Manufacturer":{"DisplayValue":"CSG Sp. z o.o.","Label":"Manufacturer","Locale":"es_ES"}},"Title":{"DisplayValue":"LAAV Limpiador Cuero Leather Cleaner (250 ml) I Elimina la Suciedad y Las Manchas, no Seca I Limpiador Tapiceria Coche I Producto de Limpieza Ecológico para Todos los Productos de Piel","Label":"Title","Locale":"es_ES"}},"Offers":{"Summaries":[{"Condition":{"Value":"New"},"LowestPrice":{"Amount":6.9,"Currency":"EUR","DisplayAmount":"6,90 € (27,60 € / l)","PricePerUnit":27.6}}]}},{"ASIN":"B074KKZVMF","DetailPageURL":"https://www.amazon.es/dp/B074KKZVMF?tag=topinalambricos-21&linkCode=osi&th=1&psc=1","Images":{"Primary":{"Small":{"Height":75,"URL":"https://m.media-amazon.com/images/I/410nKkuP99L._SL75_.jpg","Width":75}}},"ItemInfo":{"ByLineInfo":{"Brand":{"DisplayValue":"Maddox Detail","Label":"Brand","Locale":"es_ES"},"Manufacturer":{"DisplayValue":"Maddox Automocion Sl","Label":"Manufacturer","Locale":"es_ES"}},"Title":{"DisplayValue":"Maddox Detail - Leather Conditioner 500ml | Hidratante y Tratamiento Cuero Coche | Limpiador Asientos de Cuero y Piel, Negro","Label":"Title","Locale":"es_ES"}},"Offers":{"Summaries":[{"Condition":{"Value":"New"},"LowestPrice":{"Amount":14.9,"Currency":"EUR","DisplayAmount":"14,90 € (29,80 € / l)","PricePerUnit":29.8}}]}},{"ASIN":"B0BPN5PWY3","DetailPageURL":"https://www.amazon.es/dp/B0BPN5PWY3?tag=topinalambricos-21&linkCode=osi&th=1&psc=1","Images":{"Primary":{"Small":{"Height":75,"URL":"https://m.media-amazon.com/images/I/511GOk2abCL._SL75_.jpg","Width":75}}},"ItemInfo":{"ByLineInfo":{"Brand":{"DisplayValue":"GxDetail","Label":"Brand","Locale":"es_ES"},"Manufacturer":{"DisplayValue":"GxDetail","Label":"Manufacturer","Locale":"es_ES"}},"Title":{"DisplayValue":"GxDetail Pack Cuidado Cuero - Kit Limpieza e Hidratación para Cuero Coche Gx Detail - Kit Con Accesorios y Limpiador de Asientos de Cuero - Limpia Asientos Tapicerias Piel y Cuero de Coche...","Label":"Title","Locale":"es_ES"}},"Offers":{"Summaries":[{"Condition":{"Value":"New"},"LowestPrice":{"Amount":34.95,"Currency":"EUR","DisplayAmount":"34,95 € (34,95 € / l)","PricePerUnit":34.95}}]}},{"ASIN":"B005EBNZTI","DetailPageURL":"https://www.amazon.es/dp/B005EBNZTI?tag=topinalambricos-21&linkCode=osi&th=1&psc=1","Images":{"Primary":{"Small":{"Height":75,"URL":"https://m.media-amazon.com/images/I/41MKOfJ00uL._SL75_.jpg","Width":75}}},"ItemInfo":{"ByLineInfo":{"Brand":{"DisplayValue":"Renapur","Label":"Brand","Locale":"es_ES"},"Manufacturer":{"DisplayValue":"Renapur Ltd","Label":"Manufacturer","Locale":"es_ES"}},"Title":{"DisplayValue":"Bálsamo de cuero, bálsamo natural, acondicionador y restaurador Renapur (200ml + esponja aplicadora)","Label":"Title","Locale":"es_ES"}},"Offers":{"Summaries":[{"Condition":{"Value":"New"},"LowestPrice":{"Amount":17.5,"Currency":"EUR","DisplayAmount":"17,50 €"}}]}},{"ASIN":"B01M0E5OC6","DetailPageURL":"https://www.amazon.es/dp/B01M0E5OC6?tag=topinalambricos-21&linkCode=osi&th=1&psc=1","Images":{"Primary":{"Small":{"Height":75,"URL":"https://m.media-amazon.com/images/I/31aqST56JDL._SL75_.jpg","Width":75}}},"ItemInfo":{"ByLineInfo":{"Brand":{"DisplayValue":"QM Cleaner","Label":"Brand","Locale":"es_ES"},"Manufacturer":{"DisplayValue":"QM Cleaner","Label":"Manufacturer","Locale":"es_ES"}},"Title":{"DisplayValue":"QM Cleaner LEATHER | Limpiador para cuero, piel y polipiel - Ideal para sillones, tapicerías de vehículos y complementos (Bolsos, chaquetas...) - 500ml","Label":"Title","Locale":"es_ES"}},"Offers":{"Summaries":[{"Condition":{"Value":"New"},"LowestPrice":{"Amount":15.99,"Currency":"EUR","DisplayAmount":"15,99 €"}}]}}],"SearchURL":"https://www.amazon.es/s?k=limpiar+cuero&rh=n%3A2424866031%2Cp_n_availability%3A-1&tag=topinalambricos-21&linkCode=osi","TotalResultCount":743}},"60":{"SearchResult":{"Items":[{"ASIN":"B07SL4WY1W","DetailPageURL":"https://www.amazon.es/dp/B07SL4WY1W?tag=topinalambricos-21&linkCode=osi&th=1&psc=1","Images":{"Primary":{"Small":{"Height":75,"URL":"https://m.media-amazon.com/images/I/4150jn7SysL._SL75_.jpg","Width":75}}},"ItemInfo":{"ByLineInfo":{"Brand":{"DisplayValue":"Maddox Detail","Label":"Brand","Locale":"es_ES"},"Manufacturer":{"DisplayValue":"Maddox Automoción SL","Label":"Manufacturer","Locale":"es_ES"}},"Title":{"DisplayValue":"Maddox Detail - Leather Detailer 500 ml | Limpiador y Acondicionador de Cuero | Limpieza Profunda para Coche y Sofá | Tratamiento de Piel | Elimina Suciedad y Manchas | Restaura Asientos","Label":"Title","Locale":"es_ES"}},"Offers":{"Summaries":[{"Condition":{"Value":"New"},"LowestPrice":{"Amount":12.9,"Currency":"EUR","DisplayAmount":"12,90 € (25,80 € / l)","PricePerUnit":25.8}}]}},{"ASIN":"B007DJ566O","DetailPageURL":"https://www.amazon.es/dp/B007DJ566O?tag=topinalambricos-21&linkCode=osi&th=1&psc=1","Images":{"Primary":{"Small":{"Height":75,"URL":"https://m.media-amazon.com/images/I/41Arv3FwqYL._SL75_.jpg","Width":75}}},"ItemInfo":{"ByLineInfo":{"Brand":{"DisplayValue":"DELARA","Label":"Brand","Locale":"es_ES"},"Manufacturer":{"DisplayValue":"DELARA","Label":"Manufacturer","Locale":"es_ES"}},"Title":{"DisplayValue":"DELARA Protector intensivo de cuero 100 ml, color: incoloro – Made in Germany","Label":"Title","Locale":"es_ES"}},"Offers":{"Summaries":[{"Condition":{"Value":"New"},"LowestPrice":{"Amount":10.99,"Currency":"EUR","DisplayAmount":"10,99 €"}}]}},{"ASIN":"B0BNZ6LN98","DetailPageURL":"https://www.amazon.es/dp/B0BNZ6LN98?tag=topinalambricos-21&linkCode=osi&th=1&psc=1","Images":{"Primary":{"Small":{"Height":75,"URL":"https://m.media-amazon.com/images/I/41FW8HzHpVL._SL75_.jpg","Width":75}}},"ItemInfo":{"ByLineInfo":{"Brand":{"DisplayValue":"GxDetail","Label":"Brand","Locale":"es_ES"},"Manufacturer":{"DisplayValue":"GxDetail","Label":"Manufacturer","Locale":"es_ES"}},"Title":{"DisplayValue":"GxDetail Limpiador de Cuero y Piel - Limpia, protege y ayuda a mantener las superficies nuevas - Limpiador de Asientos de coche de Cuero - Leather Cleaner (500 ml.)","Label":"Title","Locale":"es_ES"}},"Offers":{"Summaries":[{"Condition":{"Value":"New"},"LowestPrice":{"Amount":10.99,"Currency":"EUR","DisplayAmount":"10,99 € (21,98 € / l)","PricePerUnit":21.98}}]}},{"ASIN":"B07JWHH61W","DetailPageURL":"https://www.amazon.es/dp/B07JWHH61W?tag=topinalambricos-21&linkCode=osi&th=1&psc=1","Images":{"Primary":{"Small":{"Height":75,"URL":"https://m.media-amazon.com/images/I/51mbQkPkmeL._SL75_.jpg","Width":75}}},"ItemInfo":{"ByLineInfo":{"Brand":{"DisplayValue":"Maddox Detail","Label":"Brand","Locale":"es_ES"},"Manufacturer":{"DisplayValue":"Maddox Automoción","Label":"Manufacturer","Locale":"es_ES"}},"Title":{"DisplayValue":"Maddox Detail - Leather Care Kit 500ml | Limpiador y Acondicionador de Cuero y Piel | Incluye Microfibra | Kit Limpiador de Tapicería de Coche","Label":"Title","Locale":"es_ES"}},"Offers":{"Summaries":[{"Condition":{"Value":"New"},"LowestPrice":{"Amount":26.5,"Currency":"EUR","DisplayAmount":"26,50 € (26,50 € / l)","PricePerUnit":26.5}}]}},{"ASIN":"B07K9XPXF8","DetailPageURL":"https://www.amazon.es/dp/B07K9XPXF8?tag=topinalambricos-21&linkCode=osi&th=1&psc=1","Images":{"Primary":{"Small":{"Height":75,"URL":"https://m.media-amazon.com/images/I/41IdIjP7B3L._SL75_.jpg","Width":75}}},"ItemInfo":{"ByLineInfo":{"Brand":{"DisplayValue":"QM Cleaner","Label":"Brand","Locale":"es_ES"},"Manufacturer":{"DisplayValue":"QM Cleaner","Label":"Manufacturer","Locale":"es_ES"}},"Title":{"DisplayValue":"QM Cleaner Limpieza e hidratación Cuero. Cuidado y Limpieza de la tapicería del Coche, sillones Sofa de Cuero. Limpia e hidrata (Kit Leather)","Label":"Title","Locale":"es_ES"}},"Offers":{"Summaries":[{"Condition":{"Value":"New"},"LowestPrice":{"Amount":28.49,"Currency":"EUR","DisplayAmount":"28,49 €"}}]}},{"ASIN":"B0BHT8LCCP","DetailPageURL":"https://www.amazon.es/dp/B0BHT8LCCP?tag=topinalambricos-21&linkCode=osi&th=1&psc=1","Images":{"Primary":{"Small":{"Height":75,"URL":"https://m.media-amazon.com/images/I/31vFEUUo0OL._SL75_.jpg","Width":75}}},"ItemInfo":{"ByLineInfo":{"Brand":{"DisplayValue":"LAAV","Label":"Brand","Locale":"es_ES"},"Manufacturer":{"DisplayValue":"CSG Sp. z o.o.","Label":"Manufacturer","Locale":"es_ES"}},"Title":{"DisplayValue":"LAAV Limpiador Cuero Leather Cleaner (250 ml) I Elimina la Suciedad y Las Manchas, no Seca I Limpiador Tapiceria Coche I Producto de Limpieza Ecológico para Todos los Productos de Piel","Label":"Title","Locale":"es_ES"}},"Offers":{"Summaries":[{"Condition":{"Value":"New"},"LowestPrice":{"Amount":6.9,"Currency":"EUR","DisplayAmount":"6,90 € (27,60 € / l)","PricePerUnit":27.6}}]}},{"ASIN":"B074KKZVMF","DetailPageURL":"https://www.amazon.es/dp/B074KKZVMF?tag=topinalambricos-21&linkCode=osi&th=1&psc=1","Images":{"Primary":{"Small":{"Height":75,"URL":"https://m.media-amazon.com/images/I/410nKkuP99L._SL75_.jpg","Width":75}}},"ItemInfo":{"ByLineInfo":{"Brand":{"DisplayValue":"Maddox Detail","Label":"Brand","Locale":"es_ES"},"Manufacturer":{"DisplayValue":"Maddox Automocion Sl","Label":"Manufacturer","Locale":"es_ES"}},"Title":{"DisplayValue":"Maddox Detail - Leather Conditioner 500ml | Hidratante y Tratamiento Cuero Coche | Limpiador Asientos de Cuero y Piel, Negro","Label":"Title","Locale":"es_ES"}},"Offers":{"Summaries":[{"Condition":{"Value":"New"},"LowestPrice":{"Amount":14.9,"Currency":"EUR","DisplayAmount":"14,90 € (29,80 € / l)","PricePerUnit":29.8}}]}},{"ASIN":"B0BPN5PWY3","DetailPageURL":"https://www.amazon.es/dp/B0BPN5PWY3?tag=topinalambricos-21&linkCode=osi&th=1&psc=1","Images":{"Primary":{"Small":{"Height":75,"URL":"https://m.media-amazon.com/images/I/511GOk2abCL._SL75_.jpg","Width":75}}},"ItemInfo":{"ByLineInfo":{"Brand":{"DisplayValue":"GxDetail","Label":"Brand","Locale":"es_ES"},"Manufacturer":{"DisplayValue":"GxDetail","Label":"Manufacturer","Locale":"es_ES"}},"Title":{"DisplayValue":"GxDetail Pack Cuidado Cuero - Kit Limpieza e Hidratación para Cuero Coche Gx Detail - Kit Con Accesorios y Limpiador de Asientos de Cuero - Limpia Asientos Tapicerias Piel y Cuero de Coche...","Label":"Title","Locale":"es_ES"}},"Offers":{"Summaries":[{"Condition":{"Value":"New"},"LowestPrice":{"Amount":34.95,"Currency":"EUR","DisplayAmount":"34,95 € (34,95 € / l)","PricePerUnit":34.95}}]}},{"ASIN":"B005EBNZTI","DetailPageURL":"https://www.amazon.es/dp/B005EBNZTI?tag=topinalambricos-21&linkCode=osi&th=1&psc=1","Images":{"Primary":{"Small":{"Height":75,"URL":"https://m.media-amazon.com/images/I/41MKOfJ00uL._SL75_.jpg","Width":75}}},"ItemInfo":{"ByLineInfo":{"Brand":{"DisplayValue":"Renapur","Label":"Brand","Locale":"es_ES"},"Manufacturer":{"DisplayValue":"Renapur Ltd","Label":"Manufacturer","Locale":"es_ES"}},"Title":{"DisplayValue":"Bálsamo de cuero, bálsamo natural, acondicionador y restaurador Renapur (200ml + esponja aplicadora)","Label":"Title","Locale":"es_ES"}},"Offers":{"Summaries":[{"Condition":{"Value":"New"},"LowestPrice":{"Amount":17.5,"Currency":"EUR","DisplayAmount":"17,50 €"}}]}},{"ASIN":"B01M0E5OC6","DetailPageURL":"https://www.amazon.es/dp/B01M0E5OC6?tag=topinalambricos-21&linkCode=osi&th=1&psc=1","Images":{"Primary":{"Small":{"Height":75,"URL":"https://m.media-amazon.com/images/I/31aqST56JDL._SL75_.jpg","Width":75}}},"ItemInfo":{"ByLineInfo":{"Brand":{"DisplayValue":"QM Cleaner","Label":"Brand","Locale":"es_ES"},"Manufacturer":{"DisplayValue":"QM Cleaner","Label":"Manufacturer","Locale":"es_ES"}},"Title":{"DisplayValue":"QM Cleaner LEATHER | Limpiador para cuero, piel y polipiel - Ideal para sillones, tapicerías de vehículos y complementos (Bolsos, chaquetas...) - 500ml","Label":"Title","Locale":"es_ES"}},"Offers":{"Summaries":[{"Condition":{"Value":"New"},"LowestPrice":{"Amount":15.99,"Currency":"EUR","DisplayAmount":"15,99 €"}}]}}],"SearchURL":"https://www.amazon.es/s?k=limpiar+cuero&rh=n%3A2424866031%2Cp_n_availability%3A-1&tag=topinalambricos-21&linkCode=osi","TotalResultCount":743}},"61":{"SearchResult":{"Items":[{"ASIN":"B07SL4WY1W","DetailPageURL":"https://www.amazon.es/dp/B07SL4WY1W?tag=topinalambricos-21&linkCode=osi&th=1&psc=1","Images":{"Primary":{"Small":{"Height":75,"URL":"https://m.media-amazon.com/images/I/4150jn7SysL._SL75_.jpg","Width":75}}},"ItemInfo":{"ByLineInfo":{"Brand":{"DisplayValue":"Maddox Detail","Label":"Brand","Locale":"es_ES"},"Manufacturer":{"DisplayValue":"Maddox Automoción SL","Label":"Manufacturer","Locale":"es_ES"}},"Title":{"DisplayValue":"Maddox Detail - Leather Detailer 500 ml | Limpiador y Acondicionador de Cuero | Limpieza Profunda para Coche y Sofá | Tratamiento de Piel | Elimina Suciedad y Manchas | Restaura Asientos","Label":"Title","Locale":"es_ES"}},"Offers":{"Summaries":[{"Condition":{"Value":"New"},"LowestPrice":{"Amount":12.9,"Currency":"EUR","DisplayAmount":"12,90 € (25,80 € / l)","PricePerUnit":25.8}}]}},{"ASIN":"B007DJ566O","DetailPageURL":"https://www.amazon.es/dp/B007DJ566O?tag=topinalambricos-21&linkCode=osi&th=1&psc=1","Images":{"Primary":{"Small":{"Height":75,"URL":"https://m.media-amazon.com/images/I/41Arv3FwqYL._SL75_.jpg","Width":75}}},"ItemInfo":{"ByLineInfo":{"Brand":{"DisplayValue":"DELARA","Label":"Brand","Locale":"es_ES"},"Manufacturer":{"DisplayValue":"DELARA","Label":"Manufacturer","Locale":"es_ES"}},"Title":{"DisplayValue":"DELARA Protector intensivo de cuero 100 ml, color: incoloro – Made in Germany","Label":"Title","Locale":"es_ES"}},"Offers":{"Summaries":[{"Condition":{"Value":"New"},"LowestPrice":{"Amount":10.99,"Currency":"EUR","DisplayAmount":"10,99 €"}}]}},{"ASIN":"B0BNZ6LN98","DetailPageURL":"https://www.amazon.es/dp/B0BNZ6LN98?tag=topinalambricos-21&linkCode=osi&th=1&psc=1","Images":{"Primary":{"Small":{"Height":75,"URL":"https://m.media-amazon.com/images/I/41FW8HzHpVL._SL75_.jpg","Width":75}}},"ItemInfo":{"ByLineInfo":{"Brand":{"DisplayValue":"GxDetail","Label":"Brand","Locale":"es_ES"},"Manufacturer":{"DisplayValue":"GxDetail","Label":"Manufacturer","Locale":"es_ES"}},"Title":{"DisplayValue":"GxDetail Limpiador de Cuero y Piel - Limpia, protege y ayuda a mantener las superficies nuevas - Limpiador de Asientos de coche de Cuero - Leather Cleaner (500 ml.)","Label":"Title","Locale":"es_ES"}},"Offers":{"Summaries":[{"Condition":{"Value":"New"},"LowestPrice":{"Amount":10.99,"Currency":"EUR","DisplayAmount":"10,99 € (21,98 € / l)","PricePerUnit":21.98}}]}},{"ASIN":"B07JWHH61W","DetailPageURL":"https://www.amazon.es/dp/B07JWHH61W?tag=topinalambricos-21&linkCode=osi&th=1&psc=1","Images":{"Primary":{"Small":{"Height":75,"URL":"https://m.media-amazon.com/images/I/51mbQkPkmeL._SL75_.jpg","Width":75}}},"ItemInfo":{"ByLineInfo":{"Brand":{"DisplayValue":"Maddox Detail","Label":"Brand","Locale":"es_ES"},"Manufacturer":{"DisplayValue":"Maddox Automoción","Label":"Manufacturer","Locale":"es_ES"}},"Title":{"DisplayValue":"Maddox Detail - Leather Care Kit 500ml | Limpiador y Acondicionador de Cuero y Piel | Incluye Microfibra | Kit Limpiador de Tapicería de Coche","Label":"Title","Locale":"es_ES"}},"Offers":{"Summaries":[{"Condition":{"Value":"New"},"LowestPrice":{"Amount":26.5,"Currency":"EUR","DisplayAmount":"26,50 € (26,50 € / l)","PricePerUnit":26.5}}]}},{"ASIN":"B07K9XPXF8","DetailPageURL":"https://www.amazon.es/dp/B07K9XPXF8?tag=topinalambricos-21&linkCode=osi&th=1&psc=1","Images":{"Primary":{"Small":{"Height":75,"URL":"https://m.media-amazon.com/images/I/41IdIjP7B3L._SL75_.jpg","Width":75}}},"ItemInfo":{"ByLineInfo":{"Brand":{"DisplayValue":"QM Cleaner","Label":"Brand","Locale":"es_ES"},"Manufacturer":{"DisplayValue":"QM Cleaner","Label":"Manufacturer","Locale":"es_ES"}},"Title":{"DisplayValue":"QM Cleaner Limpieza e hidratación Cuero. Cuidado y Limpieza de la tapicería del Coche, sillones Sofa de Cuero. Limpia e hidrata (Kit Leather)","Label":"Title","Locale":"es_ES"}},"Offers":{"Summaries":[{"Condition":{"Value":"New"},"LowestPrice":{"Amount":28.49,"Currency":"EUR","DisplayAmount":"28,49 €"}}]}},{"ASIN":"B0BHT8LCCP","DetailPageURL":"https://www.amazon.es/dp/B0BHT8LCCP?tag=topinalambricos-21&linkCode=osi&th=1&psc=1","Images":{"Primary":{"Small":{"Height":75,"URL":"https://m.media-amazon.com/images/I/31vFEUUo0OL._SL75_.jpg","Width":75}}},"ItemInfo":{"ByLineInfo":{"Brand":{"DisplayValue":"LAAV","Label":"Brand","Locale":"es_ES"},"Manufacturer":{"DisplayValue":"CSG Sp. z o.o.","Label":"Manufacturer","Locale":"es_ES"}},"Title":{"DisplayValue":"LAAV Limpiador Cuero Leather Cleaner (250 ml) I Elimina la Suciedad y Las Manchas, no Seca I Limpiador Tapiceria Coche I Producto de Limpieza Ecológico para Todos los Productos de Piel","Label":"Title","Locale":"es_ES"}},"Offers":{"Summaries":[{"Condition":{"Value":"New"},"LowestPrice":{"Amount":6.9,"Currency":"EUR","DisplayAmount":"6,90 € (27,60 € / l)","PricePerUnit":27.6}}]}},{"ASIN":"B074KKZVMF","DetailPageURL":"https://www.amazon.es/dp/B074KKZVMF?tag=topinalambricos-21&linkCode=osi&th=1&psc=1","Images":{"Primary":{"Small":{"Height":75,"URL":"https://m.media-amazon.com/images/I/410nKkuP99L._SL75_.jpg","Width":75}}},"ItemInfo":{"ByLineInfo":{"Brand":{"DisplayValue":"Maddox Detail","Label":"Brand","Locale":"es_ES"},"Manufacturer":{"DisplayValue":"Maddox Automocion Sl","Label":"Manufacturer","Locale":"es_ES"}},"Title":{"DisplayValue":"Maddox Detail - Leather Conditioner 500ml | Hidratante y Tratamiento Cuero Coche | Limpiador Asientos de Cuero y Piel, Negro","Label":"Title","Locale":"es_ES"}},"Offers":{"Summaries":[{"Condition":{"Value":"New"},"LowestPrice":{"Amount":14.9,"Currency":"EUR","DisplayAmount":"14,90 € (29,80 € / l)","PricePerUnit":29.8}}]}},{"ASIN":"B0BPN5PWY3","DetailPageURL":"https://www.amazon.es/dp/B0BPN5PWY3?tag=topinalambricos-21&linkCode=osi&th=1&psc=1","Images":{"Primary":{"Small":{"Height":75,"URL":"https://m.media-amazon.com/images/I/511GOk2abCL._SL75_.jpg","Width":75}}},"ItemInfo":{"ByLineInfo":{"Brand":{"DisplayValue":"GxDetail","Label":"Brand","Locale":"es_ES"},"Manufacturer":{"DisplayValue":"GxDetail","Label":"Manufacturer","Locale":"es_ES"}},"Title":{"DisplayValue":"GxDetail Pack Cuidado Cuero - Kit Limpieza e Hidratación para Cuero Coche Gx Detail - Kit Con Accesorios y Limpiador de Asientos de Cuero - Limpia Asientos Tapicerias Piel y Cuero de Coche...","Label":"Title","Locale":"es_ES"}},"Offers":{"Summaries":[{"Condition":{"Value":"New"},"LowestPrice":{"Amount":34.95,"Currency":"EUR","DisplayAmount":"34,95 € (34,95 € / l)","PricePerUnit":34.95}}]}},{"ASIN":"B005EBNZTI","DetailPageURL":"https://www.amazon.es/dp/B005EBNZTI?tag=topinalambricos-21&linkCode=osi&th=1&psc=1","Images":{"Primary":{"Small":{"Height":75,"URL":"https://m.media-amazon.com/images/I/41MKOfJ00uL._SL75_.jpg","Width":75}}},"ItemInfo":{"ByLineInfo":{"Brand":{"DisplayValue":"Renapur","Label":"Brand","Locale":"es_ES"},"Manufacturer":{"DisplayValue":"Renapur Ltd","Label":"Manufacturer","Locale":"es_ES"}},"Title":{"DisplayValue":"Bálsamo de cuero, bálsamo natural, acondicionador y restaurador Renapur (200ml + esponja aplicadora)","Label":"Title","Locale":"es_ES"}},"Offers":{"Summaries":[{"Condition":{"Value":"New"},"LowestPrice":{"Amount":17.5,"Currency":"EUR","DisplayAmount":"17,50 €"}}]}},{"ASIN":"B01M0E5OC6","DetailPageURL":"https://www.amazon.es/dp/B01M0E5OC6?tag=topinalambricos-21&linkCode=osi&th=1&psc=1","Images":{"Primary":{"Small":{"Height":75,"URL":"https://m.media-amazon.com/images/I/31aqST56JDL._SL75_.jpg","Width":75}}},"ItemInfo":{"ByLineInfo":{"Brand":{"DisplayValue":"QM Cleaner","Label":"Brand","Locale":"es_ES"},"Manufacturer":{"DisplayValue":"QM Cleaner","Label":"Manufacturer","Locale":"es_ES"}},"Title":{"DisplayValue":"QM Cleaner LEATHER | Limpiador para cuero, piel y polipiel - Ideal para sillones, tapicerías de vehículos y complementos (Bolsos, chaquetas...) - 500ml","Label":"Title","Locale":"es_ES"}},"Offers":{"Summaries":[{"Condition":{"Value":"New"},"LowestPrice":{"Amount":15.99,"Currency":"EUR","DisplayAmount":"15,99 €"}}]}}],"SearchURL":"https://www.amazon.es/s?k=limpiar+cuero&rh=n%3A2424866031%2Cp_n_availability%3A-1&tag=topinalambricos-21&linkCode=osi","TotalResultCount":743}},"62":{"SearchResult":{"Items":[{"ASIN":"B07SL4WY1W","DetailPageURL":"https://www.amazon.es/dp/B07SL4WY1W?tag=topinalambricos-21&linkCode=osi&th=1&psc=1","Images":{"Primary":{"Small":{"Height":75,"URL":"https://m.media-amazon.com/images/I/4150jn7SysL._SL75_.jpg","Width":75}}},"ItemInfo":{"ByLineInfo":{"Brand":{"DisplayValue":"Maddox Detail","Label":"Brand","Locale":"es_ES"},"Manufacturer":{"DisplayValue":"Maddox Automoción SL","Label":"Manufacturer","Locale":"es_ES"}},"Title":{"DisplayValue":"Maddox Detail - Leather Detailer 500 ml | Limpiador y Acondicionador de Cuero | Limpieza Profunda para Coche y Sofá | Tratamiento de Piel | Elimina Suciedad y Manchas | Restaura Asientos","Label":"Title","Locale":"es_ES"}},"Offers":{"Summaries":[{"Condition":{"Value":"New"},"LowestPrice":{"Amount":12.9,"Currency":"EUR","DisplayAmount":"12,90 € (25,80 € / l)","PricePerUnit":25.8}}]}},{"ASIN":"B007DJ566O","DetailPageURL":"https://www.amazon.es/dp/B007DJ566O?tag=topinalambricos-21&linkCode=osi&th=1&psc=1","Images":{"Primary":{"Small":{"Height":75,"URL":"https://m.media-amazon.com/images/I/41Arv3FwqYL._SL75_.jpg","Width":75}}},"ItemInfo":{"ByLineInfo":{"Brand":{"DisplayValue":"DELARA","Label":"Brand","Locale":"es_ES"},"Manufacturer":{"DisplayValue":"DELARA","Label":"Manufacturer","Locale":"es_ES"}},"Title":{"DisplayValue":"DELARA Protector intensivo de cuero 100 ml, color: incoloro – Made in Germany","Label":"Title","Locale":"es_ES"}},"Offers":{"Summaries":[{"Condition":{"Value":"New"},"LowestPrice":{"Amount":10.99,"Currency":"EUR","DisplayAmount":"10,99 €"}}]}},{"ASIN":"B0BNZ6LN98","DetailPageURL":"https://www.amazon.es/dp/B0BNZ6LN98?tag=topinalambricos-21&linkCode=osi&th=1&psc=1","Images":{"Primary":{"Small":{"Height":75,"URL":"https://m.media-amazon.com/images/I/41FW8HzHpVL._SL75_.jpg","Width":75}}},"ItemInfo":{"ByLineInfo":{"Brand":{"DisplayValue":"GxDetail","Label":"Brand","Locale":"es_ES"},"Manufacturer":{"DisplayValue":"GxDetail","Label":"Manufacturer","Locale":"es_ES"}},"Title":{"DisplayValue":"GxDetail Limpiador de Cuero y Piel - Limpia, protege y ayuda a mantener las superficies nuevas - Limpiador de Asientos de coche de Cuero - Leather Cleaner (500 ml.)","Label":"Title","Locale":"es_ES"}},"Offers":{"Summaries":[{"Condition":{"Value":"New"},"LowestPrice":{"Amount":10.99,"Currency":"EUR","DisplayAmount":"10,99 € (21,98 € / l)","PricePerUnit":21.98}}]}},{"ASIN":"B07JWHH61W","DetailPageURL":"https://www.amazon.es/dp/B07JWHH61W?tag=topinalambricos-21&linkCode=osi&th=1&psc=1","Images":{"Primary":{"Small":{"Height":75,"URL":"https://m.media-amazon.com/images/I/51mbQkPkmeL._SL75_.jpg","Width":75}}},"ItemInfo":{"ByLineInfo":{"Brand":{"DisplayValue":"Maddox Detail","Label":"Brand","Locale":"es_ES"},"Manufacturer":{"DisplayValue":"Maddox Automoción","Label":"Manufacturer","Locale":"es_ES"}},"Title":{"DisplayValue":"Maddox Detail - Leather Care Kit 500ml | Limpiador y Acondicionador de Cuero y Piel | Incluye Microfibra | Kit Limpiador de Tapicería de Coche","Label":"Title","Locale":"es_ES"}},"Offers":{"Summaries":[{"Condition":{"Value":"New"},"LowestPrice":{"Amount":26.5,"Currency":"EUR","DisplayAmount":"26,50 € (26,50 € / l)","PricePerUnit":26.5}}]}},{"ASIN":"B07K9XPXF8","DetailPageURL":"https://www.amazon.es/dp/B07K9XPXF8?tag=topinalambricos-21&linkCode=osi&th=1&psc=1","Images":{"Primary":{"Small":{"Height":75,"URL":"https://m.media-amazon.com/images/I/41IdIjP7B3L._SL75_.jpg","Width":75}}},"ItemInfo":{"ByLineInfo":{"Brand":{"DisplayValue":"QM Cleaner","Label":"Brand","Locale":"es_ES"},"Manufacturer":{"DisplayValue":"QM Cleaner","Label":"Manufacturer","Locale":"es_ES"}},"Title":{"DisplayValue":"QM Cleaner Limpieza e hidratación Cuero. Cuidado y Limpieza de la tapicería del Coche, sillones Sofa de Cuero. Limpia e hidrata (Kit Leather)","Label":"Title","Locale":"es_ES"}},"Offers":{"Summaries":[{"Condition":{"Value":"New"},"LowestPrice":{"Amount":28.49,"Currency":"EUR","DisplayAmount":"28,49 €"}}]}},{"ASIN":"B0BHT8LCCP","DetailPageURL":"https://www.amazon.es/dp/B0BHT8LCCP?tag=topinalambricos-21&linkCode=osi&th=1&psc=1","Images":{"Primary":{"Small":{"Height":75,"URL":"https://m.media-amazon.com/images/I/31vFEUUo0OL._SL75_.jpg","Width":75}}},"ItemInfo":{"ByLineInfo":{"Brand":{"DisplayValue":"LAAV","Label":"Brand","Locale":"es_ES"},"Manufacturer":{"DisplayValue":"CSG Sp. z o.o.","Label":"Manufacturer","Locale":"es_ES"}},"Title":{"DisplayValue":"LAAV Limpiador Cuero Leather Cleaner (250 ml) I Elimina la Suciedad y Las Manchas, no Seca I Limpiador Tapiceria Coche I Producto de Limpieza Ecológico para Todos los Productos de Piel","Label":"Title","Locale":"es_ES"}},"Offers":{"Summaries":[{"Condition":{"Value":"New"},"LowestPrice":{"Amount":6.9,"Currency":"EUR","DisplayAmount":"6,90 € (27,60 € / l)","PricePerUnit":27.6}}]}},{"ASIN":"B074KKZVMF","DetailPageURL":"https://www.amazon.es/dp/B074KKZVMF?tag=topinalambricos-21&linkCode=osi&th=1&psc=1","Images":{"Primary":{"Small":{"Height":75,"URL":"https://m.media-amazon.com/images/I/410nKkuP99L._SL75_.jpg","Width":75}}},"ItemInfo":{"ByLineInfo":{"Brand":{"DisplayValue":"Maddox Detail","Label":"Brand","Locale":"es_ES"},"Manufacturer":{"DisplayValue":"Maddox Automocion Sl","Label":"Manufacturer","Locale":"es_ES"}},"Title":{"DisplayValue":"Maddox Detail - Leather Conditioner 500ml | Hidratante y Tratamiento Cuero Coche | Limpiador Asientos de Cuero y Piel, Negro","Label":"Title","Locale":"es_ES"}},"Offers":{"Summaries":[{"Condition":{"Value":"New"},"LowestPrice":{"Amount":14.9,"Currency":"EUR","DisplayAmount":"14,90 € (29,80 € / l)","PricePerUnit":29.8}}]}},{"ASIN":"B0BPN5PWY3","DetailPageURL":"https://www.amazon.es/dp/B0BPN5PWY3?tag=topinalambricos-21&linkCode=osi&th=1&psc=1","Images":{"Primary":{"Small":{"Height":75,"URL":"https://m.media-amazon.com/images/I/511GOk2abCL._SL75_.jpg","Width":75}}},"ItemInfo":{"ByLineInfo":{"Brand":{"DisplayValue":"GxDetail","Label":"Brand","Locale":"es_ES"},"Manufacturer":{"DisplayValue":"GxDetail","Label":"Manufacturer","Locale":"es_ES"}},"Title":{"DisplayValue":"GxDetail Pack Cuidado Cuero - Kit Limpieza e Hidratación para Cuero Coche Gx Detail - Kit Con Accesorios y Limpiador de Asientos de Cuero - Limpia Asientos Tapicerias Piel y Cuero de Coche...","Label":"Title","Locale":"es_ES"}},"Offers":{"Summaries":[{"Condition":{"Value":"New"},"LowestPrice":{"Amount":34.95,"Currency":"EUR","DisplayAmount":"34,95 € (34,95 € / l)","PricePerUnit":34.95}}]}},{"ASIN":"B005EBNZTI","DetailPageURL":"https://www.amazon.es/dp/B005EBNZTI?tag=topinalambricos-21&linkCode=osi&th=1&psc=1","Images":{"Primary":{"Small":{"Height":75,"URL":"https://m.media-amazon.com/images/I/41MKOfJ00uL._SL75_.jpg","Width":75}}},"ItemInfo":{"ByLineInfo":{"Brand":{"DisplayValue":"Renapur","Label":"Brand","Locale":"es_ES"},"Manufacturer":{"DisplayValue":"Renapur Ltd","Label":"Manufacturer","Locale":"es_ES"}},"Title":{"DisplayValue":"Bálsamo de cuero, bálsamo natural, acondicionador y restaurador Renapur (200ml + esponja aplicadora)","Label":"Title","Locale":"es_ES"}},"Offers":{"Summaries":[{"Condition":{"Value":"New"},"LowestPrice":{"Amount":17.5,"Currency":"EUR","DisplayAmount":"17,50 €"}}]}},{"ASIN":"B01M0E5OC6","DetailPageURL":"https://www.amazon.es/dp/B01M0E5OC6?tag=topinalambricos-21&linkCode=osi&th=1&psc=1","Images":{"Primary":{"Small":{"Height":75,"URL":"https://m.media-amazon.com/images/I/31aqST56JDL._SL75_.jpg","Width":75}}},"ItemInfo":{"ByLineInfo":{"Brand":{"DisplayValue":"QM Cleaner","Label":"Brand","Locale":"es_ES"},"Manufacturer":{"DisplayValue":"QM Cleaner","Label":"Manufacturer","Locale":"es_ES"}},"Title":{"DisplayValue":"QM Cleaner LEATHER | Limpiador para cuero, piel y polipiel - Ideal para sillones, tapicerías de vehículos y complementos (Bolsos, chaquetas...) - 500ml","Label":"Title","Locale":"es_ES"}},"Offers":{"Summaries":[{"Condition":{"Value":"New"},"LowestPrice":{"Amount":15.99,"Currency":"EUR","DisplayAmount":"15,99 €"}}]}}],"SearchURL":"https://www.amazon.es/s?k=limpiar+cuero&rh=n%3A2424866031%2Cp_n_availability%3A-1&tag=topinalambricos-21&linkCode=osi","TotalResultCount":743}},"63":{"SearchResult":{"Items":[{"ASIN":"B07SL4WY1W","DetailPageURL":"https://www.amazon.es/dp/B07SL4WY1W?tag=topinalambricos-21&linkCode=osi&th=1&psc=1","Images":{"Primary":{"Small":{"Height":75,"URL":"https://m.media-amazon.com/images/I/4150jn7SysL._SL75_.jpg","Width":75}}},"ItemInfo":{"ByLineInfo":{"Brand":{"DisplayValue":"Maddox Detail","Label":"Brand","Locale":"es_ES"},"Manufacturer":{"DisplayValue":"Maddox Automoción SL","Label":"Manufacturer","Locale":"es_ES"}},"Title":{"DisplayValue":"Maddox Detail - Leather Detailer 500 ml | Limpiador y Acondicionador de Cuero | Limpieza Profunda para Coche y Sofá | Tratamiento de Piel | Elimina Suciedad y Manchas | Restaura Asientos","Label":"Title","Locale":"es_ES"}},"Offers":{"Summaries":[{"Condition":{"Value":"New"},"LowestPrice":{"Amount":12.9,"Currency":"EUR","DisplayAmount":"12,90 € (25,80 € / l)","PricePerUnit":25.8}}]}},{"ASIN":"B007DJ566O","DetailPageURL":"https://www.amazon.es/dp/B007DJ566O?tag=topinalambricos-21&linkCode=osi&th=1&psc=1","Images":{"Primary":{"Small":{"Height":75,"URL":"https://m.media-amazon.com/images/I/41Arv3FwqYL._SL75_.jpg","Width":75}}},"ItemInfo":{"ByLineInfo":{"Brand":{"DisplayValue":"DELARA","Label":"Brand","Locale":"es_ES"},"Manufacturer":{"DisplayValue":"DELARA","Label":"Manufacturer","Locale":"es_ES"}},"Title":{"DisplayValue":"DELARA Protector intensivo de cuero 100 ml, color: incoloro – Made in Germany","Label":"Title","Locale":"es_ES"}},"Offers":{"Summaries":[{"Condition":{"Value":"New"},"LowestPrice":{"Amount":10.99,"Currency":"EUR","DisplayAmount":"10,99 €"}}]}},{"ASIN":"B0BNZ6LN98","DetailPageURL":"https://www.amazon.es/dp/B0BNZ6LN98?tag=topinalambricos-21&linkCode=osi&th=1&psc=1","Images":{"Primary":{"Small":{"Height":75,"URL":"https://m.media-amazon.com/images/I/41FW8HzHpVL._SL75_.jpg","Width":75}}},"ItemInfo":{"ByLineInfo":{"Brand":{"DisplayValue":"GxDetail","Label":"Brand","Locale":"es_ES"},"Manufacturer":{"DisplayValue":"GxDetail","Label":"Manufacturer","Locale":"es_ES"}},"Title":{"DisplayValue":"GxDetail Limpiador de Cuero y Piel - Limpia, protege y ayuda a mantener las superficies nuevas - Limpiador de Asientos de coche de Cuero - Leather Cleaner (500 ml.)","Label":"Title","Locale":"es_ES"}},"Offers":{"Summaries":[{"Condition":{"Value":"New"},"LowestPrice":{"Amount":10.99,"Currency":"EUR","DisplayAmount":"10,99 € (21,98 € / l)","PricePerUnit":21.98}}]}},{"ASIN":"B07JWHH61W","DetailPageURL":"https://www.amazon.es/dp/B07JWHH61W?tag=topinalambricos-21&linkCode=osi&th=1&psc=1","Images":{"Primary":{"Small":{"Height":75,"URL":"https://m.media-amazon.com/images/I/51mbQkPkmeL._SL75_.jpg","Width":75}}},"ItemInfo":{"ByLineInfo":{"Brand":{"DisplayValue":"Maddox Detail","Label":"Brand","Locale":"es_ES"},"Manufacturer":{"DisplayValue":"Maddox Automoción","Label":"Manufacturer","Locale":"es_ES"}},"Title":{"DisplayValue":"Maddox Detail - Leather Care Kit 500ml | Limpiador y Acondicionador de Cuero y Piel | Incluye Microfibra | Kit Limpiador de Tapicería de Coche","Label":"Title","Locale":"es_ES"}},"Offers":{"Summaries":[{"Condition":{"Value":"New"},"LowestPrice":{"Amount":26.5,"Currency":"EUR","DisplayAmount":"26,50 € (26,50 € / l)","PricePerUnit":26.5}}]}},{"ASIN":"B07K9XPXF8","DetailPageURL":"https://www.amazon.es/dp/B07K9XPXF8?tag=topinalambricos-21&linkCode=osi&th=1&psc=1","Images":{"Primary":{"Small":{"Height":75,"URL":"https://m.media-amazon.com/images/I/41IdIjP7B3L._SL75_.jpg","Width":75}}},"ItemInfo":{"ByLineInfo":{"Brand":{"DisplayValue":"QM Cleaner","Label":"Brand","Locale":"es_ES"},"Manufacturer":{"DisplayValue":"QM Cleaner","Label":"Manufacturer","Locale":"es_ES"}},"Title":{"DisplayValue":"QM Cleaner Limpieza e hidratación Cuero. Cuidado y Limpieza de la tapicería del Coche, sillones Sofa de Cuero. Limpia e hidrata (Kit Leather)","Label":"Title","Locale":"es_ES"}},"Offers":{"Summaries":[{"Condition":{"Value":"New"},"LowestPrice":{"Amount":28.49,"Currency":"EUR","DisplayAmount":"28,49 €"}}]}},{"ASIN":"B0BHT8LCCP","DetailPageURL":"https://www.amazon.es/dp/B0BHT8LCCP?tag=topinalambricos-21&linkCode=osi&th=1&psc=1","Images":{"Primary":{"Small":{"Height":75,"URL":"https://m.media-amazon.com/images/I/31vFEUUo0OL._SL75_.jpg","Width":75}}},"ItemInfo":{"ByLineInfo":{"Brand":{"DisplayValue":"LAAV","Label":"Brand","Locale":"es_ES"},"Manufacturer":{"DisplayValue":"CSG Sp. z o.o.","Label":"Manufacturer","Locale":"es_ES"}},"Title":{"DisplayValue":"LAAV Limpiador Cuero Leather Cleaner (250 ml) I Elimina la Suciedad y Las Manchas, no Seca I Limpiador Tapiceria Coche I Producto de Limpieza Ecológico para Todos los Productos de Piel","Label":"Title","Locale":"es_ES"}},"Offers":{"Summaries":[{"Condition":{"Value":"New"},"LowestPrice":{"Amount":6.9,"Currency":"EUR","DisplayAmount":"6,90 € (27,60 € / l)","PricePerUnit":27.6}}]}},{"ASIN":"B074KKZVMF","DetailPageURL":"https://www.amazon.es/dp/B074KKZVMF?tag=topinalambricos-21&linkCode=osi&th=1&psc=1","Images":{"Primary":{"Small":{"Height":75,"URL":"https://m.media-amazon.com/images/I/410nKkuP99L._SL75_.jpg","Width":75}}},"ItemInfo":{"ByLineInfo":{"Brand":{"DisplayValue":"Maddox Detail","Label":"Brand","Locale":"es_ES"},"Manufacturer":{"DisplayValue":"Maddox Automocion Sl","Label":"Manufacturer","Locale":"es_ES"}},"Title":{"DisplayValue":"Maddox Detail - Leather Conditioner 500ml | Hidratante y Tratamiento Cuero Coche | Limpiador Asientos de Cuero y Piel, Negro","Label":"Title","Locale":"es_ES"}},"Offers":{"Summaries":[{"Condition":{"Value":"New"},"LowestPrice":{"Amount":14.9,"Currency":"EUR","DisplayAmount":"14,90 € (29,80 € / l)","PricePerUnit":29.8}}]}},{"ASIN":"B0BPN5PWY3","DetailPageURL":"https://www.amazon.es/dp/B0BPN5PWY3?tag=topinalambricos-21&linkCode=osi&th=1&psc=1","Images":{"Primary":{"Small":{"Height":75,"URL":"https://m.media-amazon.com/images/I/511GOk2abCL._SL75_.jpg","Width":75}}},"ItemInfo":{"ByLineInfo":{"Brand":{"DisplayValue":"GxDetail","Label":"Brand","Locale":"es_ES"},"Manufacturer":{"DisplayValue":"GxDetail","Label":"Manufacturer","Locale":"es_ES"}},"Title":{"DisplayValue":"GxDetail Pack Cuidado Cuero - Kit Limpieza e Hidratación para Cuero Coche Gx Detail - Kit Con Accesorios y Limpiador de Asientos de Cuero - Limpia Asientos Tapicerias Piel y Cuero de Coche...","Label":"Title","Locale":"es_ES"}},"Offers":{"Summaries":[{"Condition":{"Value":"New"},"LowestPrice":{"Amount":34.95,"Currency":"EUR","DisplayAmount":"34,95 € (34,95 € / l)","PricePerUnit":34.95}}]}},{"ASIN":"B005EBNZTI","DetailPageURL":"https://www.amazon.es/dp/B005EBNZTI?tag=topinalambricos-21&linkCode=osi&th=1&psc=1","Images":{"Primary":{"Small":{"Height":75,"URL":"https://m.media-amazon.com/images/I/41MKOfJ00uL._SL75_.jpg","Width":75}}},"ItemInfo":{"ByLineInfo":{"Brand":{"DisplayValue":"Renapur","Label":"Brand","Locale":"es_ES"},"Manufacturer":{"DisplayValue":"Renapur Ltd","Label":"Manufacturer","Locale":"es_ES"}},"Title":{"DisplayValue":"Bálsamo de cuero, bálsamo natural, acondicionador y restaurador Renapur (200ml + esponja aplicadora)","Label":"Title","Locale":"es_ES"}},"Offers":{"Summaries":[{"Condition":{"Value":"New"},"LowestPrice":{"Amount":17.5,"Currency":"EUR","DisplayAmount":"17,50 €"}}]}},{"ASIN":"B01M0E5OC6","DetailPageURL":"https://www.amazon.es/dp/B01M0E5OC6?tag=topinalambricos-21&linkCode=osi&th=1&psc=1","Images":{"Primary":{"Small":{"Height":75,"URL":"https://m.media-amazon.com/images/I/31aqST56JDL._SL75_.jpg","Width":75}}},"ItemInfo":{"ByLineInfo":{"Brand":{"DisplayValue":"QM Cleaner","Label":"Brand","Locale":"es_ES"},"Manufacturer":{"DisplayValue":"QM Cleaner","Label":"Manufacturer","Locale":"es_ES"}},"Title":{"DisplayValue":"QM Cleaner LEATHER | Limpiador para cuero, piel y polipiel - Ideal para sillones, tapicerías de vehículos y complementos (Bolsos, chaquetas...) - 500ml","Label":"Title","Locale":"es_ES"}},"Offers":{"Summaries":[{"Condition":{"Value":"New"},"LowestPrice":{"Amount":15.99,"Currency":"EUR","DisplayAmount":"15,99 €"}}]}}],"SearchURL":"https://www.amazon.es/s?k=limpiar+cuero&rh=n%3A2424866031%2Cp_n_availability%3A-1&tag=topinalambricos-21&linkCode=osi","TotalResultCount":743}},"64":{"SearchResult":{"Items":[{"ASIN":"B07SL4WY1W","DetailPageURL":"https://www.amazon.es/dp/B07SL4WY1W?tag=topinalambricos-21&linkCode=osi&th=1&psc=1","Images":{"Primary":{"Small":{"Height":75,"URL":"https://m.media-amazon.com/images/I/4150jn7SysL._SL75_.jpg","Width":75}}},"ItemInfo":{"ByLineInfo":{"Brand":{"DisplayValue":"Maddox Detail","Label":"Brand","Locale":"es_ES"},"Manufacturer":{"DisplayValue":"Maddox Automoción SL","Label":"Manufacturer","Locale":"es_ES"}},"Title":{"DisplayValue":"Maddox Detail - Leather Detailer 500 ml | Limpiador y Acondicionador de Cuero | Limpieza Profunda para Coche y Sofá | Tratamiento de Piel | Elimina Suciedad y Manchas | Restaura Asientos","Label":"Title","Locale":"es_ES"}},"Offers":{"Summaries":[{"Condition":{"Value":"New"},"LowestPrice":{"Amount":12.9,"Currency":"EUR","DisplayAmount":"12,90 € (25,80 € / l)","PricePerUnit":25.8}}]}},{"ASIN":"B007DJ566O","DetailPageURL":"https://www.amazon.es/dp/B007DJ566O?tag=topinalambricos-21&linkCode=osi&th=1&psc=1","Images":{"Primary":{"Small":{"Height":75,"URL":"https://m.media-amazon.com/images/I/41Arv3FwqYL._SL75_.jpg","Width":75}}},"ItemInfo":{"ByLineInfo":{"Brand":{"DisplayValue":"DELARA","Label":"Brand","Locale":"es_ES"},"Manufacturer":{"DisplayValue":"DELARA","Label":"Manufacturer","Locale":"es_ES"}},"Title":{"DisplayValue":"DELARA Protector intensivo de cuero 100 ml, color: incoloro – Made in Germany","Label":"Title","Locale":"es_ES"}},"Offers":{"Summaries":[{"Condition":{"Value":"New"},"LowestPrice":{"Amount":10.99,"Currency":"EUR","DisplayAmount":"10,99 €"}}]}},{"ASIN":"B0BNZ6LN98","DetailPageURL":"https://www.amazon.es/dp/B0BNZ6LN98?tag=topinalambricos-21&linkCode=osi&th=1&psc=1","Images":{"Primary":{"Small":{"Height":75,"URL":"https://m.media-amazon.com/images/I/41FW8HzHpVL._SL75_.jpg","Width":75}}},"ItemInfo":{"ByLineInfo":{"Brand":{"DisplayValue":"GxDetail","Label":"Brand","Locale":"es_ES"},"Manufacturer":{"DisplayValue":"GxDetail","Label":"Manufacturer","Locale":"es_ES"}},"Title":{"DisplayValue":"GxDetail Limpiador de Cuero y Piel - Limpia, protege y ayuda a mantener las superficies nuevas - Limpiador de Asientos de coche de Cuero - Leather Cleaner (500 ml.)","Label":"Title","Locale":"es_ES"}},"Offers":{"Summaries":[{"Condition":{"Value":"New"},"LowestPrice":{"Amount":10.99,"Currency":"EUR","DisplayAmount":"10,99 € (21,98 € / l)","PricePerUnit":21.98}}]}},{"ASIN":"B07JWHH61W","DetailPageURL":"https://www.amazon.es/dp/B07JWHH61W?tag=topinalambricos-21&linkCode=osi&th=1&psc=1","Images":{"Primary":{"Small":{"Height":75,"URL":"https://m.media-amazon.com/images/I/51mbQkPkmeL._SL75_.jpg","Width":75}}},"ItemInfo":{"ByLineInfo":{"Brand":{"DisplayValue":"Maddox Detail","Label":"Brand","Locale":"es_ES"},"Manufacturer":{"DisplayValue":"Maddox Automoción","Label":"Manufacturer","Locale":"es_ES"}},"Title":{"DisplayValue":"Maddox Detail - Leather Care Kit 500ml | Limpiador y Acondicionador de Cuero y Piel | Incluye Microfibra | Kit Limpiador de Tapicería de Coche","Label":"Title","Locale":"es_ES"}},"Offers":{"Summaries":[{"Condition":{"Value":"New"},"LowestPrice":{"Amount":26.5,"Currency":"EUR","DisplayAmount":"26,50 € (26,50 € / l)","PricePerUnit":26.5}}]}},{"ASIN":"B07K9XPXF8","DetailPageURL":"https://www.amazon.es/dp/B07K9XPXF8?tag=topinalambricos-21&linkCode=osi&th=1&psc=1","Images":{"Primary":{"Small":{"Height":75,"URL":"https://m.media-amazon.com/images/I/41IdIjP7B3L._SL75_.jpg","Width":75}}},"ItemInfo":{"ByLineInfo":{"Brand":{"DisplayValue":"QM Cleaner","Label":"Brand","Locale":"es_ES"},"Manufacturer":{"DisplayValue":"QM Cleaner","Label":"Manufacturer","Locale":"es_ES"}},"Title":{"DisplayValue":"QM Cleaner Limpieza e hidratación Cuero. Cuidado y Limpieza de la tapicería del Coche, sillones Sofa de Cuero. Limpia e hidrata (Kit Leather)","Label":"Title","Locale":"es_ES"}},"Offers":{"Summaries":[{"Condition":{"Value":"New"},"LowestPrice":{"Amount":28.49,"Currency":"EUR","DisplayAmount":"28,49 €"}}]}},{"ASIN":"B0BHT8LCCP","DetailPageURL":"https://www.amazon.es/dp/B0BHT8LCCP?tag=topinalambricos-21&linkCode=osi&th=1&psc=1","Images":{"Primary":{"Small":{"Height":75,"URL":"https://m.media-amazon.com/images/I/31vFEUUo0OL._SL75_.jpg","Width":75}}},"ItemInfo":{"ByLineInfo":{"Brand":{"DisplayValue":"LAAV","Label":"Brand","Locale":"es_ES"},"Manufacturer":{"DisplayValue":"CSG Sp. z o.o.","Label":"Manufacturer","Locale":"es_ES"}},"Title":{"DisplayValue":"LAAV Limpiador Cuero Leather Cleaner (250 ml) I Elimina la Suciedad y Las Manchas, no Seca I Limpiador Tapiceria Coche I Producto de Limpieza Ecológico para Todos los Productos de Piel","Label":"Title","Locale":"es_ES"}},"Offers":{"Summaries":[{"Condition":{"Value":"New"},"LowestPrice":{"Amount":6.9,"Currency":"EUR","DisplayAmount":"6,90 € (27,60 € / l)","PricePerUnit":27.6}}]}},{"ASIN":"B074KKZVMF","DetailPageURL":"https://www.amazon.es/dp/B074KKZVMF?tag=topinalambricos-21&linkCode=osi&th=1&psc=1","Images":{"Primary":{"Small":{"Height":75,"URL":"https://m.media-amazon.com/images/I/410nKkuP99L._SL75_.jpg","Width":75}}},"ItemInfo":{"ByLineInfo":{"Brand":{"DisplayValue":"Maddox Detail","Label":"Brand","Locale":"es_ES"},"Manufacturer":{"DisplayValue":"Maddox Automocion Sl","Label":"Manufacturer","Locale":"es_ES"}},"Title":{"DisplayValue":"Maddox Detail - Leather Conditioner 500ml | Hidratante y Tratamiento Cuero Coche | Limpiador Asientos de Cuero y Piel, Negro","Label":"Title","Locale":"es_ES"}},"Offers":{"Summaries":[{"Condition":{"Value":"New"},"LowestPrice":{"Amount":14.9,"Currency":"EUR","DisplayAmount":"14,90 € (29,80 € / l)","PricePerUnit":29.8}}]}},{"ASIN":"B0BPN5PWY3","DetailPageURL":"https://www.amazon.es/dp/B0BPN5PWY3?tag=topinalambricos-21&linkCode=osi&th=1&psc=1","Images":{"Primary":{"Small":{"Height":75,"URL":"https://m.media-amazon.com/images/I/511GOk2abCL._SL75_.jpg","Width":75}}},"ItemInfo":{"ByLineInfo":{"Brand":{"DisplayValue":"GxDetail","Label":"Brand","Locale":"es_ES"},"Manufacturer":{"DisplayValue":"GxDetail","Label":"Manufacturer","Locale":"es_ES"}},"Title":{"DisplayValue":"GxDetail Pack Cuidado Cuero - Kit Limpieza e Hidratación para Cuero Coche Gx Detail - Kit Con Accesorios y Limpiador de Asientos de Cuero - Limpia Asientos Tapicerias Piel y Cuero de Coche...","Label":"Title","Locale":"es_ES"}},"Offers":{"Summaries":[{"Condition":{"Value":"New"},"LowestPrice":{"Amount":34.95,"Currency":"EUR","DisplayAmount":"34,95 € (34,95 € / l)","PricePerUnit":34.95}}]}},{"ASIN":"B005EBNZTI","DetailPageURL":"https://www.amazon.es/dp/B005EBNZTI?tag=topinalambricos-21&linkCode=osi&th=1&psc=1","Images":{"Primary":{"Small":{"Height":75,"URL":"https://m.media-amazon.com/images/I/41MKOfJ00uL._SL75_.jpg","Width":75}}},"ItemInfo":{"ByLineInfo":{"Brand":{"DisplayValue":"Renapur","Label":"Brand","Locale":"es_ES"},"Manufacturer":{"DisplayValue":"Renapur Ltd","Label":"Manufacturer","Locale":"es_ES"}},"Title":{"DisplayValue":"Bálsamo de cuero, bálsamo natural, acondicionador y restaurador Renapur (200ml + esponja aplicadora)","Label":"Title","Locale":"es_ES"}},"Offers":{"Summaries":[{"Condition":{"Value":"New"},"LowestPrice":{"Amount":17.5,"Currency":"EUR","DisplayAmount":"17,50 €"}}]}},{"ASIN":"B01M0E5OC6","DetailPageURL":"https://www.amazon.es/dp/B01M0E5OC6?tag=topinalambricos-21&linkCode=osi&th=1&psc=1","Images":{"Primary":{"Small":{"Height":75,"URL":"https://m.media-amazon.com/images/I/31aqST56JDL._SL75_.jpg","Width":75}}},"ItemInfo":{"ByLineInfo":{"Brand":{"DisplayValue":"QM Cleaner","Label":"Brand","Locale":"es_ES"},"Manufacturer":{"DisplayValue":"QM Cleaner","Label":"Manufacturer","Locale":"es_ES"}},"Title":{"DisplayValue":"QM Cleaner LEATHER | Limpiador para cuero, piel y polipiel - Ideal para sillones, tapicerías de vehículos y complementos (Bolsos, chaquetas...) - 500ml","Label":"Title","Locale":"es_ES"}},"Offers":{"Summaries":[{"Condition":{"Value":"New"},"LowestPrice":{"Amount":15.99,"Currency":"EUR","DisplayAmount":"15,99 €"}}]}}],"SearchURL":"https://www.amazon.es/s?k=limpiar+cuero&rh=n%3A2424866031%2Cp_n_availability%3A-1&tag=topinalambricos-21&linkCode=osi","TotalResultCount":743}},"65":{"SearchResult":{"Items":[{"ASIN":"B07SL4WY1W","DetailPageURL":"https://www.amazon.es/dp/B07SL4WY1W?tag=topinalambricos-21&linkCode=osi&th=1&psc=1","Images":{"Primary":{"Small":{"Height":75,"URL":"https://m.media-amazon.com/images/I/4150jn7SysL._SL75_.jpg","Width":75}}},"ItemInfo":{"ByLineInfo":{"Brand":{"DisplayValue":"Maddox Detail","Label":"Brand","Locale":"es_ES"},"Manufacturer":{"DisplayValue":"Maddox Automoción SL","Label":"Manufacturer","Locale":"es_ES"}},"Title":{"DisplayValue":"Maddox Detail - Leather Detailer 500 ml | Limpiador y Acondicionador de Cuero | Limpieza Profunda para Coche y Sofá | Tratamiento de Piel | Elimina Suciedad y Manchas | Restaura Asientos","Label":"Title","Locale":"es_ES"}},"Offers":{"Summaries":[{"Condition":{"Value":"New"},"LowestPrice":{"Amount":12.9,"Currency":"EUR","DisplayAmount":"12,90 € (25,80 € / l)","PricePerUnit":25.8}}]}},{"ASIN":"B007DJ566O","DetailPageURL":"https://www.amazon.es/dp/B007DJ566O?tag=topinalambricos-21&linkCode=osi&th=1&psc=1","Images":{"Primary":{"Small":{"Height":75,"URL":"https://m.media-amazon.com/images/I/41Arv3FwqYL._SL75_.jpg","Width":75}}},"ItemInfo":{"ByLineInfo":{"Brand":{"DisplayValue":"DELARA","Label":"Brand","Locale":"es_ES"},"Manufacturer":{"DisplayValue":"DELARA","Label":"Manufacturer","Locale":"es_ES"}},"Title":{"DisplayValue":"DELARA Protector intensivo de cuero 100 ml, color: incoloro – Made in Germany","Label":"Title","Locale":"es_ES"}},"Offers":{"Summaries":[{"Condition":{"Value":"New"},"LowestPrice":{"Amount":10.99,"Currency":"EUR","DisplayAmount":"10,99 €"}}]}},{"ASIN":"B0BNZ6LN98","DetailPageURL":"https://www.amazon.es/dp/B0BNZ6LN98?tag=topinalambricos-21&linkCode=osi&th=1&psc=1","Images":{"Primary":{"Small":{"Height":75,"URL":"https://m.media-amazon.com/images/I/41FW8HzHpVL._SL75_.jpg","Width":75}}},"ItemInfo":{"ByLineInfo":{"Brand":{"DisplayValue":"GxDetail","Label":"Brand","Locale":"es_ES"},"Manufacturer":{"DisplayValue":"GxDetail","Label":"Manufacturer","Locale":"es_ES"}},"Title":{"DisplayValue":"GxDetail Limpiador de Cuero y Piel - Limpia, protege y ayuda a mantener las superficies nuevas - Limpiador de Asientos de coche de Cuero - Leather Cleaner (500 ml.)","Label":"Title","Locale":"es_ES"}},"Offers":{"Summaries":[{"Condition":{"Value":"New"},"LowestPrice":{"Amount":10.99,"Currency":"EUR","DisplayAmount":"10,99 € (21,98 € / l)","PricePerUnit":21.98}}]}},{"ASIN":"B07JWHH61W","DetailPageURL":"https://www.amazon.es/dp/B07JWHH61W?tag=topinalambricos-21&linkCode=osi&th=1&psc=1","Images":{"Primary":{"Small":{"Height":75,"URL":"https://m.media-amazon.com/images/I/51mbQkPkmeL._SL75_.jpg","Width":75}}},"ItemInfo":{"ByLineInfo":{"Brand":{"DisplayValue":"Maddox Detail","Label":"Brand","Locale":"es_ES"},"Manufacturer":{"DisplayValue":"Maddox Automoción","Label":"Manufacturer","Locale":"es_ES"}},"Title":{"DisplayValue":"Maddox Detail - Leather Care Kit 500ml | Limpiador y Acondicionador de Cuero y Piel | Incluye Microfibra | Kit Limpiador de Tapicería de Coche","Label":"Title","Locale":"es_ES"}},"Offers":{"Summaries":[{"Condition":{"Value":"New"},"LowestPrice":{"Amount":26.5,"Currency":"EUR","DisplayAmount":"26,50 € (26,50 € / l)","PricePerUnit":26.5}}]}},{"ASIN":"B07K9XPXF8","DetailPageURL":"https://www.amazon.es/dp/B07K9XPXF8?tag=topinalambricos-21&linkCode=osi&th=1&psc=1","Images":{"Primary":{"Small":{"Height":75,"URL":"https://m.media-amazon.com/images/I/41IdIjP7B3L._SL75_.jpg","Width":75}}},"ItemInfo":{"ByLineInfo":{"Brand":{"DisplayValue":"QM Cleaner","Label":"Brand","Locale":"es_ES"},"Manufacturer":{"DisplayValue":"QM Cleaner","Label":"Manufacturer","Locale":"es_ES"}},"Title":{"DisplayValue":"QM Cleaner Limpieza e hidratación Cuero. Cuidado y Limpieza de la tapicería del Coche, sillones Sofa de Cuero. Limpia e hidrata (Kit Leather)","Label":"Title","Locale":"es_ES"}},"Offers":{"Summaries":[{"Condition":{"Value":"New"},"LowestPrice":{"Amount":28.49,"Currency":"EUR","DisplayAmount":"28,49 €"}}]}},{"ASIN":"B0BHT8LCCP","DetailPageURL":"https://www.amazon.es/dp/B0BHT8LCCP?tag=topinalambricos-21&linkCode=osi&th=1&psc=1","Images":{"Primary":{"Small":{"Height":75,"URL":"https://m.media-amazon.com/images/I/31vFEUUo0OL._SL75_.jpg","Width":75}}},"ItemInfo":{"ByLineInfo":{"Brand":{"DisplayValue":"LAAV","Label":"Brand","Locale":"es_ES"},"Manufacturer":{"DisplayValue":"CSG Sp. z o.o.","Label":"Manufacturer","Locale":"es_ES"}},"Title":{"DisplayValue":"LAAV Limpiador Cuero Leather Cleaner (250 ml) I Elimina la Suciedad y Las Manchas, no Seca I Limpiador Tapiceria Coche I Producto de Limpieza Ecológico para Todos los Productos de Piel","Label":"Title","Locale":"es_ES"}},"Offers":{"Summaries":[{"Condition":{"Value":"New"},"LowestPrice":{"Amount":6.9,"Currency":"EUR","DisplayAmount":"6,90 € (27,60 € / l)","PricePerUnit":27.6}}]}},{"ASIN":"B074KKZVMF","DetailPageURL":"https://www.amazon.es/dp/B074KKZVMF?tag=topinalambricos-21&linkCode=osi&th=1&psc=1","Images":{"Primary":{"Small":{"Height":75,"URL":"https://m.media-amazon.com/images/I/410nKkuP99L._SL75_.jpg","Width":75}}},"ItemInfo":{"ByLineInfo":{"Brand":{"DisplayValue":"Maddox Detail","Label":"Brand","Locale":"es_ES"},"Manufacturer":{"DisplayValue":"Maddox Automocion Sl","Label":"Manufacturer","Locale":"es_ES"}},"Title":{"DisplayValue":"Maddox Detail - Leather Conditioner 500ml | Hidratante y Tratamiento Cuero Coche | Limpiador Asientos de Cuero y Piel, Negro","Label":"Title","Locale":"es_ES"}},"Offers":{"Summaries":[{"Condition":{"Value":"New"},"LowestPrice":{"Amount":14.9,"Currency":"EUR","DisplayAmount":"14,90 € (29,80 € / l)","PricePerUnit":29.8}}]}},{"ASIN":"B0BPN5PWY3","DetailPageURL":"https://www.amazon.es/dp/B0BPN5PWY3?tag=topinalambricos-21&linkCode=osi&th=1&psc=1","Images":{"Primary":{"Small":{"Height":75,"URL":"https://m.media-amazon.com/images/I/511GOk2abCL._SL75_.jpg","Width":75}}},"ItemInfo":{"ByLineInfo":{"Brand":{"DisplayValue":"GxDetail","Label":"Brand","Locale":"es_ES"},"Manufacturer":{"DisplayValue":"GxDetail","Label":"Manufacturer","Locale":"es_ES"}},"Title":{"DisplayValue":"GxDetail Pack Cuidado Cuero - Kit Limpieza e Hidratación para Cuero Coche Gx Detail - Kit Con Accesorios y Limpiador de Asientos de Cuero - Limpia Asientos Tapicerias Piel y Cuero de Coche...","Label":"Title","Locale":"es_ES"}},"Offers":{"Summaries":[{"Condition":{"Value":"New"},"LowestPrice":{"Amount":34.95,"Currency":"EUR","DisplayAmount":"34,95 € (34,95 € / l)","PricePerUnit":34.95}}]}},{"ASIN":"B005EBNZTI","DetailPageURL":"https://www.amazon.es/dp/B005EBNZTI?tag=topinalambricos-21&linkCode=osi&th=1&psc=1","Images":{"Primary":{"Small":{"Height":75,"URL":"https://m.media-amazon.com/images/I/41MKOfJ00uL._SL75_.jpg","Width":75}}},"ItemInfo":{"ByLineInfo":{"Brand":{"DisplayValue":"Renapur","Label":"Brand","Locale":"es_ES"},"Manufacturer":{"DisplayValue":"Renapur Ltd","Label":"Manufacturer","Locale":"es_ES"}},"Title":{"DisplayValue":"Bálsamo de cuero, bálsamo natural, acondicionador y restaurador Renapur (200ml + esponja aplicadora)","Label":"Title","Locale":"es_ES"}},"Offers":{"Summaries":[{"Condition":{"Value":"New"},"LowestPrice":{"Amount":17.5,"Currency":"EUR","DisplayAmount":"17,50 €"}}]}},{"ASIN":"B01M0E5OC6","DetailPageURL":"https://www.amazon.es/dp/B01M0E5OC6?tag=topinalambricos-21&linkCode=osi&th=1&psc=1","Images":{"Primary":{"Small":{"Height":75,"URL":"https://m.media-amazon.com/images/I/31aqST56JDL._SL75_.jpg","Width":75}}},"ItemInfo":{"ByLineInfo":{"Brand":{"DisplayValue":"QM Cleaner","Label":"Brand","Locale":"es_ES"},"Manufacturer":{"DisplayValue":"QM Cleaner","Label":"Manufacturer","Locale":"es_ES"}},"Title":{"DisplayValue":"QM Cleaner LEATHER | Limpiador para cuero, piel y polipiel - Ideal para sillones, tapicerías de vehículos y complementos (Bolsos, chaquetas...) - 500ml","Label":"Title","Locale":"es_ES"}},"Offers":{"Summaries":[{"Condition":{"Value":"New"},"LowestPrice":{"Amount":15.99,"Currency":"EUR","DisplayAmount":"15,99 €"}}]}}],"SearchURL":"https://www.amazon.es/s?k=limpiar+cuero&rh=n%3A2424866031%2Cp_n_availability%3A-1&tag=topinalambricos-21&linkCode=osi","TotalResultCount":743}},"66":{"SearchResult":{"Items":[{"ASIN":"B07SL4WY1W","DetailPageURL":"https://www.amazon.es/dp/B07SL4WY1W?tag=topinalambricos-21&linkCode=osi&th=1&psc=1","Images":{"Primary":{"Small":{"Height":75,"URL":"https://m.media-amazon.com/images/I/4150jn7SysL._SL75_.jpg","Width":75}}},"ItemInfo":{"ByLineInfo":{"Brand":{"DisplayValue":"Maddox Detail","Label":"Brand","Locale":"es_ES"},"Manufacturer":{"DisplayValue":"Maddox Automoción SL","Label":"Manufacturer","Locale":"es_ES"}},"Title":{"DisplayValue":"Maddox Detail - Leather Detailer 500 ml | Limpiador y Acondicionador de Cuero | Limpieza Profunda para Coche y Sofá | Tratamiento de Piel | Elimina Suciedad y Manchas | Restaura Asientos","Label":"Title","Locale":"es_ES"}},"Offers":{"Summaries":[{"Condition":{"Value":"New"},"LowestPrice":{"Amount":12.9,"Currency":"EUR","DisplayAmount":"12,90 € (25,80 € / l)","PricePerUnit":25.8}}]}},{"ASIN":"B007DJ566O","DetailPageURL":"https://www.amazon.es/dp/B007DJ566O?tag=topinalambricos-21&linkCode=osi&th=1&psc=1","Images":{"Primary":{"Small":{"Height":75,"URL":"https://m.media-amazon.com/images/I/41Arv3FwqYL._SL75_.jpg","Width":75}}},"ItemInfo":{"ByLineInfo":{"Brand":{"DisplayValue":"DELARA","Label":"Brand","Locale":"es_ES"},"Manufacturer":{"DisplayValue":"DELARA","Label":"Manufacturer","Locale":"es_ES"}},"Title":{"DisplayValue":"DELARA Protector intensivo de cuero 100 ml, color: incoloro – Made in Germany","Label":"Title","Locale":"es_ES"}},"Offers":{"Summaries":[{"Condition":{"Value":"New"},"LowestPrice":{"Amount":10.99,"Currency":"EUR","DisplayAmount":"10,99 €"}}]}},{"ASIN":"B0BNZ6LN98","DetailPageURL":"https://www.amazon.es/dp/B0BNZ6LN98?tag=topinalambricos-21&linkCode=osi&th=1&psc=1","Images":{"Primary":{"Small":{"Height":75,"URL":"https://m.media-amazon.com/images/I/41FW8HzHpVL._SL75_.jpg","Width":75}}},"ItemInfo":{"ByLineInfo":{"Brand":{"DisplayValue":"GxDetail","Label":"Brand","Locale":"es_ES"},"Manufacturer":{"DisplayValue":"GxDetail","Label":"Manufacturer","Locale":"es_ES"}},"Title":{"DisplayValue":"GxDetail Limpiador de Cuero y Piel - Limpia, protege y ayuda a mantener las superficies nuevas - Limpiador de Asientos de coche de Cuero - Leather Cleaner (500 ml.)","Label":"Title","Locale":"es_ES"}},"Offers":{"Summaries":[{"Condition":{"Value":"New"},"LowestPrice":{"Amount":10.99,"Currency":"EUR","DisplayAmount":"10,99 € (21,98 € / l)","PricePerUnit":21.98}}]}},{"ASIN":"B07JWHH61W","DetailPageURL":"https://www.amazon.es/dp/B07JWHH61W?tag=topinalambricos-21&linkCode=osi&th=1&psc=1","Images":{"Primary":{"Small":{"Height":75,"URL":"https://m.media-amazon.com/images/I/51mbQkPkmeL._SL75_.jpg","Width":75}}},"ItemInfo":{"ByLineInfo":{"Brand":{"DisplayValue":"Maddox Detail","Label":"Brand","Locale":"es_ES"},"Manufacturer":{"DisplayValue":"Maddox Automoción","Label":"Manufacturer","Locale":"es_ES"}},"Title":{"DisplayValue":"Maddox Detail - Leather Care Kit 500ml | Limpiador y Acondicionador de Cuero y Piel | Incluye Microfibra | Kit Limpiador de Tapicería de Coche","Label":"Title","Locale":"es_ES"}},"Offers":{"Summaries":[{"Condition":{"Value":"New"},"LowestPrice":{"Amount":26.5,"Currency":"EUR","DisplayAmount":"26,50 € (26,50 € / l)","PricePerUnit":26.5}}]}},{"ASIN":"B07K9XPXF8","DetailPageURL":"https://www.amazon.es/dp/B07K9XPXF8?tag=topinalambricos-21&linkCode=osi&th=1&psc=1","Images":{"Primary":{"Small":{"Height":75,"URL":"https://m.media-amazon.com/images/I/41IdIjP7B3L._SL75_.jpg","Width":75}}},"ItemInfo":{"ByLineInfo":{"Brand":{"DisplayValue":"QM Cleaner","Label":"Brand","Locale":"es_ES"},"Manufacturer":{"DisplayValue":"QM Cleaner","Label":"Manufacturer","Locale":"es_ES"}},"Title":{"DisplayValue":"QM Cleaner Limpieza e hidratación Cuero. Cuidado y Limpieza de la tapicería del Coche, sillones Sofa de Cuero. Limpia e hidrata (Kit Leather)","Label":"Title","Locale":"es_ES"}},"Offers":{"Summaries":[{"Condition":{"Value":"New"},"LowestPrice":{"Amount":28.49,"Currency":"EUR","DisplayAmount":"28,49 €"}}]}},{"ASIN":"B0BHT8LCCP","DetailPageURL":"https://www.amazon.es/dp/B0BHT8LCCP?tag=topinalambricos-21&linkCode=osi&th=1&psc=1","Images":{"Primary":{"Small":{"Height":75,"URL":"https://m.media-amazon.com/images/I/31vFEUUo0OL._SL75_.jpg","Width":75}}},"ItemInfo":{"ByLineInfo":{"Brand":{"DisplayValue":"LAAV","Label":"Brand","Locale":"es_ES"},"Manufacturer":{"DisplayValue":"CSG Sp. z o.o.","Label":"Manufacturer","Locale":"es_ES"}},"Title":{"DisplayValue":"LAAV Limpiador Cuero Leather Cleaner (250 ml) I Elimina la Suciedad y Las Manchas, no Seca I Limpiador Tapiceria Coche I Producto de Limpieza Ecológico para Todos los Productos de Piel","Label":"Title","Locale":"es_ES"}},"Offers":{"Summaries":[{"Condition":{"Value":"New"},"LowestPrice":{"Amount":6.9,"Currency":"EUR","DisplayAmount":"6,90 € (27,60 € / l)","PricePerUnit":27.6}}]}},{"ASIN":"B074KKZVMF","DetailPageURL":"https://www.amazon.es/dp/B074KKZVMF?tag=topinalambricos-21&linkCode=osi&th=1&psc=1","Images":{"Primary":{"Small":{"Height":75,"URL":"https://m.media-amazon.com/images/I/410nKkuP99L._SL75_.jpg","Width":75}}},"ItemInfo":{"ByLineInfo":{"Brand":{"DisplayValue":"Maddox Detail","Label":"Brand","Locale":"es_ES"},"Manufacturer":{"DisplayValue":"Maddox Automocion Sl","Label":"Manufacturer","Locale":"es_ES"}},"Title":{"DisplayValue":"Maddox Detail - Leather Conditioner 500ml | Hidratante y Tratamiento Cuero Coche | Limpiador Asientos de Cuero y Piel, Negro","Label":"Title","Locale":"es_ES"}},"Offers":{"Summaries":[{"Condition":{"Value":"New"},"LowestPrice":{"Amount":14.9,"Currency":"EUR","DisplayAmount":"14,90 € (29,80 € / l)","PricePerUnit":29.8}}]}},{"ASIN":"B0BPN5PWY3","DetailPageURL":"https://www.amazon.es/dp/B0BPN5PWY3?tag=topinalambricos-21&linkCode=osi&th=1&psc=1","Images":{"Primary":{"Small":{"Height":75,"URL":"https://m.media-amazon.com/images/I/511GOk2abCL._SL75_.jpg","Width":75}}},"ItemInfo":{"ByLineInfo":{"Brand":{"DisplayValue":"GxDetail","Label":"Brand","Locale":"es_ES"},"Manufacturer":{"DisplayValue":"GxDetail","Label":"Manufacturer","Locale":"es_ES"}},"Title":{"DisplayValue":"GxDetail Pack Cuidado Cuero - Kit Limpieza e Hidratación para Cuero Coche Gx Detail - Kit Con Accesorios y Limpiador de Asientos de Cuero - Limpia Asientos Tapicerias Piel y Cuero de Coche...","Label":"Title","Locale":"es_ES"}},"Offers":{"Summaries":[{"Condition":{"Value":"New"},"LowestPrice":{"Amount":34.95,"Currency":"EUR","DisplayAmount":"34,95 € (34,95 € / l)","PricePerUnit":34.95}}]}},{"ASIN":"B005EBNZTI","DetailPageURL":"https://www.amazon.es/dp/B005EBNZTI?tag=topinalambricos-21&linkCode=osi&th=1&psc=1","Images":{"Primary":{"Small":{"Height":75,"URL":"https://m.media-amazon.com/images/I/41MKOfJ00uL._SL75_.jpg","Width":75}}},"ItemInfo":{"ByLineInfo":{"Brand":{"DisplayValue":"Renapur","Label":"Brand","Locale":"es_ES"},"Manufacturer":{"DisplayValue":"Renapur Ltd","Label":"Manufacturer","Locale":"es_ES"}},"Title":{"DisplayValue":"Bálsamo de cuero, bálsamo natural, acondicionador y restaurador Renapur (200ml + esponja aplicadora)","Label":"Title","Locale":"es_ES"}},"Offers":{"Summaries":[{"Condition":{"Value":"New"},"LowestPrice":{"Amount":17.5,"Currency":"EUR","DisplayAmount":"17,50 €"}}]}},{"ASIN":"B01M0E5OC6","DetailPageURL":"https://www.amazon.es/dp/B01M0E5OC6?tag=topinalambricos-21&linkCode=osi&th=1&psc=1","Images":{"Primary":{"Small":{"Height":75,"URL":"https://m.media-amazon.com/images/I/31aqST56JDL._SL75_.jpg","Width":75}}},"ItemInfo":{"ByLineInfo":{"Brand":{"DisplayValue":"QM Cleaner","Label":"Brand","Locale":"es_ES"},"Manufacturer":{"DisplayValue":"QM Cleaner","Label":"Manufacturer","Locale":"es_ES"}},"Title":{"DisplayValue":"QM Cleaner LEATHER | Limpiador para cuero, piel y polipiel - Ideal para sillones, tapicerías de vehículos y complementos (Bolsos, chaquetas...) - 500ml","Label":"Title","Locale":"es_ES"}},"Offers":{"Summaries":[{"Condition":{"Value":"New"},"LowestPrice":{"Amount":15.99,"Currency":"EUR","DisplayAmount":"15,99 €"}}]}}],"SearchURL":"https://www.amazon.es/s?k=limpiar+cuero&rh=n%3A2424866031%2Cp_n_availability%3A-1&tag=topinalambricos-21&linkCode=osi","TotalResultCount":743}},"67":{"SearchResult":{"Items":[{"ASIN":"B07SL4WY1W","DetailPageURL":"https://www.amazon.es/dp/B07SL4WY1W?tag=topinalambricos-21&linkCode=osi&th=1&psc=1","Images":{"Primary":{"Small":{"Height":75,"URL":"https://m.media-amazon.com/images/I/4150jn7SysL._SL75_.jpg","Width":75}}},"ItemInfo":{"ByLineInfo":{"Brand":{"DisplayValue":"Maddox Detail","Label":"Brand","Locale":"es_ES"},"Manufacturer":{"DisplayValue":"Maddox Automoción SL","Label":"Manufacturer","Locale":"es_ES"}},"Title":{"DisplayValue":"Maddox Detail - Leather Detailer 500 ml | Limpiador y Acondicionador de Cuero | Limpieza Profunda para Coche y Sofá | Tratamiento de Piel | Elimina Suciedad y Manchas | Restaura Asientos","Label":"Title","Locale":"es_ES"}},"Offers":{"Summaries":[{"Condition":{"Value":"New"},"LowestPrice":{"Amount":12.9,"Currency":"EUR","DisplayAmount":"12,90 € (25,80 € / l)","PricePerUnit":25.8}}]}},{"ASIN":"B007DJ566O","DetailPageURL":"https://www.amazon.es/dp/B007DJ566O?tag=topinalambricos-21&linkCode=osi&th=1&psc=1","Images":{"Primary":{"Small":{"Height":75,"URL":"https://m.media-amazon.com/images/I/41Arv3FwqYL._SL75_.jpg","Width":75}}},"ItemInfo":{"ByLineInfo":{"Brand":{"DisplayValue":"DELARA","Label":"Brand","Locale":"es_ES"},"Manufacturer":{"DisplayValue":"DELARA","Label":"Manufacturer","Locale":"es_ES"}},"Title":{"DisplayValue":"DELARA Protector intensivo de cuero 100 ml, color: incoloro – Made in Germany","Label":"Title","Locale":"es_ES"}},"Offers":{"Summaries":[{"Condition":{"Value":"New"},"LowestPrice":{"Amount":10.99,"Currency":"EUR","DisplayAmount":"10,99 €"}}]}},{"ASIN":"B0BNZ6LN98","DetailPageURL":"https://www.amazon.es/dp/B0BNZ6LN98?tag=topinalambricos-21&linkCode=osi&th=1&psc=1","Images":{"Primary":{"Small":{"Height":75,"URL":"https://m.media-amazon.com/images/I/41FW8HzHpVL._SL75_.jpg","Width":75}}},"ItemInfo":{"ByLineInfo":{"Brand":{"DisplayValue":"GxDetail","Label":"Brand","Locale":"es_ES"},"Manufacturer":{"DisplayValue":"GxDetail","Label":"Manufacturer","Locale":"es_ES"}},"Title":{"DisplayValue":"GxDetail Limpiador de Cuero y Piel - Limpia, protege y ayuda a mantener las superficies nuevas - Limpiador de Asientos de coche de Cuero - Leather Cleaner (500 ml.)","Label":"Title","Locale":"es_ES"}},"Offers":{"Summaries":[{"Condition":{"Value":"New"},"LowestPrice":{"Amount":10.99,"Currency":"EUR","DisplayAmount":"10,99 € (21,98 € / l)","PricePerUnit":21.98}}]}},{"ASIN":"B07JWHH61W","DetailPageURL":"https://www.amazon.es/dp/B07JWHH61W?tag=topinalambricos-21&linkCode=osi&th=1&psc=1","Images":{"Primary":{"Small":{"Height":75,"URL":"https://m.media-amazon.com/images/I/51mbQkPkmeL._SL75_.jpg","Width":75}}},"ItemInfo":{"ByLineInfo":{"Brand":{"DisplayValue":"Maddox Detail","Label":"Brand","Locale":"es_ES"},"Manufacturer":{"DisplayValue":"Maddox Automoción","Label":"Manufacturer","Locale":"es_ES"}},"Title":{"DisplayValue":"Maddox Detail - Leather Care Kit 500ml | Limpiador y Acondicionador de Cuero y Piel | Incluye Microfibra | Kit Limpiador de Tapicería de Coche","Label":"Title","Locale":"es_ES"}},"Offers":{"Summaries":[{"Condition":{"Value":"New"},"LowestPrice":{"Amount":26.5,"Currency":"EUR","DisplayAmount":"26,50 € (26,50 € / l)","PricePerUnit":26.5}}]}},{"ASIN":"B07K9XPXF8","DetailPageURL":"https://www.amazon.es/dp/B07K9XPXF8?tag=topinalambricos-21&linkCode=osi&th=1&psc=1","Images":{"Primary":{"Small":{"Height":75,"URL":"https://m.media-amazon.com/images/I/41IdIjP7B3L._SL75_.jpg","Width":75}}},"ItemInfo":{"ByLineInfo":{"Brand":{"DisplayValue":"QM Cleaner","Label":"Brand","Locale":"es_ES"},"Manufacturer":{"DisplayValue":"QM Cleaner","Label":"Manufacturer","Locale":"es_ES"}},"Title":{"DisplayValue":"QM Cleaner Limpieza e hidratación Cuero. Cuidado y Limpieza de la tapicería del Coche, sillones Sofa de Cuero. Limpia e hidrata (Kit Leather)","Label":"Title","Locale":"es_ES"}},"Offers":{"Summaries":[{"Condition":{"Value":"New"},"LowestPrice":{"Amount":28.49,"Currency":"EUR","DisplayAmount":"28,49 €"}}]}},{"ASIN":"B0BHT8LCCP","DetailPageURL":"https://www.amazon.es/dp/B0BHT8LCCP?tag=topinalambricos-21&linkCode=osi&th=1&psc=1","Images":{"Primary":{"Small":{"Height":75,"URL":"https://m.media-amazon.com/images/I/31vFEUUo0OL._SL75_.jpg","Width":75}}},"ItemInfo":{"ByLineInfo":{"Brand":{"DisplayValue":"LAAV","Label":"Brand","Locale":"es_ES"},"Manufacturer":{"DisplayValue":"CSG Sp. z o.o.","Label":"Manufacturer","Locale":"es_ES"}},"Title":{"DisplayValue":"LAAV Limpiador Cuero Leather Cleaner (250 ml) I Elimina la Suciedad y Las Manchas, no Seca I Limpiador Tapiceria Coche I Producto de Limpieza Ecológico para Todos los Productos de Piel","Label":"Title","Locale":"es_ES"}},"Offers":{"Summaries":[{"Condition":{"Value":"New"},"LowestPrice":{"Amount":6.9,"Currency":"EUR","DisplayAmount":"6,90 € (27,60 € / l)","PricePerUnit":27.6}}]}},{"ASIN":"B074KKZVMF","DetailPageURL":"https://www.amazon.es/dp/B074KKZVMF?tag=topinalambricos-21&linkCode=osi&th=1&psc=1","Images":{"Primary":{"Small":{"Height":75,"URL":"https://m.media-amazon.com/images/I/410nKkuP99L._SL75_.jpg","Width":75}}},"ItemInfo":{"ByLineInfo":{"Brand":{"DisplayValue":"Maddox Detail","Label":"Brand","Locale":"es_ES"},"Manufacturer":{"DisplayValue":"Maddox Automocion Sl","Label":"Manufacturer","Locale":"es_ES"}},"Title":{"DisplayValue":"Maddox Detail - Leather Conditioner 500ml | Hidratante y Tratamiento Cuero Coche | Limpiador Asientos de Cuero y Piel, Negro","Label":"Title","Locale":"es_ES"}},"Offers":{"Summaries":[{"Condition":{"Value":"New"},"LowestPrice":{"Amount":14.9,"Currency":"EUR","DisplayAmount":"14,90 € (29,80 € / l)","PricePerUnit":29.8}}]}},{"ASIN":"B0BPN5PWY3","DetailPageURL":"https://www.amazon.es/dp/B0BPN5PWY3?tag=topinalambricos-21&linkCode=osi&th=1&psc=1","Images":{"Primary":{"Small":{"Height":75,"URL":"https://m.media-amazon.com/images/I/511GOk2abCL._SL75_.jpg","Width":75}}},"ItemInfo":{"ByLineInfo":{"Brand":{"DisplayValue":"GxDetail","Label":"Brand","Locale":"es_ES"},"Manufacturer":{"DisplayValue":"GxDetail","Label":"Manufacturer","Locale":"es_ES"}},"Title":{"DisplayValue":"GxDetail Pack Cuidado Cuero - Kit Limpieza e Hidratación para Cuero Coche Gx Detail - Kit Con Accesorios y Limpiador de Asientos de Cuero - Limpia Asientos Tapicerias Piel y Cuero de Coche...","Label":"Title","Locale":"es_ES"}},"Offers":{"Summaries":[{"Condition":{"Value":"New"},"LowestPrice":{"Amount":34.95,"Currency":"EUR","DisplayAmount":"34,95 € (34,95 € / l)","PricePerUnit":34.95}}]}},{"ASIN":"B005EBNZTI","DetailPageURL":"https://www.amazon.es/dp/B005EBNZTI?tag=topinalambricos-21&linkCode=osi&th=1&psc=1","Images":{"Primary":{"Small":{"Height":75,"URL":"https://m.media-amazon.com/images/I/41MKOfJ00uL._SL75_.jpg","Width":75}}},"ItemInfo":{"ByLineInfo":{"Brand":{"DisplayValue":"Renapur","Label":"Brand","Locale":"es_ES"},"Manufacturer":{"DisplayValue":"Renapur Ltd","Label":"Manufacturer","Locale":"es_ES"}},"Title":{"DisplayValue":"Bálsamo de cuero, bálsamo natural, acondicionador y restaurador Renapur (200ml + esponja aplicadora)","Label":"Title","Locale":"es_ES"}},"Offers":{"Summaries":[{"Condition":{"Value":"New"},"LowestPrice":{"Amount":17.5,"Currency":"EUR","DisplayAmount":"17,50 €"}}]}},{"ASIN":"B01M0E5OC6","DetailPageURL":"https://www.amazon.es/dp/B01M0E5OC6?tag=topinalambricos-21&linkCode=osi&th=1&psc=1","Images":{"Primary":{"Small":{"Height":75,"URL":"https://m.media-amazon.com/images/I/31aqST56JDL._SL75_.jpg","Width":75}}},"ItemInfo":{"ByLineInfo":{"Brand":{"DisplayValue":"QM Cleaner","Label":"Brand","Locale":"es_ES"},"Manufacturer":{"DisplayValue":"QM Cleaner","Label":"Manufacturer","Locale":"es_ES"}},"Title":{"DisplayValue":"QM Cleaner LEATHER | Limpiador para cuero, piel y polipiel - Ideal para sillones, tapicerías de vehículos y complementos (Bolsos, chaquetas...) - 500ml","Label":"Title","Locale":"es_ES"}},"Offers":{"Summaries":[{"Condition":{"Value":"New"},"LowestPrice":{"Amount":15.99,"Currency":"EUR","DisplayAmount":"15,99 €"}}]}}],"SearchURL":"https://www.amazon.es/s?k=limpiar+cuero&rh=n%3A2424866031%2Cp_n_availability%3A-1&tag=topinalambricos-21&linkCode=osi","TotalResultCount":743}},"68":{"SearchResult":{"Items":[{"ASIN":"B07SL4WY1W","DetailPageURL":"https://www.amazon.es/dp/B07SL4WY1W?tag=topinalambricos-21&linkCode=osi&th=1&psc=1","Images":{"Primary":{"Small":{"Height":75,"URL":"https://m.media-amazon.com/images/I/4150jn7SysL._SL75_.jpg","Width":75}}},"ItemInfo":{"ByLineInfo":{"Brand":{"DisplayValue":"Maddox Detail","Label":"Brand","Locale":"es_ES"},"Manufacturer":{"DisplayValue":"Maddox Automoción SL","Label":"Manufacturer","Locale":"es_ES"}},"Title":{"DisplayValue":"Maddox Detail - Leather Detailer 500 ml | Limpiador y Acondicionador de Cuero | Limpieza Profunda para Coche y Sofá | Tratamiento de Piel | Elimina Suciedad y Manchas | Restaura Asientos","Label":"Title","Locale":"es_ES"}},"Offers":{"Summaries":[{"Condition":{"Value":"New"},"LowestPrice":{"Amount":12.9,"Currency":"EUR","DisplayAmount":"12,90 € (25,80 € / l)","PricePerUnit":25.8}}]}},{"ASIN":"B007DJ566O","DetailPageURL":"https://www.amazon.es/dp/B007DJ566O?tag=topinalambricos-21&linkCode=osi&th=1&psc=1","Images":{"Primary":{"Small":{"Height":75,"URL":"https://m.media-amazon.com/images/I/41Arv3FwqYL._SL75_.jpg","Width":75}}},"ItemInfo":{"ByLineInfo":{"Brand":{"DisplayValue":"DELARA","Label":"Brand","Locale":"es_ES"},"Manufacturer":{"DisplayValue":"DELARA","Label":"Manufacturer","Locale":"es_ES"}},"Title":{"DisplayValue":"DELARA Protector intensivo de cuero 100 ml, color: incoloro – Made in Germany","Label":"Title","Locale":"es_ES"}},"Offers":{"Summaries":[{"Condition":{"Value":"New"},"LowestPrice":{"Amount":10.99,"Currency":"EUR","DisplayAmount":"10,99 €"}}]}},{"ASIN":"B0BNZ6LN98","DetailPageURL":"https://www.amazon.es/dp/B0BNZ6LN98?tag=topinalambricos-21&linkCode=osi&th=1&psc=1","Images":{"Primary":{"Small":{"Height":75,"URL":"https://m.media-amazon.com/images/I/41FW8HzHpVL._SL75_.jpg","Width":75}}},"ItemInfo":{"ByLineInfo":{"Brand":{"DisplayValue":"GxDetail","Label":"Brand","Locale":"es_ES"},"Manufacturer":{"DisplayValue":"GxDetail","Label":"Manufacturer","Locale":"es_ES"}},"Title":{"DisplayValue":"GxDetail Limpiador de Cuero y Piel - Limpia, protege y ayuda a mantener las superficies nuevas - Limpiador de Asientos de coche de Cuero - Leather Cleaner (500 ml.)","Label":"Title","Locale":"es_ES"}},"Offers":{"Summaries":[{"Condition":{"Value":"New"},"LowestPrice":{"Amount":10.99,"Currency":"EUR","DisplayAmount":"10,99 € (21,98 € / l)","PricePerUnit":21.98}}]}},{"ASIN":"B07JWHH61W","DetailPageURL":"https://www.amazon.es/dp/B07JWHH61W?tag=topinalambricos-21&linkCode=osi&th=1&psc=1","Images":{"Primary":{"Small":{"Height":75,"URL":"https://m.media-amazon.com/images/I/51mbQkPkmeL._SL75_.jpg","Width":75}}},"ItemInfo":{"ByLineInfo":{"Brand":{"DisplayValue":"Maddox Detail","Label":"Brand","Locale":"es_ES"},"Manufacturer":{"DisplayValue":"Maddox Automoción","Label":"Manufacturer","Locale":"es_ES"}},"Title":{"DisplayValue":"Maddox Detail - Leather Care Kit 500ml | Limpiador y Acondicionador de Cuero y Piel | Incluye Microfibra | Kit Limpiador de Tapicería de Coche","Label":"Title","Locale":"es_ES"}},"Offers":{"Summaries":[{"Condition":{"Value":"New"},"LowestPrice":{"Amount":26.5,"Currency":"EUR","DisplayAmount":"26,50 € (26,50 € / l)","PricePerUnit":26.5}}]}},{"ASIN":"B07K9XPXF8","DetailPageURL":"https://www.amazon.es/dp/B07K9XPXF8?tag=topinalambricos-21&linkCode=osi&th=1&psc=1","Images":{"Primary":{"Small":{"Height":75,"URL":"https://m.media-amazon.com/images/I/41IdIjP7B3L._SL75_.jpg","Width":75}}},"ItemInfo":{"ByLineInfo":{"Brand":{"DisplayValue":"QM Cleaner","Label":"Brand","Locale":"es_ES"},"Manufacturer":{"DisplayValue":"QM Cleaner","Label":"Manufacturer","Locale":"es_ES"}},"Title":{"DisplayValue":"QM Cleaner Limpieza e hidratación Cuero. Cuidado y Limpieza de la tapicería del Coche, sillones Sofa de Cuero. Limpia e hidrata (Kit Leather)","Label":"Title","Locale":"es_ES"}},"Offers":{"Summaries":[{"Condition":{"Value":"New"},"LowestPrice":{"Amount":28.49,"Currency":"EUR","DisplayAmount":"28,49 €"}}]}},{"ASIN":"B0BHT8LCCP","DetailPageURL":"https://www.amazon.es/dp/B0BHT8LCCP?tag=topinalambricos-21&linkCode=osi&th=1&psc=1","Images":{"Primary":{"Small":{"Height":75,"URL":"https://m.media-amazon.com/images/I/31vFEUUo0OL._SL75_.jpg","Width":75}}},"ItemInfo":{"ByLineInfo":{"Brand":{"DisplayValue":"LAAV","Label":"Brand","Locale":"es_ES"},"Manufacturer":{"DisplayValue":"CSG Sp. z o.o.","Label":"Manufacturer","Locale":"es_ES"}},"Title":{"DisplayValue":"LAAV Limpiador Cuero Leather Cleaner (250 ml) I Elimina la Suciedad y Las Manchas, no Seca I Limpiador Tapiceria Coche I Producto de Limpieza Ecológico para Todos los Productos de Piel","Label":"Title","Locale":"es_ES"}},"Offers":{"Summaries":[{"Condition":{"Value":"New"},"LowestPrice":{"Amount":6.9,"Currency":"EUR","DisplayAmount":"6,90 € (27,60 € / l)","PricePerUnit":27.6}}]}},{"ASIN":"B074KKZVMF","DetailPageURL":"https://www.amazon.es/dp/B074KKZVMF?tag=topinalambricos-21&linkCode=osi&th=1&psc=1","Images":{"Primary":{"Small":{"Height":75,"URL":"https://m.media-amazon.com/images/I/410nKkuP99L._SL75_.jpg","Width":75}}},"ItemInfo":{"ByLineInfo":{"Brand":{"DisplayValue":"Maddox Detail","Label":"Brand","Locale":"es_ES"},"Manufacturer":{"DisplayValue":"Maddox Automocion Sl","Label":"Manufacturer","Locale":"es_ES"}},"Title":{"DisplayValue":"Maddox Detail - Leather Conditioner 500ml | Hidratante y Tratamiento Cuero Coche | Limpiador Asientos de Cuero y Piel, Negro","Label":"Title","Locale":"es_ES"}},"Offers":{"Summaries":[{"Condition":{"Value":"New"},"LowestPrice":{"Amount":14.9,"Currency":"EUR","DisplayAmount":"14,90 € (29,80 € / l)","PricePerUnit":29.8}}]}},{"ASIN":"B0BPN5PWY3","DetailPageURL":"https://www.amazon.es/dp/B0BPN5PWY3?tag=topinalambricos-21&linkCode=osi&th=1&psc=1","Images":{"Primary":{"Small":{"Height":75,"URL":"https://m.media-amazon.com/images/I/511GOk2abCL._SL75_.jpg","Width":75}}},"ItemInfo":{"ByLineInfo":{"Brand":{"DisplayValue":"GxDetail","Label":"Brand","Locale":"es_ES"},"Manufacturer":{"DisplayValue":"GxDetail","Label":"Manufacturer","Locale":"es_ES"}},"Title":{"DisplayValue":"GxDetail Pack Cuidado Cuero - Kit Limpieza e Hidratación para Cuero Coche Gx Detail - Kit Con Accesorios y Limpiador de Asientos de Cuero - Limpia Asientos Tapicerias Piel y Cuero de Coche...","Label":"Title","Locale":"es_ES"}},"Offers":{"Summaries":[{"Condition":{"Value":"New"},"LowestPrice":{"Amount":34.95,"Currency":"EUR","DisplayAmount":"34,95 € (34,95 € / l)","PricePerUnit":34.95}}]}},{"ASIN":"B005EBNZTI","DetailPageURL":"https://www.amazon.es/dp/B005EBNZTI?tag=topinalambricos-21&linkCode=osi&th=1&psc=1","Images":{"Primary":{"Small":{"Height":75,"URL":"https://m.media-amazon.com/images/I/41MKOfJ00uL._SL75_.jpg","Width":75}}},"ItemInfo":{"ByLineInfo":{"Brand":{"DisplayValue":"Renapur","Label":"Brand","Locale":"es_ES"},"Manufacturer":{"DisplayValue":"Renapur Ltd","Label":"Manufacturer","Locale":"es_ES"}},"Title":{"DisplayValue":"Bálsamo de cuero, bálsamo natural, acondicionador y restaurador Renapur (200ml + esponja aplicadora)","Label":"Title","Locale":"es_ES"}},"Offers":{"Summaries":[{"Condition":{"Value":"New"},"LowestPrice":{"Amount":17.5,"Currency":"EUR","DisplayAmount":"17,50 €"}}]}},{"ASIN":"B01M0E5OC6","DetailPageURL":"https://www.amazon.es/dp/B01M0E5OC6?tag=topinalambricos-21&linkCode=osi&th=1&psc=1","Images":{"Primary":{"Small":{"Height":75,"URL":"https://m.media-amazon.com/images/I/31aqST56JDL._SL75_.jpg","Width":75}}},"ItemInfo":{"ByLineInfo":{"Brand":{"DisplayValue":"QM Cleaner","Label":"Brand","Locale":"es_ES"},"Manufacturer":{"DisplayValue":"QM Cleaner","Label":"Manufacturer","Locale":"es_ES"}},"Title":{"DisplayValue":"QM Cleaner LEATHER | Limpiador para cuero, piel y polipiel - Ideal para sillones, tapicerías de vehículos y complementos (Bolsos, chaquetas...) - 500ml","Label":"Title","Locale":"es_ES"}},"Offers":{"Summaries":[{"Condition":{"Value":"New"},"LowestPrice":{"Amount":15.99,"Currency":"EUR","DisplayAmount":"15,99 €"}}]}}],"SearchURL":"https://www.amazon.es/s?k=limpiar+cuero&rh=n%3A2424866031%2Cp_n_availability%3A-1&tag=topinalambricos-21&linkCode=osi","TotalResultCount":743}},"69":{"SearchResult":{"Items":[{"ASIN":"B07SL4WY1W","DetailPageURL":"https://www.amazon.es/dp/B07SL4WY1W?tag=topinalambricos-21&linkCode=osi&th=1&psc=1","Images":{"Primary":{"Small":{"Height":75,"URL":"https://m.media-amazon.com/images/I/4150jn7SysL._SL75_.jpg","Width":75}}},"ItemInfo":{"ByLineInfo":{"Brand":{"DisplayValue":"Maddox Detail","Label":"Brand","Locale":"es_ES"},"Manufacturer":{"DisplayValue":"Maddox Automoción SL","Label":"Manufacturer","Locale":"es_ES"}},"Title":{"DisplayValue":"Maddox Detail - Leather Detailer 500 ml | Limpiador y Acondicionador de Cuero | Limpieza Profunda para Coche y Sofá | Tratamiento de Piel | Elimina Suciedad y Manchas | Restaura Asientos","Label":"Title","Locale":"es_ES"}},"Offers":{"Summaries":[{"Condition":{"Value":"New"},"LowestPrice":{"Amount":12.9,"Currency":"EUR","DisplayAmount":"12,90 € (25,80 € / l)","PricePerUnit":25.8}}]}},{"ASIN":"B007DJ566O","DetailPageURL":"https://www.amazon.es/dp/B007DJ566O?tag=topinalambricos-21&linkCode=osi&th=1&psc=1","Images":{"Primary":{"Small":{"Height":75,"URL":"https://m.media-amazon.com/images/I/41Arv3FwqYL._SL75_.jpg","Width":75}}},"ItemInfo":{"ByLineInfo":{"Brand":{"DisplayValue":"DELARA","Label":"Brand","Locale":"es_ES"},"Manufacturer":{"DisplayValue":"DELARA","Label":"Manufacturer","Locale":"es_ES"}},"Title":{"DisplayValue":"DELARA Protector intensivo de cuero 100 ml, color: incoloro – Made in Germany","Label":"Title","Locale":"es_ES"}},"Offers":{"Summaries":[{"Condition":{"Value":"New"},"LowestPrice":{"Amount":10.99,"Currency":"EUR","DisplayAmount":"10,99 €"}}]}},{"ASIN":"B0BNZ6LN98","DetailPageURL":"https://www.amazon.es/dp/B0BNZ6LN98?tag=topinalambricos-21&linkCode=osi&th=1&psc=1","Images":{"Primary":{"Small":{"Height":75,"URL":"https://m.media-amazon.com/images/I/41FW8HzHpVL._SL75_.jpg","Width":75}}},"ItemInfo":{"ByLineInfo":{"Brand":{"DisplayValue":"GxDetail","Label":"Brand","Locale":"es_ES"},"Manufacturer":{"DisplayValue":"GxDetail","Label":"Manufacturer","Locale":"es_ES"}},"Title":{"DisplayValue":"GxDetail Limpiador de Cuero y Piel - Limpia, protege y ayuda a mantener las superficies nuevas - Limpiador de Asientos de coche de Cuero - Leather Cleaner (500 ml.)","Label":"Title","Locale":"es_ES"}},"Offers":{"Summaries":[{"Condition":{"Value":"New"},"LowestPrice":{"Amount":10.99,"Currency":"EUR","DisplayAmount":"10,99 € (21,98 € / l)","PricePerUnit":21.98}}]}},{"ASIN":"B07JWHH61W","DetailPageURL":"https://www.amazon.es/dp/B07JWHH61W?tag=topinalambricos-21&linkCode=osi&th=1&psc=1","Images":{"Primary":{"Small":{"Height":75,"URL":"https://m.media-amazon.com/images/I/51mbQkPkmeL._SL75_.jpg","Width":75}}},"ItemInfo":{"ByLineInfo":{"Brand":{"DisplayValue":"Maddox Detail","Label":"Brand","Locale":"es_ES"},"Manufacturer":{"DisplayValue":"Maddox Automoción","Label":"Manufacturer","Locale":"es_ES"}},"Title":{"DisplayValue":"Maddox Detail - Leather Care Kit 500ml | Limpiador y Acondicionador de Cuero y Piel | Incluye Microfibra | Kit Limpiador de Tapicería de Coche","Label":"Title","Locale":"es_ES"}},"Offers":{"Summaries":[{"Condition":{"Value":"New"},"LowestPrice":{"Amount":26.5,"Currency":"EUR","DisplayAmount":"26,50 € (26,50 € / l)","PricePerUnit":26.5}}]}},{"ASIN":"B07K9XPXF8","DetailPageURL":"https://www.amazon.es/dp/B07K9XPXF8?tag=topinalambricos-21&linkCode=osi&th=1&psc=1","Images":{"Primary":{"Small":{"Height":75,"URL":"https://m.media-amazon.com/images/I/41IdIjP7B3L._SL75_.jpg","Width":75}}},"ItemInfo":{"ByLineInfo":{"Brand":{"DisplayValue":"QM Cleaner","Label":"Brand","Locale":"es_ES"},"Manufacturer":{"DisplayValue":"QM Cleaner","Label":"Manufacturer","Locale":"es_ES"}},"Title":{"DisplayValue":"QM Cleaner Limpieza e hidratación Cuero. Cuidado y Limpieza de la tapicería del Coche, sillones Sofa de Cuero. Limpia e hidrata (Kit Leather)","Label":"Title","Locale":"es_ES"}},"Offers":{"Summaries":[{"Condition":{"Value":"New"},"LowestPrice":{"Amount":28.49,"Currency":"EUR","DisplayAmount":"28,49 €"}}]}},{"ASIN":"B0BHT8LCCP","DetailPageURL":"https://www.amazon.es/dp/B0BHT8LCCP?tag=topinalambricos-21&linkCode=osi&th=1&psc=1","Images":{"Primary":{"Small":{"Height":75,"URL":"https://m.media-amazon.com/images/I/31vFEUUo0OL._SL75_.jpg","Width":75}}},"ItemInfo":{"ByLineInfo":{"Brand":{"DisplayValue":"LAAV","Label":"Brand","Locale":"es_ES"},"Manufacturer":{"DisplayValue":"CSG Sp. z o.o.","Label":"Manufacturer","Locale":"es_ES"}},"Title":{"DisplayValue":"LAAV Limpiador Cuero Leather Cleaner (250 ml) I Elimina la Suciedad y Las Manchas, no Seca I Limpiador Tapiceria Coche I Producto de Limpieza Ecológico para Todos los Productos de Piel","Label":"Title","Locale":"es_ES"}},"Offers":{"Summaries":[{"Condition":{"Value":"New"},"LowestPrice":{"Amount":6.9,"Currency":"EUR","DisplayAmount":"6,90 € (27,60 € / l)","PricePerUnit":27.6}}]}},{"ASIN":"B074KKZVMF","DetailPageURL":"https://www.amazon.es/dp/B074KKZVMF?tag=topinalambricos-21&linkCode=osi&th=1&psc=1","Images":{"Primary":{"Small":{"Height":75,"URL":"https://m.media-amazon.com/images/I/410nKkuP99L._SL75_.jpg","Width":75}}},"ItemInfo":{"ByLineInfo":{"Brand":{"DisplayValue":"Maddox Detail","Label":"Brand","Locale":"es_ES"},"Manufacturer":{"DisplayValue":"Maddox Automocion Sl","Label":"Manufacturer","Locale":"es_ES"}},"Title":{"DisplayValue":"Maddox Detail - Leather Conditioner 500ml | Hidratante y Tratamiento Cuero Coche | Limpiador Asientos de Cuero y Piel, Negro","Label":"Title","Locale":"es_ES"}},"Offers":{"Summaries":[{"Condition":{"Value":"New"},"LowestPrice":{"Amount":14.9,"Currency":"EUR","DisplayAmount":"14,90 € (29,80 € / l)","PricePerUnit":29.8}}]}},{"ASIN":"B0BPN5PWY3","DetailPageURL":"https://www.amazon.es/dp/B0BPN5PWY3?tag=topinalambricos-21&linkCode=osi&th=1&psc=1","Images":{"Primary":{"Small":{"Height":75,"URL":"https://m.media-amazon.com/images/I/511GOk2abCL._SL75_.jpg","Width":75}}},"ItemInfo":{"ByLineInfo":{"Brand":{"DisplayValue":"GxDetail","Label":"Brand","Locale":"es_ES"},"Manufacturer":{"DisplayValue":"GxDetail","Label":"Manufacturer","Locale":"es_ES"}},"Title":{"DisplayValue":"GxDetail Pack Cuidado Cuero - Kit Limpieza e Hidratación para Cuero Coche Gx Detail - Kit Con Accesorios y Limpiador de Asientos de Cuero - Limpia Asientos Tapicerias Piel y Cuero de Coche...","Label":"Title","Locale":"es_ES"}},"Offers":{"Summaries":[{"Condition":{"Value":"New"},"LowestPrice":{"Amount":34.95,"Currency":"EUR","DisplayAmount":"34,95 € (34,95 € / l)","PricePerUnit":34.95}}]}},{"ASIN":"B005EBNZTI","DetailPageURL":"https://www.amazon.es/dp/B005EBNZTI?tag=topinalambricos-21&linkCode=osi&th=1&psc=1","Images":{"Primary":{"Small":{"Height":75,"URL":"https://m.media-amazon.com/images/I/41MKOfJ00uL._SL75_.jpg","Width":75}}},"ItemInfo":{"ByLineInfo":{"Brand":{"DisplayValue":"Renapur","Label":"Brand","Locale":"es_ES"},"Manufacturer":{"DisplayValue":"Renapur Ltd","Label":"Manufacturer","Locale":"es_ES"}},"Title":{"DisplayValue":"Bálsamo de cuero, bálsamo natural, acondicionador y restaurador Renapur (200ml + esponja aplicadora)","Label":"Title","Locale":"es_ES"}},"Offers":{"Summaries":[{"Condition":{"Value":"New"},"LowestPrice":{"Amount":17.5,"Currency":"EUR","DisplayAmount":"17,50 €"}}]}},{"ASIN":"B01M0E5OC6","DetailPageURL":"https://www.amazon.es/dp/B01M0E5OC6?tag=topinalambricos-21&linkCode=osi&th=1&psc=1","Images":{"Primary":{"Small":{"Height":75,"URL":"https://m.media-amazon.com/images/I/31aqST56JDL._SL75_.jpg","Width":75}}},"ItemInfo":{"ByLineInfo":{"Brand":{"DisplayValue":"QM Cleaner","Label":"Brand","Locale":"es_ES"},"Manufacturer":{"DisplayValue":"QM Cleaner","Label":"Manufacturer","Locale":"es_ES"}},"Title":{"DisplayValue":"QM Cleaner LEATHER | Limpiador para cuero, piel y polipiel - Ideal para sillones, tapicerías de vehículos y complementos (Bolsos, chaquetas...) - 500ml","Label":"Title","Locale":"es_ES"}},"Offers":{"Summaries":[{"Condition":{"Value":"New"},"LowestPrice":{"Amount":15.99,"Currency":"EUR","DisplayAmount":"15,99 €"}}]}}],"SearchURL":"https://www.amazon.es/s?k=limpiar+cuero&rh=n%3A2424866031%2Cp_n_availability%3A-1&tag=topinalambricos-21&linkCode=osi","TotalResultCount":743}},"70":{"SearchResult":{"Items":[{"ASIN":"B07SL4WY1W","DetailPageURL":"https://www.amazon.es/dp/B07SL4WY1W?tag=topinalambricos-21&linkCode=osi&th=1&psc=1","Images":{"Primary":{"Small":{"Height":75,"URL":"https://m.media-amazon.com/images/I/4150jn7SysL._SL75_.jpg","Width":75}}},"ItemInfo":{"ByLineInfo":{"Brand":{"DisplayValue":"Maddox Detail","Label":"Brand","Locale":"es_ES"},"Manufacturer":{"DisplayValue":"Maddox Automoción SL","Label":"Manufacturer","Locale":"es_ES"}},"Title":{"DisplayValue":"Maddox Detail - Leather Detailer 500 ml | Limpiador y Acondicionador de Cuero | Limpieza Profunda para Coche y Sofá | Tratamiento de Piel | Elimina Suciedad y Manchas | Restaura Asientos","Label":"Title","Locale":"es_ES"}},"Offers":{"Summaries":[{"Condition":{"Value":"New"},"LowestPrice":{"Amount":12.9,"Currency":"EUR","DisplayAmount":"12,90 € (25,80 € / l)","PricePerUnit":25.8}}]}},{"ASIN":"B007DJ566O","DetailPageURL":"https://www.amazon.es/dp/B007DJ566O?tag=topinalambricos-21&linkCode=osi&th=1&psc=1","Images":{"Primary":{"Small":{"Height":75,"URL":"https://m.media-amazon.com/images/I/41Arv3FwqYL._SL75_.jpg","Width":75}}},"ItemInfo":{"ByLineInfo":{"Brand":{"DisplayValue":"DELARA","Label":"Brand","Locale":"es_ES"},"Manufacturer":{"DisplayValue":"DELARA","Label":"Manufacturer","Locale":"es_ES"}},"Title":{"DisplayValue":"DELARA Protector intensivo de cuero 100 ml, color: incoloro – Made in Germany","Label":"Title","Locale":"es_ES"}},"Offers":{"Summaries":[{"Condition":{"Value":"New"},"LowestPrice":{"Amount":10.99,"Currency":"EUR","DisplayAmount":"10,99 €"}}]}},{"ASIN":"B0BNZ6LN98","DetailPageURL":"https://www.amazon.es/dp/B0BNZ6LN98?tag=topinalambricos-21&linkCode=osi&th=1&psc=1","Images":{"Primary":{"Small":{"Height":75,"URL":"https://m.media-amazon.com/images/I/41FW8HzHpVL._SL75_.jpg","Width":75}}},"ItemInfo":{"ByLineInfo":{"Brand":{"DisplayValue":"GxDetail","Label":"Brand","Locale":"es_ES"},"Manufacturer":{"DisplayValue":"GxDetail","Label":"Manufacturer","Locale":"es_ES"}},"Title":{"DisplayValue":"GxDetail Limpiador de Cuero y Piel - Limpia, protege y ayuda a mantener las superficies nuevas - Limpiador de Asientos de coche de Cuero - Leather Cleaner (500 ml.)","Label":"Title","Locale":"es_ES"}},"Offers":{"Summaries":[{"Condition":{"Value":"New"},"LowestPrice":{"Amount":10.99,"Currency":"EUR","DisplayAmount":"10,99 € (21,98 € / l)","PricePerUnit":21.98}}]}},{"ASIN":"B07JWHH61W","DetailPageURL":"https://www.amazon.es/dp/B07JWHH61W?tag=topinalambricos-21&linkCode=osi&th=1&psc=1","Images":{"Primary":{"Small":{"Height":75,"URL":"https://m.media-amazon.com/images/I/51mbQkPkmeL._SL75_.jpg","Width":75}}},"ItemInfo":{"ByLineInfo":{"Brand":{"DisplayValue":"Maddox Detail","Label":"Brand","Locale":"es_ES"},"Manufacturer":{"DisplayValue":"Maddox Automoción","Label":"Manufacturer","Locale":"es_ES"}},"Title":{"DisplayValue":"Maddox Detail - Leather Care Kit 500ml | Limpiador y Acondicionador de Cuero y Piel | Incluye Microfibra | Kit Limpiador de Tapicería de Coche","Label":"Title","Locale":"es_ES"}},"Offers":{"Summaries":[{"Condition":{"Value":"New"},"LowestPrice":{"Amount":26.5,"Currency":"EUR","DisplayAmount":"26,50 € (26,50 € / l)","PricePerUnit":26.5}}]}},{"ASIN":"B07K9XPXF8","DetailPageURL":"https://www.amazon.es/dp/B07K9XPXF8?tag=topinalambricos-21&linkCode=osi&th=1&psc=1","Images":{"Primary":{"Small":{"Height":75,"URL":"https://m.media-amazon.com/images/I/41IdIjP7B3L._SL75_.jpg","Width":75}}},"ItemInfo":{"ByLineInfo":{"Brand":{"DisplayValue":"QM Cleaner","Label":"Brand","Locale":"es_ES"},"Manufacturer":{"DisplayValue":"QM Cleaner","Label":"Manufacturer","Locale":"es_ES"}},"Title":{"DisplayValue":"QM Cleaner Limpieza e hidratación Cuero. Cuidado y Limpieza de la tapicería del Coche, sillones Sofa de Cuero. Limpia e hidrata (Kit Leather)","Label":"Title","Locale":"es_ES"}},"Offers":{"Summaries":[{"Condition":{"Value":"New"},"LowestPrice":{"Amount":28.49,"Currency":"EUR","DisplayAmount":"28,49 €"}}]}},{"ASIN":"B0BHT8LCCP","DetailPageURL":"https://www.amazon.es/dp/B0BHT8LCCP?tag=topinalambricos-21&linkCode=osi&th=1&psc=1","Images":{"Primary":{"Small":{"Height":75,"URL":"https://m.media-amazon.com/images/I/31vFEUUo0OL._SL75_.jpg","Width":75}}},"ItemInfo":{"ByLineInfo":{"Brand":{"DisplayValue":"LAAV","Label":"Brand","Locale":"es_ES"},"Manufacturer":{"DisplayValue":"CSG Sp. z o.o.","Label":"Manufacturer","Locale":"es_ES"}},"Title":{"DisplayValue":"LAAV Limpiador Cuero Leather Cleaner (250 ml) I Elimina la Suciedad y Las Manchas, no Seca I Limpiador Tapiceria Coche I Producto de Limpieza Ecológico para Todos los Productos de Piel","Label":"Title","Locale":"es_ES"}},"Offers":{"Summaries":[{"Condition":{"Value":"New"},"LowestPrice":{"Amount":6.9,"Currency":"EUR","DisplayAmount":"6,90 € (27,60 € / l)","PricePerUnit":27.6}}]}},{"ASIN":"B074KKZVMF","DetailPageURL":"https://www.amazon.es/dp/B074KKZVMF?tag=topinalambricos-21&linkCode=osi&th=1&psc=1","Images":{"Primary":{"Small":{"Height":75,"URL":"https://m.media-amazon.com/images/I/410nKkuP99L._SL75_.jpg","Width":75}}},"ItemInfo":{"ByLineInfo":{"Brand":{"DisplayValue":"Maddox Detail","Label":"Brand","Locale":"es_ES"},"Manufacturer":{"DisplayValue":"Maddox Automocion Sl","Label":"Manufacturer","Locale":"es_ES"}},"Title":{"DisplayValue":"Maddox Detail - Leather Conditioner 500ml | Hidratante y Tratamiento Cuero Coche | Limpiador Asientos de Cuero y Piel, Negro","Label":"Title","Locale":"es_ES"}},"Offers":{"Summaries":[{"Condition":{"Value":"New"},"LowestPrice":{"Amount":14.9,"Currency":"EUR","DisplayAmount":"14,90 € (29,80 € / l)","PricePerUnit":29.8}}]}},{"ASIN":"B0BPN5PWY3","DetailPageURL":"https://www.amazon.es/dp/B0BPN5PWY3?tag=topinalambricos-21&linkCode=osi&th=1&psc=1","Images":{"Primary":{"Small":{"Height":75,"URL":"https://m.media-amazon.com/images/I/511GOk2abCL._SL75_.jpg","Width":75}}},"ItemInfo":{"ByLineInfo":{"Brand":{"DisplayValue":"GxDetail","Label":"Brand","Locale":"es_ES"},"Manufacturer":{"DisplayValue":"GxDetail","Label":"Manufacturer","Locale":"es_ES"}},"Title":{"DisplayValue":"GxDetail Pack Cuidado Cuero - Kit Limpieza e Hidratación para Cuero Coche Gx Detail - Kit Con Accesorios y Limpiador de Asientos de Cuero - Limpia Asientos Tapicerias Piel y Cuero de Coche...","Label":"Title","Locale":"es_ES"}},"Offers":{"Summaries":[{"Condition":{"Value":"New"},"LowestPrice":{"Amount":34.95,"Currency":"EUR","DisplayAmount":"34,95 € (34,95 € / l)","PricePerUnit":34.95}}]}},{"ASIN":"B005EBNZTI","DetailPageURL":"https://www.amazon.es/dp/B005EBNZTI?tag=topinalambricos-21&linkCode=osi&th=1&psc=1","Images":{"Primary":{"Small":{"Height":75,"URL":"https://m.media-amazon.com/images/I/41MKOfJ00uL._SL75_.jpg","Width":75}}},"ItemInfo":{"ByLineInfo":{"Brand":{"DisplayValue":"Renapur","Label":"Brand","Locale":"es_ES"},"Manufacturer":{"DisplayValue":"Renapur Ltd","Label":"Manufacturer","Locale":"es_ES"}},"Title":{"DisplayValue":"Bálsamo de cuero, bálsamo natural, acondicionador y restaurador Renapur (200ml + esponja aplicadora)","Label":"Title","Locale":"es_ES"}},"Offers":{"Summaries":[{"Condition":{"Value":"New"},"LowestPrice":{"Amount":17.5,"Currency":"EUR","DisplayAmount":"17,50 €"}}]}},{"ASIN":"B01M0E5OC6","DetailPageURL":"https://www.amazon.es/dp/B01M0E5OC6?tag=topinalambricos-21&linkCode=osi&th=1&psc=1","Images":{"Primary":{"Small":{"Height":75,"URL":"https://m.media-amazon.com/images/I/31aqST56JDL._SL75_.jpg","Width":75}}},"ItemInfo":{"ByLineInfo":{"Brand":{"DisplayValue":"QM Cleaner","Label":"Brand","Locale":"es_ES"},"Manufacturer":{"DisplayValue":"QM Cleaner","Label":"Manufacturer","Locale":"es_ES"}},"Title":{"DisplayValue":"QM Cleaner LEATHER | Limpiador para cuero, piel y polipiel - Ideal para sillones, tapicerías de vehículos y complementos (Bolsos, chaquetas...) - 500ml","Label":"Title","Locale":"es_ES"}},"Offers":{"Summaries":[{"Condition":{"Value":"New"},"LowestPrice":{"Amount":15.99,"Currency":"EUR","DisplayAmount":"15,99 €"}}]}}],"SearchURL":"https://www.amazon.es/s?k=limpiar+cuero&rh=n%3A2424866031%2Cp_n_availability%3A-1&tag=topinalambricos-21&linkCode=osi","TotalResultCount":743}},"71":{"SearchResult":{"Items":[{"ASIN":"B07SL4WY1W","DetailPageURL":"https://www.amazon.es/dp/B07SL4WY1W?tag=topinalambricos-21&linkCode=osi&th=1&psc=1","Images":{"Primary":{"Small":{"Height":75,"URL":"https://m.media-amazon.com/images/I/4150jn7SysL._SL75_.jpg","Width":75}}},"ItemInfo":{"ByLineInfo":{"Brand":{"DisplayValue":"Maddox Detail","Label":"Brand","Locale":"es_ES"},"Manufacturer":{"DisplayValue":"Maddox Automoción SL","Label":"Manufacturer","Locale":"es_ES"}},"Title":{"DisplayValue":"Maddox Detail - Leather Detailer 500 ml | Limpiador y Acondicionador de Cuero | Limpieza Profunda para Coche y Sofá | Tratamiento de Piel | Elimina Suciedad y Manchas | Restaura Asientos","Label":"Title","Locale":"es_ES"}},"Offers":{"Summaries":[{"Condition":{"Value":"New"},"LowestPrice":{"Amount":12.9,"Currency":"EUR","DisplayAmount":"12,90 € (25,80 € / l)","PricePerUnit":25.8}}]}},{"ASIN":"B007DJ566O","DetailPageURL":"https://www.amazon.es/dp/B007DJ566O?tag=topinalambricos-21&linkCode=osi&th=1&psc=1","Images":{"Primary":{"Small":{"Height":75,"URL":"https://m.media-amazon.com/images/I/41Arv3FwqYL._SL75_.jpg","Width":75}}},"ItemInfo":{"ByLineInfo":{"Brand":{"DisplayValue":"DELARA","Label":"Brand","Locale":"es_ES"},"Manufacturer":{"DisplayValue":"DELARA","Label":"Manufacturer","Locale":"es_ES"}},"Title":{"DisplayValue":"DELARA Protector intensivo de cuero 100 ml, color: incoloro – Made in Germany","Label":"Title","Locale":"es_ES"}},"Offers":{"Summaries":[{"Condition":{"Value":"New"},"LowestPrice":{"Amount":10.99,"Currency":"EUR","DisplayAmount":"10,99 €"}}]}},{"ASIN":"B0BNZ6LN98","DetailPageURL":"https://www.amazon.es/dp/B0BNZ6LN98?tag=topinalambricos-21&linkCode=osi&th=1&psc=1","Images":{"Primary":{"Small":{"Height":75,"URL":"https://m.media-amazon.com/images/I/41FW8HzHpVL._SL75_.jpg","Width":75}}},"ItemInfo":{"ByLineInfo":{"Brand":{"DisplayValue":"GxDetail","Label":"Brand","Locale":"es_ES"},"Manufacturer":{"DisplayValue":"GxDetail","Label":"Manufacturer","Locale":"es_ES"}},"Title":{"DisplayValue":"GxDetail Limpiador de Cuero y Piel - Limpia, protege y ayuda a mantener las superficies nuevas - Limpiador de Asientos de coche de Cuero - Leather Cleaner (500 ml.)","Label":"Title","Locale":"es_ES"}},"Offers":{"Summaries":[{"Condition":{"Value":"New"},"LowestPrice":{"Amount":10.99,"Currency":"EUR","DisplayAmount":"10,99 € (21,98 € / l)","PricePerUnit":21.98}}]}},{"ASIN":"B07JWHH61W","DetailPageURL":"https://www.amazon.es/dp/B07JWHH61W?tag=topinalambricos-21&linkCode=osi&th=1&psc=1","Images":{"Primary":{"Small":{"Height":75,"URL":"https://m.media-amazon.com/images/I/51mbQkPkmeL._SL75_.jpg","Width":75}}},"ItemInfo":{"ByLineInfo":{"Brand":{"DisplayValue":"Maddox Detail","Label":"Brand","Locale":"es_ES"},"Manufacturer":{"DisplayValue":"Maddox Automoción","Label":"Manufacturer","Locale":"es_ES"}},"Title":{"DisplayValue":"Maddox Detail - Leather Care Kit 500ml | Limpiador y Acondicionador de Cuero y Piel | Incluye Microfibra | Kit Limpiador de Tapicería de Coche","Label":"Title","Locale":"es_ES"}},"Offers":{"Summaries":[{"Condition":{"Value":"New"},"LowestPrice":{"Amount":26.5,"Currency":"EUR","DisplayAmount":"26,50 € (26,50 € / l)","PricePerUnit":26.5}}]}},{"ASIN":"B07K9XPXF8","DetailPageURL":"https://www.amazon.es/dp/B07K9XPXF8?tag=topinalambricos-21&linkCode=osi&th=1&psc=1","Images":{"Primary":{"Small":{"Height":75,"URL":"https://m.media-amazon.com/images/I/41IdIjP7B3L._SL75_.jpg","Width":75}}},"ItemInfo":{"ByLineInfo":{"Brand":{"DisplayValue":"QM Cleaner","Label":"Brand","Locale":"es_ES"},"Manufacturer":{"DisplayValue":"QM Cleaner","Label":"Manufacturer","Locale":"es_ES"}},"Title":{"DisplayValue":"QM Cleaner Limpieza e hidratación Cuero. Cuidado y Limpieza de la tapicería del Coche, sillones Sofa de Cuero. Limpia e hidrata (Kit Leather)","Label":"Title","Locale":"es_ES"}},"Offers":{"Summaries":[{"Condition":{"Value":"New"},"LowestPrice":{"Amount":28.49,"Currency":"EUR","DisplayAmount":"28,49 €"}}]}},{"ASIN":"B0BHT8LCCP","DetailPageURL":"https://www.amazon.es/dp/B0BHT8LCCP?tag=topinalambricos-21&linkCode=osi&th=1&psc=1","Images":{"Primary":{"Small":{"Height":75,"URL":"https://m.media-amazon.com/images/I/31vFEUUo0OL._SL75_.jpg","Width":75}}},"ItemInfo":{"ByLineInfo":{"Brand":{"DisplayValue":"LAAV","Label":"Brand","Locale":"es_ES"},"Manufacturer":{"DisplayValue":"CSG Sp. z o.o.","Label":"Manufacturer","Locale":"es_ES"}},"Title":{"DisplayValue":"LAAV Limpiador Cuero Leather Cleaner (250 ml) I Elimina la Suciedad y Las Manchas, no Seca I Limpiador Tapiceria Coche I Producto de Limpieza Ecológico para Todos los Productos de Piel","Label":"Title","Locale":"es_ES"}},"Offers":{"Summaries":[{"Condition":{"Value":"New"},"LowestPrice":{"Amount":6.9,"Currency":"EUR","DisplayAmount":"6,90 € (27,60 € / l)","PricePerUnit":27.6}}]}},{"ASIN":"B074KKZVMF","DetailPageURL":"https://www.amazon.es/dp/B074KKZVMF?tag=topinalambricos-21&linkCode=osi&th=1&psc=1","Images":{"Primary":{"Small":{"Height":75,"URL":"https://m.media-amazon.com/images/I/410nKkuP99L._SL75_.jpg","Width":75}}},"ItemInfo":{"ByLineInfo":{"Brand":{"DisplayValue":"Maddox Detail","Label":"Brand","Locale":"es_ES"},"Manufacturer":{"DisplayValue":"Maddox Automocion Sl","Label":"Manufacturer","Locale":"es_ES"}},"Title":{"DisplayValue":"Maddox Detail - Leather Conditioner 500ml | Hidratante y Tratamiento Cuero Coche | Limpiador Asientos de Cuero y Piel, Negro","Label":"Title","Locale":"es_ES"}},"Offers":{"Summaries":[{"Condition":{"Value":"New"},"LowestPrice":{"Amount":14.9,"Currency":"EUR","DisplayAmount":"14,90 € (29,80 € / l)","PricePerUnit":29.8}}]}},{"ASIN":"B0BPN5PWY3","DetailPageURL":"https://www.amazon.es/dp/B0BPN5PWY3?tag=topinalambricos-21&linkCode=osi&th=1&psc=1","Images":{"Primary":{"Small":{"Height":75,"URL":"https://m.media-amazon.com/images/I/511GOk2abCL._SL75_.jpg","Width":75}}},"ItemInfo":{"ByLineInfo":{"Brand":{"DisplayValue":"GxDetail","Label":"Brand","Locale":"es_ES"},"Manufacturer":{"DisplayValue":"GxDetail","Label":"Manufacturer","Locale":"es_ES"}},"Title":{"DisplayValue":"GxDetail Pack Cuidado Cuero - Kit Limpieza e Hidratación para Cuero Coche Gx Detail - Kit Con Accesorios y Limpiador de Asientos de Cuero - Limpia Asientos Tapicerias Piel y Cuero de Coche...","Label":"Title","Locale":"es_ES"}},"Offers":{"Summaries":[{"Condition":{"Value":"New"},"LowestPrice":{"Amount":34.95,"Currency":"EUR","DisplayAmount":"34,95 € (34,95 € / l)","PricePerUnit":34.95}}]}},{"ASIN":"B005EBNZTI","DetailPageURL":"https://www.amazon.es/dp/B005EBNZTI?tag=topinalambricos-21&linkCode=osi&th=1&psc=1","Images":{"Primary":{"Small":{"Height":75,"URL":"https://m.media-amazon.com/images/I/41MKOfJ00uL._SL75_.jpg","Width":75}}},"ItemInfo":{"ByLineInfo":{"Brand":{"DisplayValue":"Renapur","Label":"Brand","Locale":"es_ES"},"Manufacturer":{"DisplayValue":"Renapur Ltd","Label":"Manufacturer","Locale":"es_ES"}},"Title":{"DisplayValue":"Bálsamo de cuero, bálsamo natural, acondicionador y restaurador Renapur (200ml + esponja aplicadora)","Label":"Title","Locale":"es_ES"}},"Offers":{"Summaries":[{"Condition":{"Value":"New"},"LowestPrice":{"Amount":17.5,"Currency":"EUR","DisplayAmount":"17,50 €"}}]}},{"ASIN":"B01M0E5OC6","DetailPageURL":"https://www.amazon.es/dp/B01M0E5OC6?tag=topinalambricos-21&linkCode=osi&th=1&psc=1","Images":{"Primary":{"Small":{"Height":75,"URL":"https://m.media-amazon.com/images/I/31aqST56JDL._SL75_.jpg","Width":75}}},"ItemInfo":{"ByLineInfo":{"Brand":{"DisplayValue":"QM Cleaner","Label":"Brand","Locale":"es_ES"},"Manufacturer":{"DisplayValue":"QM Cleaner","Label":"Manufacturer","Locale":"es_ES"}},"Title":{"DisplayValue":"QM Cleaner LEATHER | Limpiador para cuero, piel y polipiel - Ideal para sillones, tapicerías de vehículos y complementos (Bolsos, chaquetas...) - 500ml","Label":"Title","Locale":"es_ES"}},"Offers":{"Summaries":[{"Condition":{"Value":"New"},"LowestPrice":{"Amount":15.99,"Currency":"EUR","DisplayAmount":"15,99 €"}}]}}],"SearchURL":"https://www.amazon.es/s?k=limpiar+cuero&rh=n%3A2424866031%2Cp_n_availability%3A-1&tag=topinalambricos-21&linkCode=osi","TotalResultCount":743}},"72":{"SearchResult":{"Items":[{"ASIN":"B07SL4WY1W","DetailPageURL":"https://www.amazon.es/dp/B07SL4WY1W?tag=topinalambricos-21&linkCode=osi&th=1&psc=1","Images":{"Primary":{"Small":{"Height":75,"URL":"https://m.media-amazon.com/images/I/4150jn7SysL._SL75_.jpg","Width":75}}},"ItemInfo":{"ByLineInfo":{"Brand":{"DisplayValue":"Maddox Detail","Label":"Brand","Locale":"es_ES"},"Manufacturer":{"DisplayValue":"Maddox Automoción SL","Label":"Manufacturer","Locale":"es_ES"}},"Title":{"DisplayValue":"Maddox Detail - Leather Detailer 500 ml | Limpiador y Acondicionador de Cuero | Limpieza Profunda para Coche y Sofá | Tratamiento de Piel | Elimina Suciedad y Manchas | Restaura Asientos","Label":"Title","Locale":"es_ES"}},"Offers":{"Summaries":[{"Condition":{"Value":"New"},"LowestPrice":{"Amount":12.9,"Currency":"EUR","DisplayAmount":"12,90 € (25,80 € / l)","PricePerUnit":25.8}}]}},{"ASIN":"B007DJ566O","DetailPageURL":"https://www.amazon.es/dp/B007DJ566O?tag=topinalambricos-21&linkCode=osi&th=1&psc=1","Images":{"Primary":{"Small":{"Height":75,"URL":"https://m.media-amazon.com/images/I/41Arv3FwqYL._SL75_.jpg","Width":75}}},"ItemInfo":{"ByLineInfo":{"Brand":{"DisplayValue":"DELARA","Label":"Brand","Locale":"es_ES"},"Manufacturer":{"DisplayValue":"DELARA","Label":"Manufacturer","Locale":"es_ES"}},"Title":{"DisplayValue":"DELARA Protector intensivo de cuero 100 ml, color: incoloro – Made in Germany","Label":"Title","Locale":"es_ES"}},"Offers":{"Summaries":[{"Condition":{"Value":"New"},"LowestPrice":{"Amount":10.99,"Currency":"EUR","DisplayAmount":"10,99 €"}}]}},{"ASIN":"B0BNZ6LN98","DetailPageURL":"https://www.amazon.es/dp/B0BNZ6LN98?tag=topinalambricos-21&linkCode=osi&th=1&psc=1","Images":{"Primary":{"Small":{"Height":75,"URL":"https://m.media-amazon.com/images/I/41FW8HzHpVL._SL75_.jpg","Width":75}}},"ItemInfo":{"ByLineInfo":{"Brand":{"DisplayValue":"GxDetail","Label":"Brand","Locale":"es_ES"},"Manufacturer":{"DisplayValue":"GxDetail","Label":"Manufacturer","Locale":"es_ES"}},"Title":{"DisplayValue":"GxDetail Limpiador de Cuero y Piel - Limpia, protege y ayuda a mantener las superficies nuevas - Limpiador de Asientos de coche de Cuero - Leather Cleaner (500 ml.)","Label":"Title","Locale":"es_ES"}},"Offers":{"Summaries":[{"Condition":{"Value":"New"},"LowestPrice":{"Amount":10.99,"Currency":"EUR","DisplayAmount":"10,99 € (21,98 € / l)","PricePerUnit":21.98}}]}},{"ASIN":"B07JWHH61W","DetailPageURL":"https://www.amazon.es/dp/B07JWHH61W?tag=topinalambricos-21&linkCode=osi&th=1&psc=1","Images":{"Primary":{"Small":{"Height":75,"URL":"https://m.media-amazon.com/images/I/51mbQkPkmeL._SL75_.jpg","Width":75}}},"ItemInfo":{"ByLineInfo":{"Brand":{"DisplayValue":"Maddox Detail","Label":"Brand","Locale":"es_ES"},"Manufacturer":{"DisplayValue":"Maddox Automoción","Label":"Manufacturer","Locale":"es_ES"}},"Title":{"DisplayValue":"Maddox Detail - Leather Care Kit 500ml | Limpiador y Acondicionador de Cuero y Piel | Incluye Microfibra | Kit Limpiador de Tapicería de Coche","Label":"Title","Locale":"es_ES"}},"Offers":{"Summaries":[{"Condition":{"Value":"New"},"LowestPrice":{"Amount":26.5,"Currency":"EUR","DisplayAmount":"26,50 € (26,50 € / l)","PricePerUnit":26.5}}]}},{"ASIN":"B07K9XPXF8","DetailPageURL":"https://www.amazon.es/dp/B07K9XPXF8?tag=topinalambricos-21&linkCode=osi&th=1&psc=1","Images":{"Primary":{"Small":{"Height":75,"URL":"https://m.media-amazon.com/images/I/41IdIjP7B3L._SL75_.jpg","Width":75}}},"ItemInfo":{"ByLineInfo":{"Brand":{"DisplayValue":"QM Cleaner","Label":"Brand","Locale":"es_ES"},"Manufacturer":{"DisplayValue":"QM Cleaner","Label":"Manufacturer","Locale":"es_ES"}},"Title":{"DisplayValue":"QM Cleaner Limpieza e hidratación Cuero. Cuidado y Limpieza de la tapicería del Coche, sillones Sofa de Cuero. Limpia e hidrata (Kit Leather)","Label":"Title","Locale":"es_ES"}},"Offers":{"Summaries":[{"Condition":{"Value":"New"},"LowestPrice":{"Amount":28.49,"Currency":"EUR","DisplayAmount":"28,49 €"}}]}},{"ASIN":"B0BHT8LCCP","DetailPageURL":"https://www.amazon.es/dp/B0BHT8LCCP?tag=topinalambricos-21&linkCode=osi&th=1&psc=1","Images":{"Primary":{"Small":{"Height":75,"URL":"https://m.media-amazon.com/images/I/31vFEUUo0OL._SL75_.jpg","Width":75}}},"ItemInfo":{"ByLineInfo":{"Brand":{"DisplayValue":"LAAV","Label":"Brand","Locale":"es_ES"},"Manufacturer":{"DisplayValue":"CSG Sp. z o.o.","Label":"Manufacturer","Locale":"es_ES"}},"Title":{"DisplayValue":"LAAV Limpiador Cuero Leather Cleaner (250 ml) I Elimina la Suciedad y Las Manchas, no Seca I Limpiador Tapiceria Coche I Producto de Limpieza Ecológico para Todos los Productos de Piel","Label":"Title","Locale":"es_ES"}},"Offers":{"Summaries":[{"Condition":{"Value":"New"},"LowestPrice":{"Amount":6.9,"Currency":"EUR","DisplayAmount":"6,90 € (27,60 € / l)","PricePerUnit":27.6}}]}},{"ASIN":"B074KKZVMF","DetailPageURL":"https://www.amazon.es/dp/B074KKZVMF?tag=topinalambricos-21&linkCode=osi&th=1&psc=1","Images":{"Primary":{"Small":{"Height":75,"URL":"https://m.media-amazon.com/images/I/410nKkuP99L._SL75_.jpg","Width":75}}},"ItemInfo":{"ByLineInfo":{"Brand":{"DisplayValue":"Maddox Detail","Label":"Brand","Locale":"es_ES"},"Manufacturer":{"DisplayValue":"Maddox Automocion Sl","Label":"Manufacturer","Locale":"es_ES"}},"Title":{"DisplayValue":"Maddox Detail - Leather Conditioner 500ml | Hidratante y Tratamiento Cuero Coche | Limpiador Asientos de Cuero y Piel, Negro","Label":"Title","Locale":"es_ES"}},"Offers":{"Summaries":[{"Condition":{"Value":"New"},"LowestPrice":{"Amount":14.9,"Currency":"EUR","DisplayAmount":"14,90 € (29,80 € / l)","PricePerUnit":29.8}}]}},{"ASIN":"B0BPN5PWY3","DetailPageURL":"https://www.amazon.es/dp/B0BPN5PWY3?tag=topinalambricos-21&linkCode=osi&th=1&psc=1","Images":{"Primary":{"Small":{"Height":75,"URL":"https://m.media-amazon.com/images/I/511GOk2abCL._SL75_.jpg","Width":75}}},"ItemInfo":{"ByLineInfo":{"Brand":{"DisplayValue":"GxDetail","Label":"Brand","Locale":"es_ES"},"Manufacturer":{"DisplayValue":"GxDetail","Label":"Manufacturer","Locale":"es_ES"}},"Title":{"DisplayValue":"GxDetail Pack Cuidado Cuero - Kit Limpieza e Hidratación para Cuero Coche Gx Detail - Kit Con Accesorios y Limpiador de Asientos de Cuero - Limpia Asientos Tapicerias Piel y Cuero de Coche...","Label":"Title","Locale":"es_ES"}},"Offers":{"Summaries":[{"Condition":{"Value":"New"},"LowestPrice":{"Amount":34.95,"Currency":"EUR","DisplayAmount":"34,95 € (34,95 € / l)","PricePerUnit":34.95}}]}},{"ASIN":"B005EBNZTI","DetailPageURL":"https://www.amazon.es/dp/B005EBNZTI?tag=topinalambricos-21&linkCode=osi&th=1&psc=1","Images":{"Primary":{"Small":{"Height":75,"URL":"https://m.media-amazon.com/images/I/41MKOfJ00uL._SL75_.jpg","Width":75}}},"ItemInfo":{"ByLineInfo":{"Brand":{"DisplayValue":"Renapur","Label":"Brand","Locale":"es_ES"},"Manufacturer":{"DisplayValue":"Renapur Ltd","Label":"Manufacturer","Locale":"es_ES"}},"Title":{"DisplayValue":"Bálsamo de cuero, bálsamo natural, acondicionador y restaurador Renapur (200ml + esponja aplicadora)","Label":"Title","Locale":"es_ES"}},"Offers":{"Summaries":[{"Condition":{"Value":"New"},"LowestPrice":{"Amount":17.5,"Currency":"EUR","DisplayAmount":"17,50 €"}}]}},{"ASIN":"B01M0E5OC6","DetailPageURL":"https://www.amazon.es/dp/B01M0E5OC6?tag=topinalambricos-21&linkCode=osi&th=1&psc=1","Images":{"Primary":{"Small":{"Height":75,"URL":"https://m.media-amazon.com/images/I/31aqST56JDL._SL75_.jpg","Width":75}}},"ItemInfo":{"ByLineInfo":{"Brand":{"DisplayValue":"QM Cleaner","Label":"Brand","Locale":"es_ES"},"Manufacturer":{"DisplayValue":"QM Cleaner","Label":"Manufacturer","Locale":"es_ES"}},"Title":{"DisplayValue":"QM Cleaner LEATHER | Limpiador para cuero, piel y polipiel - Ideal para sillones, tapicerías de vehículos y complementos (Bolsos, chaquetas...) - 500ml","Label":"Title","Locale":"es_ES"}},"Offers":{"Summaries":[{"Condition":{"Value":"New"},"LowestPrice":{"Amount":15.99,"Currency":"EUR","DisplayAmount":"15,99 €"}}]}}],"SearchURL":"https://www.amazon.es/s?k=limpiar+cuero&rh=n%3A2424866031%2Cp_n_availability%3A-1&tag=topinalambricos-21&linkCode=osi","TotalResultCount":743}},"74":{"SearchResult":{"Items":[{"ASIN":"B07SL4WY1W","DetailPageURL":"https://www.amazon.es/dp/B07SL4WY1W?tag=topinalambricos-21&linkCode=osi&th=1&psc=1","Images":{"Primary":{"Small":{"Height":75,"URL":"https://m.media-amazon.com/images/I/4150jn7SysL._SL75_.jpg","Width":75}}},"ItemInfo":{"ByLineInfo":{"Brand":{"DisplayValue":"Maddox Detail","Label":"Brand","Locale":"es_ES"},"Manufacturer":{"DisplayValue":"Maddox Automoción SL","Label":"Manufacturer","Locale":"es_ES"}},"Title":{"DisplayValue":"Maddox Detail - Leather Detailer 500 ml | Limpiador y Acondicionador de Cuero | Limpieza Profunda para Coche y Sofá | Tratamiento de Piel | Elimina Suciedad y Manchas | Restaura Asientos","Label":"Title","Locale":"es_ES"}},"Offers":{"Summaries":[{"Condition":{"Value":"New"},"LowestPrice":{"Amount":12.9,"Currency":"EUR","DisplayAmount":"12,90 € (25,80 € / l)","PricePerUnit":25.8}}]}},{"ASIN":"B007DJ566O","DetailPageURL":"https://www.amazon.es/dp/B007DJ566O?tag=topinalambricos-21&linkCode=osi&th=1&psc=1","Images":{"Primary":{"Small":{"Height":75,"URL":"https://m.media-amazon.com/images/I/41Arv3FwqYL._SL75_.jpg","Width":75}}},"ItemInfo":{"ByLineInfo":{"Brand":{"DisplayValue":"DELARA","Label":"Brand","Locale":"es_ES"},"Manufacturer":{"DisplayValue":"DELARA","Label":"Manufacturer","Locale":"es_ES"}},"Title":{"DisplayValue":"DELARA Protector intensivo de cuero 100 ml, color: incoloro – Made in Germany","Label":"Title","Locale":"es_ES"}},"Offers":{"Summaries":[{"Condition":{"Value":"New"},"LowestPrice":{"Amount":10.99,"Currency":"EUR","DisplayAmount":"10,99 €"}}]}},{"ASIN":"B0BNZ6LN98","DetailPageURL":"https://www.amazon.es/dp/B0BNZ6LN98?tag=topinalambricos-21&linkCode=osi&th=1&psc=1","Images":{"Primary":{"Small":{"Height":75,"URL":"https://m.media-amazon.com/images/I/41FW8HzHpVL._SL75_.jpg","Width":75}}},"ItemInfo":{"ByLineInfo":{"Brand":{"DisplayValue":"GxDetail","Label":"Brand","Locale":"es_ES"},"Manufacturer":{"DisplayValue":"GxDetail","Label":"Manufacturer","Locale":"es_ES"}},"Title":{"DisplayValue":"GxDetail Limpiador de Cuero y Piel - Limpia, protege y ayuda a mantener las superficies nuevas - Limpiador de Asientos de coche de Cuero - Leather Cleaner (500 ml.)","Label":"Title","Locale":"es_ES"}},"Offers":{"Summaries":[{"Condition":{"Value":"New"},"LowestPrice":{"Amount":10.99,"Currency":"EUR","DisplayAmount":"10,99 € (21,98 € / l)","PricePerUnit":21.98}}]}},{"ASIN":"B07JWHH61W","DetailPageURL":"https://www.amazon.es/dp/B07JWHH61W?tag=topinalambricos-21&linkCode=osi&th=1&psc=1","Images":{"Primary":{"Small":{"Height":75,"URL":"https://m.media-amazon.com/images/I/51mbQkPkmeL._SL75_.jpg","Width":75}}},"ItemInfo":{"ByLineInfo":{"Brand":{"DisplayValue":"Maddox Detail","Label":"Brand","Locale":"es_ES"},"Manufacturer":{"DisplayValue":"Maddox Automoción","Label":"Manufacturer","Locale":"es_ES"}},"Title":{"DisplayValue":"Maddox Detail - Leather Care Kit 500ml | Limpiador y Acondicionador de Cuero y Piel | Incluye Microfibra | Kit Limpiador de Tapicería de Coche","Label":"Title","Locale":"es_ES"}},"Offers":{"Summaries":[{"Condition":{"Value":"New"},"LowestPrice":{"Amount":26.5,"Currency":"EUR","DisplayAmount":"26,50 € (26,50 € / l)","PricePerUnit":26.5}}]}},{"ASIN":"B07K9XPXF8","DetailPageURL":"https://www.amazon.es/dp/B07K9XPXF8?tag=topinalambricos-21&linkCode=osi&th=1&psc=1","Images":{"Primary":{"Small":{"Height":75,"URL":"https://m.media-amazon.com/images/I/41IdIjP7B3L._SL75_.jpg","Width":75}}},"ItemInfo":{"ByLineInfo":{"Brand":{"DisplayValue":"QM Cleaner","Label":"Brand","Locale":"es_ES"},"Manufacturer":{"DisplayValue":"QM Cleaner","Label":"Manufacturer","Locale":"es_ES"}},"Title":{"DisplayValue":"QM Cleaner Limpieza e hidratación Cuero. Cuidado y Limpieza de la tapicería del Coche, sillones Sofa de Cuero. Limpia e hidrata (Kit Leather)","Label":"Title","Locale":"es_ES"}},"Offers":{"Summaries":[{"Condition":{"Value":"New"},"LowestPrice":{"Amount":28.49,"Currency":"EUR","DisplayAmount":"28,49 €"}}]}},{"ASIN":"B0BHT8LCCP","DetailPageURL":"https://www.amazon.es/dp/B0BHT8LCCP?tag=topinalambricos-21&linkCode=osi&th=1&psc=1","Images":{"Primary":{"Small":{"Height":75,"URL":"https://m.media-amazon.com/images/I/31vFEUUo0OL._SL75_.jpg","Width":75}}},"ItemInfo":{"ByLineInfo":{"Brand":{"DisplayValue":"LAAV","Label":"Brand","Locale":"es_ES"},"Manufacturer":{"DisplayValue":"CSG Sp. z o.o.","Label":"Manufacturer","Locale":"es_ES"}},"Title":{"DisplayValue":"LAAV Limpiador Cuero Leather Cleaner (250 ml) I Elimina la Suciedad y Las Manchas, no Seca I Limpiador Tapiceria Coche I Producto de Limpieza Ecológico para Todos los Productos de Piel","Label":"Title","Locale":"es_ES"}},"Offers":{"Summaries":[{"Condition":{"Value":"New"},"LowestPrice":{"Amount":6.9,"Currency":"EUR","DisplayAmount":"6,90 € (27,60 € / l)","PricePerUnit":27.6}}]}},{"ASIN":"B074KKZVMF","DetailPageURL":"https://www.amazon.es/dp/B074KKZVMF?tag=topinalambricos-21&linkCode=osi&th=1&psc=1","Images":{"Primary":{"Small":{"Height":75,"URL":"https://m.media-amazon.com/images/I/410nKkuP99L._SL75_.jpg","Width":75}}},"ItemInfo":{"ByLineInfo":{"Brand":{"DisplayValue":"Maddox Detail","Label":"Brand","Locale":"es_ES"},"Manufacturer":{"DisplayValue":"Maddox Automocion Sl","Label":"Manufacturer","Locale":"es_ES"}},"Title":{"DisplayValue":"Maddox Detail - Leather Conditioner 500ml | Hidratante y Tratamiento Cuero Coche | Limpiador Asientos de Cuero y Piel, Negro","Label":"Title","Locale":"es_ES"}},"Offers":{"Summaries":[{"Condition":{"Value":"New"},"LowestPrice":{"Amount":14.9,"Currency":"EUR","DisplayAmount":"14,90 € (29,80 € / l)","PricePerUnit":29.8}}]}},{"ASIN":"B0BPN5PWY3","DetailPageURL":"https://www.amazon.es/dp/B0BPN5PWY3?tag=topinalambricos-21&linkCode=osi&th=1&psc=1","Images":{"Primary":{"Small":{"Height":75,"URL":"https://m.media-amazon.com/images/I/511GOk2abCL._SL75_.jpg","Width":75}}},"ItemInfo":{"ByLineInfo":{"Brand":{"DisplayValue":"GxDetail","Label":"Brand","Locale":"es_ES"},"Manufacturer":{"DisplayValue":"GxDetail","Label":"Manufacturer","Locale":"es_ES"}},"Title":{"DisplayValue":"GxDetail Pack Cuidado Cuero - Kit Limpieza e Hidratación para Cuero Coche Gx Detail - Kit Con Accesorios y Limpiador de Asientos de Cuero - Limpia Asientos Tapicerias Piel y Cuero de Coche...","Label":"Title","Locale":"es_ES"}},"Offers":{"Summaries":[{"Condition":{"Value":"New"},"LowestPrice":{"Amount":34.95,"Currency":"EUR","DisplayAmount":"34,95 € (34,95 € / l)","PricePerUnit":34.95}}]}},{"ASIN":"B005EBNZTI","DetailPageURL":"https://www.amazon.es/dp/B005EBNZTI?tag=topinalambricos-21&linkCode=osi&th=1&psc=1","Images":{"Primary":{"Small":{"Height":75,"URL":"https://m.media-amazon.com/images/I/41MKOfJ00uL._SL75_.jpg","Width":75}}},"ItemInfo":{"ByLineInfo":{"Brand":{"DisplayValue":"Renapur","Label":"Brand","Locale":"es_ES"},"Manufacturer":{"DisplayValue":"Renapur Ltd","Label":"Manufacturer","Locale":"es_ES"}},"Title":{"DisplayValue":"Bálsamo de cuero, bálsamo natural, acondicionador y restaurador Renapur (200ml + esponja aplicadora)","Label":"Title","Locale":"es_ES"}},"Offers":{"Summaries":[{"Condition":{"Value":"New"},"LowestPrice":{"Amount":17.5,"Currency":"EUR","DisplayAmount":"17,50 €"}}]}},{"ASIN":"B01M0E5OC6","DetailPageURL":"https://www.amazon.es/dp/B01M0E5OC6?tag=topinalambricos-21&linkCode=osi&th=1&psc=1","Images":{"Primary":{"Small":{"Height":75,"URL":"https://m.media-amazon.com/images/I/31aqST56JDL._SL75_.jpg","Width":75}}},"ItemInfo":{"ByLineInfo":{"Brand":{"DisplayValue":"QM Cleaner","Label":"Brand","Locale":"es_ES"},"Manufacturer":{"DisplayValue":"QM Cleaner","Label":"Manufacturer","Locale":"es_ES"}},"Title":{"DisplayValue":"QM Cleaner LEATHER | Limpiador para cuero, piel y polipiel - Ideal para sillones, tapicerías de vehículos y complementos (Bolsos, chaquetas...) - 500ml","Label":"Title","Locale":"es_ES"}},"Offers":{"Summaries":[{"Condition":{"Value":"New"},"LowestPrice":{"Amount":15.99,"Currency":"EUR","DisplayAmount":"15,99 €"}}]}}],"SearchURL":"https://www.amazon.es/s?k=limpiar+cuero&rh=n%3A2424866031%2Cp_n_availability%3A-1&tag=topinalambricos-21&linkCode=osi","TotalResultCount":743}},"75":{"SearchResult":{"Items":[{"ASIN":"B07SL4WY1W","DetailPageURL":"https://www.amazon.es/dp/B07SL4WY1W?tag=topinalambricos-21&linkCode=osi&th=1&psc=1","Images":{"Primary":{"Small":{"Height":75,"URL":"https://m.media-amazon.com/images/I/4150jn7SysL._SL75_.jpg","Width":75}}},"ItemInfo":{"ByLineInfo":{"Brand":{"DisplayValue":"Maddox Detail","Label":"Brand","Locale":"es_ES"},"Manufacturer":{"DisplayValue":"Maddox Automoción SL","Label":"Manufacturer","Locale":"es_ES"}},"Title":{"DisplayValue":"Maddox Detail - Leather Detailer 500 ml | Limpiador y Acondicionador de Cuero | Limpieza Profunda para Coche y Sofá | Tratamiento de Piel | Elimina Suciedad y Manchas | Restaura Asientos","Label":"Title","Locale":"es_ES"}},"Offers":{"Summaries":[{"Condition":{"Value":"New"},"LowestPrice":{"Amount":12.9,"Currency":"EUR","DisplayAmount":"12,90 € (25,80 € / l)","PricePerUnit":25.8}}]}},{"ASIN":"B007DJ566O","DetailPageURL":"https://www.amazon.es/dp/B007DJ566O?tag=topinalambricos-21&linkCode=osi&th=1&psc=1","Images":{"Primary":{"Small":{"Height":75,"URL":"https://m.media-amazon.com/images/I/41Arv3FwqYL._SL75_.jpg","Width":75}}},"ItemInfo":{"ByLineInfo":{"Brand":{"DisplayValue":"DELARA","Label":"Brand","Locale":"es_ES"},"Manufacturer":{"DisplayValue":"DELARA","Label":"Manufacturer","Locale":"es_ES"}},"Title":{"DisplayValue":"DELARA Protector intensivo de cuero 100 ml, color: incoloro – Made in Germany","Label":"Title","Locale":"es_ES"}},"Offers":{"Summaries":[{"Condition":{"Value":"New"},"LowestPrice":{"Amount":10.99,"Currency":"EUR","DisplayAmount":"10,99 €"}}]}},{"ASIN":"B0BNZ6LN98","DetailPageURL":"https://www.amazon.es/dp/B0BNZ6LN98?tag=topinalambricos-21&linkCode=osi&th=1&psc=1","Images":{"Primary":{"Small":{"Height":75,"URL":"https://m.media-amazon.com/images/I/41FW8HzHpVL._SL75_.jpg","Width":75}}},"ItemInfo":{"ByLineInfo":{"Brand":{"DisplayValue":"GxDetail","Label":"Brand","Locale":"es_ES"},"Manufacturer":{"DisplayValue":"GxDetail","Label":"Manufacturer","Locale":"es_ES"}},"Title":{"DisplayValue":"GxDetail Limpiador de Cuero y Piel - Limpia, protege y ayuda a mantener las superficies nuevas - Limpiador de Asientos de coche de Cuero - Leather Cleaner (500 ml.)","Label":"Title","Locale":"es_ES"}},"Offers":{"Summaries":[{"Condition":{"Value":"New"},"LowestPrice":{"Amount":10.99,"Currency":"EUR","DisplayAmount":"10,99 € (21,98 € / l)","PricePerUnit":21.98}}]}},{"ASIN":"B07JWHH61W","DetailPageURL":"https://www.amazon.es/dp/B07JWHH61W?tag=topinalambricos-21&linkCode=osi&th=1&psc=1","Images":{"Primary":{"Small":{"Height":75,"URL":"https://m.media-amazon.com/images/I/51mbQkPkmeL._SL75_.jpg","Width":75}}},"ItemInfo":{"ByLineInfo":{"Brand":{"DisplayValue":"Maddox Detail","Label":"Brand","Locale":"es_ES"},"Manufacturer":{"DisplayValue":"Maddox Automoción","Label":"Manufacturer","Locale":"es_ES"}},"Title":{"DisplayValue":"Maddox Detail - Leather Care Kit 500ml | Limpiador y Acondicionador de Cuero y Piel | Incluye Microfibra | Kit Limpiador de Tapicería de Coche","Label":"Title","Locale":"es_ES"}},"Offers":{"Summaries":[{"Condition":{"Value":"New"},"LowestPrice":{"Amount":26.5,"Currency":"EUR","DisplayAmount":"26,50 € (26,50 € / l)","PricePerUnit":26.5}}]}},{"ASIN":"B07K9XPXF8","DetailPageURL":"https://www.amazon.es/dp/B07K9XPXF8?tag=topinalambricos-21&linkCode=osi&th=1&psc=1","Images":{"Primary":{"Small":{"Height":75,"URL":"https://m.media-amazon.com/images/I/41IdIjP7B3L._SL75_.jpg","Width":75}}},"ItemInfo":{"ByLineInfo":{"Brand":{"DisplayValue":"QM Cleaner","Label":"Brand","Locale":"es_ES"},"Manufacturer":{"DisplayValue":"QM Cleaner","Label":"Manufacturer","Locale":"es_ES"}},"Title":{"DisplayValue":"QM Cleaner Limpieza e hidratación Cuero. Cuidado y Limpieza de la tapicería del Coche, sillones Sofa de Cuero. Limpia e hidrata (Kit Leather)","Label":"Title","Locale":"es_ES"}},"Offers":{"Summaries":[{"Condition":{"Value":"New"},"LowestPrice":{"Amount":28.49,"Currency":"EUR","DisplayAmount":"28,49 €"}}]}},{"ASIN":"B0BHT8LCCP","DetailPageURL":"https://www.amazon.es/dp/B0BHT8LCCP?tag=topinalambricos-21&linkCode=osi&th=1&psc=1","Images":{"Primary":{"Small":{"Height":75,"URL":"https://m.media-amazon.com/images/I/31vFEUUo0OL._SL75_.jpg","Width":75}}},"ItemInfo":{"ByLineInfo":{"Brand":{"DisplayValue":"LAAV","Label":"Brand","Locale":"es_ES"},"Manufacturer":{"DisplayValue":"CSG Sp. z o.o.","Label":"Manufacturer","Locale":"es_ES"}},"Title":{"DisplayValue":"LAAV Limpiador Cuero Leather Cleaner (250 ml) I Elimina la Suciedad y Las Manchas, no Seca I Limpiador Tapiceria Coche I Producto de Limpieza Ecológico para Todos los Productos de Piel","Label":"Title","Locale":"es_ES"}},"Offers":{"Summaries":[{"Condition":{"Value":"New"},"LowestPrice":{"Amount":6.9,"Currency":"EUR","DisplayAmount":"6,90 € (27,60 € / l)","PricePerUnit":27.6}}]}},{"ASIN":"B074KKZVMF","DetailPageURL":"https://www.amazon.es/dp/B074KKZVMF?tag=topinalambricos-21&linkCode=osi&th=1&psc=1","Images":{"Primary":{"Small":{"Height":75,"URL":"https://m.media-amazon.com/images/I/410nKkuP99L._SL75_.jpg","Width":75}}},"ItemInfo":{"ByLineInfo":{"Brand":{"DisplayValue":"Maddox Detail","Label":"Brand","Locale":"es_ES"},"Manufacturer":{"DisplayValue":"Maddox Automocion Sl","Label":"Manufacturer","Locale":"es_ES"}},"Title":{"DisplayValue":"Maddox Detail - Leather Conditioner 500ml | Hidratante y Tratamiento Cuero Coche | Limpiador Asientos de Cuero y Piel, Negro","Label":"Title","Locale":"es_ES"}},"Offers":{"Summaries":[{"Condition":{"Value":"New"},"LowestPrice":{"Amount":14.9,"Currency":"EUR","DisplayAmount":"14,90 € (29,80 € / l)","PricePerUnit":29.8}}]}},{"ASIN":"B0BPN5PWY3","DetailPageURL":"https://www.amazon.es/dp/B0BPN5PWY3?tag=topinalambricos-21&linkCode=osi&th=1&psc=1","Images":{"Primary":{"Small":{"Height":75,"URL":"https://m.media-amazon.com/images/I/511GOk2abCL._SL75_.jpg","Width":75}}},"ItemInfo":{"ByLineInfo":{"Brand":{"DisplayValue":"GxDetail","Label":"Brand","Locale":"es_ES"},"Manufacturer":{"DisplayValue":"GxDetail","Label":"Manufacturer","Locale":"es_ES"}},"Title":{"DisplayValue":"GxDetail Pack Cuidado Cuero - Kit Limpieza e Hidratación para Cuero Coche Gx Detail - Kit Con Accesorios y Limpiador de Asientos de Cuero - Limpia Asientos Tapicerias Piel y Cuero de Coche...","Label":"Title","Locale":"es_ES"}},"Offers":{"Summaries":[{"Condition":{"Value":"New"},"LowestPrice":{"Amount":34.95,"Currency":"EUR","DisplayAmount":"34,95 € (34,95 € / l)","PricePerUnit":34.95}}]}},{"ASIN":"B005EBNZTI","DetailPageURL":"https://www.amazon.es/dp/B005EBNZTI?tag=topinalambricos-21&linkCode=osi&th=1&psc=1","Images":{"Primary":{"Small":{"Height":75,"URL":"https://m.media-amazon.com/images/I/41MKOfJ00uL._SL75_.jpg","Width":75}}},"ItemInfo":{"ByLineInfo":{"Brand":{"DisplayValue":"Renapur","Label":"Brand","Locale":"es_ES"},"Manufacturer":{"DisplayValue":"Renapur Ltd","Label":"Manufacturer","Locale":"es_ES"}},"Title":{"DisplayValue":"Bálsamo de cuero, bálsamo natural, acondicionador y restaurador Renapur (200ml + esponja aplicadora)","Label":"Title","Locale":"es_ES"}},"Offers":{"Summaries":[{"Condition":{"Value":"New"},"LowestPrice":{"Amount":17.5,"Currency":"EUR","DisplayAmount":"17,50 €"}}]}},{"ASIN":"B01M0E5OC6","DetailPageURL":"https://www.amazon.es/dp/B01M0E5OC6?tag=topinalambricos-21&linkCode=osi&th=1&psc=1","Images":{"Primary":{"Small":{"Height":75,"URL":"https://m.media-amazon.com/images/I/31aqST56JDL._SL75_.jpg","Width":75}}},"ItemInfo":{"ByLineInfo":{"Brand":{"DisplayValue":"QM Cleaner","Label":"Brand","Locale":"es_ES"},"Manufacturer":{"DisplayValue":"QM Cleaner","Label":"Manufacturer","Locale":"es_ES"}},"Title":{"DisplayValue":"QM Cleaner LEATHER | Limpiador para cuero, piel y polipiel - Ideal para sillones, tapicerías de vehículos y complementos (Bolsos, chaquetas...) - 500ml","Label":"Title","Locale":"es_ES"}},"Offers":{"Summaries":[{"Condition":{"Value":"New"},"LowestPrice":{"Amount":15.99,"Currency":"EUR","DisplayAmount":"15,99 €"}}]}}],"SearchURL":"https://www.amazon.es/s?k=limpiar+cuero&rh=n%3A2424866031%2Cp_n_availability%3A-1&tag=topinalambricos-21&linkCode=osi","TotalResultCount":743}},"76":{"SearchResult":{"Items":[{"ASIN":"B07SL4WY1W","DetailPageURL":"https://www.amazon.es/dp/B07SL4WY1W?tag=topinalambricos-21&linkCode=osi&th=1&psc=1","Images":{"Primary":{"Small":{"Height":75,"URL":"https://m.media-amazon.com/images/I/4150jn7SysL._SL75_.jpg","Width":75}}},"ItemInfo":{"ByLineInfo":{"Brand":{"DisplayValue":"Maddox Detail","Label":"Brand","Locale":"es_ES"},"Manufacturer":{"DisplayValue":"Maddox Automoción SL","Label":"Manufacturer","Locale":"es_ES"}},"Title":{"DisplayValue":"Maddox Detail - Leather Detailer 500 ml | Limpiador y Acondicionador de Cuero | Limpieza Profunda para Coche y Sofá | Tratamiento de Piel | Elimina Suciedad y Manchas | Restaura Asientos","Label":"Title","Locale":"es_ES"}},"Offers":{"Summaries":[{"Condition":{"Value":"New"},"LowestPrice":{"Amount":12.9,"Currency":"EUR","DisplayAmount":"12,90 € (25,80 € / l)","PricePerUnit":25.8}}]}},{"ASIN":"B007DJ566O","DetailPageURL":"https://www.amazon.es/dp/B007DJ566O?tag=topinalambricos-21&linkCode=osi&th=1&psc=1","Images":{"Primary":{"Small":{"Height":75,"URL":"https://m.media-amazon.com/images/I/41Arv3FwqYL._SL75_.jpg","Width":75}}},"ItemInfo":{"ByLineInfo":{"Brand":{"DisplayValue":"DELARA","Label":"Brand","Locale":"es_ES"},"Manufacturer":{"DisplayValue":"DELARA","Label":"Manufacturer","Locale":"es_ES"}},"Title":{"DisplayValue":"DELARA Protector intensivo de cuero 100 ml, color: incoloro – Made in Germany","Label":"Title","Locale":"es_ES"}},"Offers":{"Summaries":[{"Condition":{"Value":"New"},"LowestPrice":{"Amount":10.99,"Currency":"EUR","DisplayAmount":"10,99 €"}}]}},{"ASIN":"B0BNZ6LN98","DetailPageURL":"https://www.amazon.es/dp/B0BNZ6LN98?tag=topinalambricos-21&linkCode=osi&th=1&psc=1","Images":{"Primary":{"Small":{"Height":75,"URL":"https://m.media-amazon.com/images/I/41FW8HzHpVL._SL75_.jpg","Width":75}}},"ItemInfo":{"ByLineInfo":{"Brand":{"DisplayValue":"GxDetail","Label":"Brand","Locale":"es_ES"},"Manufacturer":{"DisplayValue":"GxDetail","Label":"Manufacturer","Locale":"es_ES"}},"Title":{"DisplayValue":"GxDetail Limpiador de Cuero y Piel - Limpia, protege y ayuda a mantener las superficies nuevas - Limpiador de Asientos de coche de Cuero - Leather Cleaner (500 ml.)","Label":"Title","Locale":"es_ES"}},"Offers":{"Summaries":[{"Condition":{"Value":"New"},"LowestPrice":{"Amount":10.99,"Currency":"EUR","DisplayAmount":"10,99 € (21,98 € / l)","PricePerUnit":21.98}}]}},{"ASIN":"B07JWHH61W","DetailPageURL":"https://www.amazon.es/dp/B07JWHH61W?tag=topinalambricos-21&linkCode=osi&th=1&psc=1","Images":{"Primary":{"Small":{"Height":75,"URL":"https://m.media-amazon.com/images/I/51mbQkPkmeL._SL75_.jpg","Width":75}}},"ItemInfo":{"ByLineInfo":{"Brand":{"DisplayValue":"Maddox Detail","Label":"Brand","Locale":"es_ES"},"Manufacturer":{"DisplayValue":"Maddox Automoción","Label":"Manufacturer","Locale":"es_ES"}},"Title":{"DisplayValue":"Maddox Detail - Leather Care Kit 500ml | Limpiador y Acondicionador de Cuero y Piel | Incluye Microfibra | Kit Limpiador de Tapicería de Coche","Label":"Title","Locale":"es_ES"}},"Offers":{"Summaries":[{"Condition":{"Value":"New"},"LowestPrice":{"Amount":26.5,"Currency":"EUR","DisplayAmount":"26,50 € (26,50 € / l)","PricePerUnit":26.5}}]}},{"ASIN":"B07K9XPXF8","DetailPageURL":"https://www.amazon.es/dp/B07K9XPXF8?tag=topinalambricos-21&linkCode=osi&th=1&psc=1","Images":{"Primary":{"Small":{"Height":75,"URL":"https://m.media-amazon.com/images/I/41IdIjP7B3L._SL75_.jpg","Width":75}}},"ItemInfo":{"ByLineInfo":{"Brand":{"DisplayValue":"QM Cleaner","Label":"Brand","Locale":"es_ES"},"Manufacturer":{"DisplayValue":"QM Cleaner","Label":"Manufacturer","Locale":"es_ES"}},"Title":{"DisplayValue":"QM Cleaner Limpieza e hidratación Cuero. Cuidado y Limpieza de la tapicería del Coche, sillones Sofa de Cuero. Limpia e hidrata (Kit Leather)","Label":"Title","Locale":"es_ES"}},"Offers":{"Summaries":[{"Condition":{"Value":"New"},"LowestPrice":{"Amount":28.49,"Currency":"EUR","DisplayAmount":"28,49 €"}}]}},{"ASIN":"B0BHT8LCCP","DetailPageURL":"https://www.amazon.es/dp/B0BHT8LCCP?tag=topinalambricos-21&linkCode=osi&th=1&psc=1","Images":{"Primary":{"Small":{"Height":75,"URL":"https://m.media-amazon.com/images/I/31vFEUUo0OL._SL75_.jpg","Width":75}}},"ItemInfo":{"ByLineInfo":{"Brand":{"DisplayValue":"LAAV","Label":"Brand","Locale":"es_ES"},"Manufacturer":{"DisplayValue":"CSG Sp. z o.o.","Label":"Manufacturer","Locale":"es_ES"}},"Title":{"DisplayValue":"LAAV Limpiador Cuero Leather Cleaner (250 ml) I Elimina la Suciedad y Las Manchas, no Seca I Limpiador Tapiceria Coche I Producto de Limpieza Ecológico para Todos los Productos de Piel","Label":"Title","Locale":"es_ES"}},"Offers":{"Summaries":[{"Condition":{"Value":"New"},"LowestPrice":{"Amount":6.9,"Currency":"EUR","DisplayAmount":"6,90 € (27,60 € / l)","PricePerUnit":27.6}}]}},{"ASIN":"B074KKZVMF","DetailPageURL":"https://www.amazon.es/dp/B074KKZVMF?tag=topinalambricos-21&linkCode=osi&th=1&psc=1","Images":{"Primary":{"Small":{"Height":75,"URL":"https://m.media-amazon.com/images/I/410nKkuP99L._SL75_.jpg","Width":75}}},"ItemInfo":{"ByLineInfo":{"Brand":{"DisplayValue":"Maddox Detail","Label":"Brand","Locale":"es_ES"},"Manufacturer":{"DisplayValue":"Maddox Automocion Sl","Label":"Manufacturer","Locale":"es_ES"}},"Title":{"DisplayValue":"Maddox Detail - Leather Conditioner 500ml | Hidratante y Tratamiento Cuero Coche | Limpiador Asientos de Cuero y Piel, Negro","Label":"Title","Locale":"es_ES"}},"Offers":{"Summaries":[{"Condition":{"Value":"New"},"LowestPrice":{"Amount":14.9,"Currency":"EUR","DisplayAmount":"14,90 € (29,80 € / l)","PricePerUnit":29.8}}]}},{"ASIN":"B0BPN5PWY3","DetailPageURL":"https://www.amazon.es/dp/B0BPN5PWY3?tag=topinalambricos-21&linkCode=osi&th=1&psc=1","Images":{"Primary":{"Small":{"Height":75,"URL":"https://m.media-amazon.com/images/I/511GOk2abCL._SL75_.jpg","Width":75}}},"ItemInfo":{"ByLineInfo":{"Brand":{"DisplayValue":"GxDetail","Label":"Brand","Locale":"es_ES"},"Manufacturer":{"DisplayValue":"GxDetail","Label":"Manufacturer","Locale":"es_ES"}},"Title":{"DisplayValue":"GxDetail Pack Cuidado Cuero - Kit Limpieza e Hidratación para Cuero Coche Gx Detail - Kit Con Accesorios y Limpiador de Asientos de Cuero - Limpia Asientos Tapicerias Piel y Cuero de Coche...","Label":"Title","Locale":"es_ES"}},"Offers":{"Summaries":[{"Condition":{"Value":"New"},"LowestPrice":{"Amount":34.95,"Currency":"EUR","DisplayAmount":"34,95 € (34,95 € / l)","PricePerUnit":34.95}}]}},{"ASIN":"B005EBNZTI","DetailPageURL":"https://www.amazon.es/dp/B005EBNZTI?tag=topinalambricos-21&linkCode=osi&th=1&psc=1","Images":{"Primary":{"Small":{"Height":75,"URL":"https://m.media-amazon.com/images/I/41MKOfJ00uL._SL75_.jpg","Width":75}}},"ItemInfo":{"ByLineInfo":{"Brand":{"DisplayValue":"Renapur","Label":"Brand","Locale":"es_ES"},"Manufacturer":{"DisplayValue":"Renapur Ltd","Label":"Manufacturer","Locale":"es_ES"}},"Title":{"DisplayValue":"Bálsamo de cuero, bálsamo natural, acondicionador y restaurador Renapur (200ml + esponja aplicadora)","Label":"Title","Locale":"es_ES"}},"Offers":{"Summaries":[{"Condition":{"Value":"New"},"LowestPrice":{"Amount":17.5,"Currency":"EUR","DisplayAmount":"17,50 €"}}]}},{"ASIN":"B01M0E5OC6","DetailPageURL":"https://www.amazon.es/dp/B01M0E5OC6?tag=topinalambricos-21&linkCode=osi&th=1&psc=1","Images":{"Primary":{"Small":{"Height":75,"URL":"https://m.media-amazon.com/images/I/31aqST56JDL._SL75_.jpg","Width":75}}},"ItemInfo":{"ByLineInfo":{"Brand":{"DisplayValue":"QM Cleaner","Label":"Brand","Locale":"es_ES"},"Manufacturer":{"DisplayValue":"QM Cleaner","Label":"Manufacturer","Locale":"es_ES"}},"Title":{"DisplayValue":"QM Cleaner LEATHER | Limpiador para cuero, piel y polipiel - Ideal para sillones, tapicerías de vehículos y complementos (Bolsos, chaquetas...) - 500ml","Label":"Title","Locale":"es_ES"}},"Offers":{"Summaries":[{"Condition":{"Value":"New"},"LowestPrice":{"Amount":15.99,"Currency":"EUR","DisplayAmount":"15,99 €"}}]}}],"SearchURL":"https://www.amazon.es/s?k=limpiar+cuero&rh=n%3A2424866031%2Cp_n_availability%3A-1&tag=topinalambricos-21&linkCode=osi","TotalResultCount":743}},"77":{"SearchResult":{"Items":[{"ASIN":"B07SL4WY1W","DetailPageURL":"https://www.amazon.es/dp/B07SL4WY1W?tag=topinalambricos-21&linkCode=osi&th=1&psc=1","Images":{"Primary":{"Small":{"Height":75,"URL":"https://m.media-amazon.com/images/I/4150jn7SysL._SL75_.jpg","Width":75}}},"ItemInfo":{"ByLineInfo":{"Brand":{"DisplayValue":"Maddox Detail","Label":"Brand","Locale":"es_ES"},"Manufacturer":{"DisplayValue":"Maddox Automoción SL","Label":"Manufacturer","Locale":"es_ES"}},"Title":{"DisplayValue":"Maddox Detail - Leather Detailer 500 ml | Limpiador y Acondicionador de Cuero | Limpieza Profunda para Coche y Sofá | Tratamiento de Piel | Elimina Suciedad y Manchas | Restaura Asientos","Label":"Title","Locale":"es_ES"}},"Offers":{"Summaries":[{"Condition":{"Value":"New"},"LowestPrice":{"Amount":12.9,"Currency":"EUR","DisplayAmount":"12,90 € (25,80 € / l)","PricePerUnit":25.8}}]}},{"ASIN":"B007DJ566O","DetailPageURL":"https://www.amazon.es/dp/B007DJ566O?tag=topinalambricos-21&linkCode=osi&th=1&psc=1","Images":{"Primary":{"Small":{"Height":75,"URL":"https://m.media-amazon.com/images/I/41Arv3FwqYL._SL75_.jpg","Width":75}}},"ItemInfo":{"ByLineInfo":{"Brand":{"DisplayValue":"DELARA","Label":"Brand","Locale":"es_ES"},"Manufacturer":{"DisplayValue":"DELARA","Label":"Manufacturer","Locale":"es_ES"}},"Title":{"DisplayValue":"DELARA Protector intensivo de cuero 100 ml, color: incoloro – Made in Germany","Label":"Title","Locale":"es_ES"}},"Offers":{"Summaries":[{"Condition":{"Value":"New"},"LowestPrice":{"Amount":10.99,"Currency":"EUR","DisplayAmount":"10,99 €"}}]}},{"ASIN":"B0BNZ6LN98","DetailPageURL":"https://www.amazon.es/dp/B0BNZ6LN98?tag=topinalambricos-21&linkCode=osi&th=1&psc=1","Images":{"Primary":{"Small":{"Height":75,"URL":"https://m.media-amazon.com/images/I/41FW8HzHpVL._SL75_.jpg","Width":75}}},"ItemInfo":{"ByLineInfo":{"Brand":{"DisplayValue":"GxDetail","Label":"Brand","Locale":"es_ES"},"Manufacturer":{"DisplayValue":"GxDetail","Label":"Manufacturer","Locale":"es_ES"}},"Title":{"DisplayValue":"GxDetail Limpiador de Cuero y Piel - Limpia, protege y ayuda a mantener las superficies nuevas - Limpiador de Asientos de coche de Cuero - Leather Cleaner (500 ml.)","Label":"Title","Locale":"es_ES"}},"Offers":{"Summaries":[{"Condition":{"Value":"New"},"LowestPrice":{"Amount":10.99,"Currency":"EUR","DisplayAmount":"10,99 € (21,98 € / l)","PricePerUnit":21.98}}]}},{"ASIN":"B07JWHH61W","DetailPageURL":"https://www.amazon.es/dp/B07JWHH61W?tag=topinalambricos-21&linkCode=osi&th=1&psc=1","Images":{"Primary":{"Small":{"Height":75,"URL":"https://m.media-amazon.com/images/I/51mbQkPkmeL._SL75_.jpg","Width":75}}},"ItemInfo":{"ByLineInfo":{"Brand":{"DisplayValue":"Maddox Detail","Label":"Brand","Locale":"es_ES"},"Manufacturer":{"DisplayValue":"Maddox Automoción","Label":"Manufacturer","Locale":"es_ES"}},"Title":{"DisplayValue":"Maddox Detail - Leather Care Kit 500ml | Limpiador y Acondicionador de Cuero y Piel | Incluye Microfibra | Kit Limpiador de Tapicería de Coche","Label":"Title","Locale":"es_ES"}},"Offers":{"Summaries":[{"Condition":{"Value":"New"},"LowestPrice":{"Amount":26.5,"Currency":"EUR","DisplayAmount":"26,50 € (26,50 € / l)","PricePerUnit":26.5}}]}},{"ASIN":"B07K9XPXF8","DetailPageURL":"https://www.amazon.es/dp/B07K9XPXF8?tag=topinalambricos-21&linkCode=osi&th=1&psc=1","Images":{"Primary":{"Small":{"Height":75,"URL":"https://m.media-amazon.com/images/I/41IdIjP7B3L._SL75_.jpg","Width":75}}},"ItemInfo":{"ByLineInfo":{"Brand":{"DisplayValue":"QM Cleaner","Label":"Brand","Locale":"es_ES"},"Manufacturer":{"DisplayValue":"QM Cleaner","Label":"Manufacturer","Locale":"es_ES"}},"Title":{"DisplayValue":"QM Cleaner Limpieza e hidratación Cuero. Cuidado y Limpieza de la tapicería del Coche, sillones Sofa de Cuero. Limpia e hidrata (Kit Leather)","Label":"Title","Locale":"es_ES"}},"Offers":{"Summaries":[{"Condition":{"Value":"New"},"LowestPrice":{"Amount":28.49,"Currency":"EUR","DisplayAmount":"28,49 €"}}]}},{"ASIN":"B0BHT8LCCP","DetailPageURL":"https://www.amazon.es/dp/B0BHT8LCCP?tag=topinalambricos-21&linkCode=osi&th=1&psc=1","Images":{"Primary":{"Small":{"Height":75,"URL":"https://m.media-amazon.com/images/I/31vFEUUo0OL._SL75_.jpg","Width":75}}},"ItemInfo":{"ByLineInfo":{"Brand":{"DisplayValue":"LAAV","Label":"Brand","Locale":"es_ES"},"Manufacturer":{"DisplayValue":"CSG Sp. z o.o.","Label":"Manufacturer","Locale":"es_ES"}},"Title":{"DisplayValue":"LAAV Limpiador Cuero Leather Cleaner (250 ml) I Elimina la Suciedad y Las Manchas, no Seca I Limpiador Tapiceria Coche I Producto de Limpieza Ecológico para Todos los Productos de Piel","Label":"Title","Locale":"es_ES"}},"Offers":{"Summaries":[{"Condition":{"Value":"New"},"LowestPrice":{"Amount":6.9,"Currency":"EUR","DisplayAmount":"6,90 € (27,60 € / l)","PricePerUnit":27.6}}]}},{"ASIN":"B074KKZVMF","DetailPageURL":"https://www.amazon.es/dp/B074KKZVMF?tag=topinalambricos-21&linkCode=osi&th=1&psc=1","Images":{"Primary":{"Small":{"Height":75,"URL":"https://m.media-amazon.com/images/I/410nKkuP99L._SL75_.jpg","Width":75}}},"ItemInfo":{"ByLineInfo":{"Brand":{"DisplayValue":"Maddox Detail","Label":"Brand","Locale":"es_ES"},"Manufacturer":{"DisplayValue":"Maddox Automocion Sl","Label":"Manufacturer","Locale":"es_ES"}},"Title":{"DisplayValue":"Maddox Detail - Leather Conditioner 500ml | Hidratante y Tratamiento Cuero Coche | Limpiador Asientos de Cuero y Piel, Negro","Label":"Title","Locale":"es_ES"}},"Offers":{"Summaries":[{"Condition":{"Value":"New"},"LowestPrice":{"Amount":14.9,"Currency":"EUR","DisplayAmount":"14,90 € (29,80 € / l)","PricePerUnit":29.8}}]}},{"ASIN":"B0BPN5PWY3","DetailPageURL":"https://www.amazon.es/dp/B0BPN5PWY3?tag=topinalambricos-21&linkCode=osi&th=1&psc=1","Images":{"Primary":{"Small":{"Height":75,"URL":"https://m.media-amazon.com/images/I/511GOk2abCL._SL75_.jpg","Width":75}}},"ItemInfo":{"ByLineInfo":{"Brand":{"DisplayValue":"GxDetail","Label":"Brand","Locale":"es_ES"},"Manufacturer":{"DisplayValue":"GxDetail","Label":"Manufacturer","Locale":"es_ES"}},"Title":{"DisplayValue":"GxDetail Pack Cuidado Cuero - Kit Limpieza e Hidratación para Cuero Coche Gx Detail - Kit Con Accesorios y Limpiador de Asientos de Cuero - Limpia Asientos Tapicerias Piel y Cuero de Coche...","Label":"Title","Locale":"es_ES"}},"Offers":{"Summaries":[{"Condition":{"Value":"New"},"LowestPrice":{"Amount":34.95,"Currency":"EUR","DisplayAmount":"34,95 € (34,95 € / l)","PricePerUnit":34.95}}]}},{"ASIN":"B005EBNZTI","DetailPageURL":"https://www.amazon.es/dp/B005EBNZTI?tag=topinalambricos-21&linkCode=osi&th=1&psc=1","Images":{"Primary":{"Small":{"Height":75,"URL":"https://m.media-amazon.com/images/I/41MKOfJ00uL._SL75_.jpg","Width":75}}},"ItemInfo":{"ByLineInfo":{"Brand":{"DisplayValue":"Renapur","Label":"Brand","Locale":"es_ES"},"Manufacturer":{"DisplayValue":"Renapur Ltd","Label":"Manufacturer","Locale":"es_ES"}},"Title":{"DisplayValue":"Bálsamo de cuero, bálsamo natural, acondicionador y restaurador Renapur (200ml + esponja aplicadora)","Label":"Title","Locale":"es_ES"}},"Offers":{"Summaries":[{"Condition":{"Value":"New"},"LowestPrice":{"Amount":17.5,"Currency":"EUR","DisplayAmount":"17,50 €"}}]}},{"ASIN":"B01M0E5OC6","DetailPageURL":"https://www.amazon.es/dp/B01M0E5OC6?tag=topinalambricos-21&linkCode=osi&th=1&psc=1","Images":{"Primary":{"Small":{"Height":75,"URL":"https://m.media-amazon.com/images/I/31aqST56JDL._SL75_.jpg","Width":75}}},"ItemInfo":{"ByLineInfo":{"Brand":{"DisplayValue":"QM Cleaner","Label":"Brand","Locale":"es_ES"},"Manufacturer":{"DisplayValue":"QM Cleaner","Label":"Manufacturer","Locale":"es_ES"}},"Title":{"DisplayValue":"QM Cleaner LEATHER | Limpiador para cuero, piel y polipiel - Ideal para sillones, tapicerías de vehículos y complementos (Bolsos, chaquetas...) - 500ml","Label":"Title","Locale":"es_ES"}},"Offers":{"Summaries":[{"Condition":{"Value":"New"},"LowestPrice":{"Amount":15.99,"Currency":"EUR","DisplayAmount":"15,99 €"}}]}}],"SearchURL":"https://www.amazon.es/s?k=limpiar+cuero&rh=n%3A2424866031%2Cp_n_availability%3A-1&tag=topinalambricos-21&linkCode=osi","TotalResultCount":743}},"78":{"SearchResult":{"Items":[{"ASIN":"B07SL4WY1W","DetailPageURL":"https://www.amazon.es/dp/B07SL4WY1W?tag=topinalambricos-21&linkCode=osi&th=1&psc=1","Images":{"Primary":{"Small":{"Height":75,"URL":"https://m.media-amazon.com/images/I/4150jn7SysL._SL75_.jpg","Width":75}}},"ItemInfo":{"ByLineInfo":{"Brand":{"DisplayValue":"Maddox Detail","Label":"Brand","Locale":"es_ES"},"Manufacturer":{"DisplayValue":"Maddox Automoción SL","Label":"Manufacturer","Locale":"es_ES"}},"Title":{"DisplayValue":"Maddox Detail - Leather Detailer 500 ml | Limpiador y Acondicionador de Cuero | Limpieza Profunda para Coche y Sofá | Tratamiento de Piel | Elimina Suciedad y Manchas | Restaura Asientos","Label":"Title","Locale":"es_ES"}},"Offers":{"Summaries":[{"Condition":{"Value":"New"},"LowestPrice":{"Amount":12.9,"Currency":"EUR","DisplayAmount":"12,90 € (25,80 € / l)","PricePerUnit":25.8}}]}},{"ASIN":"B007DJ566O","DetailPageURL":"https://www.amazon.es/dp/B007DJ566O?tag=topinalambricos-21&linkCode=osi&th=1&psc=1","Images":{"Primary":{"Small":{"Height":75,"URL":"https://m.media-amazon.com/images/I/41Arv3FwqYL._SL75_.jpg","Width":75}}},"ItemInfo":{"ByLineInfo":{"Brand":{"DisplayValue":"DELARA","Label":"Brand","Locale":"es_ES"},"Manufacturer":{"DisplayValue":"DELARA","Label":"Manufacturer","Locale":"es_ES"}},"Title":{"DisplayValue":"DELARA Protector intensivo de cuero 100 ml, color: incoloro – Made in Germany","Label":"Title","Locale":"es_ES"}},"Offers":{"Summaries":[{"Condition":{"Value":"New"},"LowestPrice":{"Amount":10.99,"Currency":"EUR","DisplayAmount":"10,99 €"}}]}},{"ASIN":"B0BNZ6LN98","DetailPageURL":"https://www.amazon.es/dp/B0BNZ6LN98?tag=topinalambricos-21&linkCode=osi&th=1&psc=1","Images":{"Primary":{"Small":{"Height":75,"URL":"https://m.media-amazon.com/images/I/41FW8HzHpVL._SL75_.jpg","Width":75}}},"ItemInfo":{"ByLineInfo":{"Brand":{"DisplayValue":"GxDetail","Label":"Brand","Locale":"es_ES"},"Manufacturer":{"DisplayValue":"GxDetail","Label":"Manufacturer","Locale":"es_ES"}},"Title":{"DisplayValue":"GxDetail Limpiador de Cuero y Piel - Limpia, protege y ayuda a mantener las superficies nuevas - Limpiador de Asientos de coche de Cuero - Leather Cleaner (500 ml.)","Label":"Title","Locale":"es_ES"}},"Offers":{"Summaries":[{"Condition":{"Value":"New"},"LowestPrice":{"Amount":10.99,"Currency":"EUR","DisplayAmount":"10,99 € (21,98 € / l)","PricePerUnit":21.98}}]}},{"ASIN":"B07JWHH61W","DetailPageURL":"https://www.amazon.es/dp/B07JWHH61W?tag=topinalambricos-21&linkCode=osi&th=1&psc=1","Images":{"Primary":{"Small":{"Height":75,"URL":"https://m.media-amazon.com/images/I/51mbQkPkmeL._SL75_.jpg","Width":75}}},"ItemInfo":{"ByLineInfo":{"Brand":{"DisplayValue":"Maddox Detail","Label":"Brand","Locale":"es_ES"},"Manufacturer":{"DisplayValue":"Maddox Automoción","Label":"Manufacturer","Locale":"es_ES"}},"Title":{"DisplayValue":"Maddox Detail - Leather Care Kit 500ml | Limpiador y Acondicionador de Cuero y Piel | Incluye Microfibra | Kit Limpiador de Tapicería de Coche","Label":"Title","Locale":"es_ES"}},"Offers":{"Summaries":[{"Condition":{"Value":"New"},"LowestPrice":{"Amount":26.5,"Currency":"EUR","DisplayAmount":"26,50 € (26,50 € / l)","PricePerUnit":26.5}}]}},{"ASIN":"B07K9XPXF8","DetailPageURL":"https://www.amazon.es/dp/B07K9XPXF8?tag=topinalambricos-21&linkCode=osi&th=1&psc=1","Images":{"Primary":{"Small":{"Height":75,"URL":"https://m.media-amazon.com/images/I/41IdIjP7B3L._SL75_.jpg","Width":75}}},"ItemInfo":{"ByLineInfo":{"Brand":{"DisplayValue":"QM Cleaner","Label":"Brand","Locale":"es_ES"},"Manufacturer":{"DisplayValue":"QM Cleaner","Label":"Manufacturer","Locale":"es_ES"}},"Title":{"DisplayValue":"QM Cleaner Limpieza e hidratación Cuero. Cuidado y Limpieza de la tapicería del Coche, sillones Sofa de Cuero. Limpia e hidrata (Kit Leather)","Label":"Title","Locale":"es_ES"}},"Offers":{"Summaries":[{"Condition":{"Value":"New"},"LowestPrice":{"Amount":28.49,"Currency":"EUR","DisplayAmount":"28,49 €"}}]}},{"ASIN":"B0BHT8LCCP","DetailPageURL":"https://www.amazon.es/dp/B0BHT8LCCP?tag=topinalambricos-21&linkCode=osi&th=1&psc=1","Images":{"Primary":{"Small":{"Height":75,"URL":"https://m.media-amazon.com/images/I/31vFEUUo0OL._SL75_.jpg","Width":75}}},"ItemInfo":{"ByLineInfo":{"Brand":{"DisplayValue":"LAAV","Label":"Brand","Locale":"es_ES"},"Manufacturer":{"DisplayValue":"CSG Sp. z o.o.","Label":"Manufacturer","Locale":"es_ES"}},"Title":{"DisplayValue":"LAAV Limpiador Cuero Leather Cleaner (250 ml) I Elimina la Suciedad y Las Manchas, no Seca I Limpiador Tapiceria Coche I Producto de Limpieza Ecológico para Todos los Productos de Piel","Label":"Title","Locale":"es_ES"}},"Offers":{"Summaries":[{"Condition":{"Value":"New"},"LowestPrice":{"Amount":6.9,"Currency":"EUR","DisplayAmount":"6,90 € (27,60 € / l)","PricePerUnit":27.6}}]}},{"ASIN":"B074KKZVMF","DetailPageURL":"https://www.amazon.es/dp/B074KKZVMF?tag=topinalambricos-21&linkCode=osi&th=1&psc=1","Images":{"Primary":{"Small":{"Height":75,"URL":"https://m.media-amazon.com/images/I/410nKkuP99L._SL75_.jpg","Width":75}}},"ItemInfo":{"ByLineInfo":{"Brand":{"DisplayValue":"Maddox Detail","Label":"Brand","Locale":"es_ES"},"Manufacturer":{"DisplayValue":"Maddox Automocion Sl","Label":"Manufacturer","Locale":"es_ES"}},"Title":{"DisplayValue":"Maddox Detail - Leather Conditioner 500ml | Hidratante y Tratamiento Cuero Coche | Limpiador Asientos de Cuero y Piel, Negro","Label":"Title","Locale":"es_ES"}},"Offers":{"Summaries":[{"Condition":{"Value":"New"},"LowestPrice":{"Amount":14.9,"Currency":"EUR","DisplayAmount":"14,90 € (29,80 € / l)","PricePerUnit":29.8}}]}},{"ASIN":"B0BPN5PWY3","DetailPageURL":"https://www.amazon.es/dp/B0BPN5PWY3?tag=topinalambricos-21&linkCode=osi&th=1&psc=1","Images":{"Primary":{"Small":{"Height":75,"URL":"https://m.media-amazon.com/images/I/511GOk2abCL._SL75_.jpg","Width":75}}},"ItemInfo":{"ByLineInfo":{"Brand":{"DisplayValue":"GxDetail","Label":"Brand","Locale":"es_ES"},"Manufacturer":{"DisplayValue":"GxDetail","Label":"Manufacturer","Locale":"es_ES"}},"Title":{"DisplayValue":"GxDetail Pack Cuidado Cuero - Kit Limpieza e Hidratación para Cuero Coche Gx Detail - Kit Con Accesorios y Limpiador de Asientos de Cuero - Limpia Asientos Tapicerias Piel y Cuero de Coche...","Label":"Title","Locale":"es_ES"}},"Offers":{"Summaries":[{"Condition":{"Value":"New"},"LowestPrice":{"Amount":34.95,"Currency":"EUR","DisplayAmount":"34,95 € (34,95 € / l)","PricePerUnit":34.95}}]}},{"ASIN":"B005EBNZTI","DetailPageURL":"https://www.amazon.es/dp/B005EBNZTI?tag=topinalambricos-21&linkCode=osi&th=1&psc=1","Images":{"Primary":{"Small":{"Height":75,"URL":"https://m.media-amazon.com/images/I/41MKOfJ00uL._SL75_.jpg","Width":75}}},"ItemInfo":{"ByLineInfo":{"Brand":{"DisplayValue":"Renapur","Label":"Brand","Locale":"es_ES"},"Manufacturer":{"DisplayValue":"Renapur Ltd","Label":"Manufacturer","Locale":"es_ES"}},"Title":{"DisplayValue":"Bálsamo de cuero, bálsamo natural, acondicionador y restaurador Renapur (200ml + esponja aplicadora)","Label":"Title","Locale":"es_ES"}},"Offers":{"Summaries":[{"Condition":{"Value":"New"},"LowestPrice":{"Amount":17.5,"Currency":"EUR","DisplayAmount":"17,50 €"}}]}},{"ASIN":"B01M0E5OC6","DetailPageURL":"https://www.amazon.es/dp/B01M0E5OC6?tag=topinalambricos-21&linkCode=osi&th=1&psc=1","Images":{"Primary":{"Small":{"Height":75,"URL":"https://m.media-amazon.com/images/I/31aqST56JDL._SL75_.jpg","Width":75}}},"ItemInfo":{"ByLineInfo":{"Brand":{"DisplayValue":"QM Cleaner","Label":"Brand","Locale":"es_ES"},"Manufacturer":{"DisplayValue":"QM Cleaner","Label":"Manufacturer","Locale":"es_ES"}},"Title":{"DisplayValue":"QM Cleaner LEATHER | Limpiador para cuero, piel y polipiel - Ideal para sillones, tapicerías de vehículos y complementos (Bolsos, chaquetas...) - 500ml","Label":"Title","Locale":"es_ES"}},"Offers":{"Summaries":[{"Condition":{"Value":"New"},"LowestPrice":{"Amount":15.99,"Currency":"EUR","DisplayAmount":"15,99 €"}}]}}],"SearchURL":"https://www.amazon.es/s?k=limpiar+cuero&rh=n%3A2424866031%2Cp_n_availability%3A-1&tag=topinalambricos-21&linkCode=osi","TotalResultCount":743}},"79":{"SearchResult":{"Items":[{"ASIN":"B07SL4WY1W","DetailPageURL":"https://www.amazon.es/dp/B07SL4WY1W?tag=topinalambricos-21&linkCode=osi&th=1&psc=1","Images":{"Primary":{"Small":{"Height":75,"URL":"https://m.media-amazon.com/images/I/4150jn7SysL._SL75_.jpg","Width":75}}},"ItemInfo":{"ByLineInfo":{"Brand":{"DisplayValue":"Maddox Detail","Label":"Brand","Locale":"es_ES"},"Manufacturer":{"DisplayValue":"Maddox Automoción SL","Label":"Manufacturer","Locale":"es_ES"}},"Title":{"DisplayValue":"Maddox Detail - Leather Detailer 500 ml | Limpiador y Acondicionador de Cuero | Limpieza Profunda para Coche y Sofá | Tratamiento de Piel | Elimina Suciedad y Manchas | Restaura Asientos","Label":"Title","Locale":"es_ES"}},"Offers":{"Summaries":[{"Condition":{"Value":"New"},"LowestPrice":{"Amount":12.9,"Currency":"EUR","DisplayAmount":"12,90 € (25,80 € / l)","PricePerUnit":25.8}}]}},{"ASIN":"B007DJ566O","DetailPageURL":"https://www.amazon.es/dp/B007DJ566O?tag=topinalambricos-21&linkCode=osi&th=1&psc=1","Images":{"Primary":{"Small":{"Height":75,"URL":"https://m.media-amazon.com/images/I/41Arv3FwqYL._SL75_.jpg","Width":75}}},"ItemInfo":{"ByLineInfo":{"Brand":{"DisplayValue":"DELARA","Label":"Brand","Locale":"es_ES"},"Manufacturer":{"DisplayValue":"DELARA","Label":"Manufacturer","Locale":"es_ES"}},"Title":{"DisplayValue":"DELARA Protector intensivo de cuero 100 ml, color: incoloro – Made in Germany","Label":"Title","Locale":"es_ES"}},"Offers":{"Summaries":[{"Condition":{"Value":"New"},"LowestPrice":{"Amount":10.99,"Currency":"EUR","DisplayAmount":"10,99 €"}}]}},{"ASIN":"B0BNZ6LN98","DetailPageURL":"https://www.amazon.es/dp/B0BNZ6LN98?tag=topinalambricos-21&linkCode=osi&th=1&psc=1","Images":{"Primary":{"Small":{"Height":75,"URL":"https://m.media-amazon.com/images/I/41FW8HzHpVL._SL75_.jpg","Width":75}}},"ItemInfo":{"ByLineInfo":{"Brand":{"DisplayValue":"GxDetail","Label":"Brand","Locale":"es_ES"},"Manufacturer":{"DisplayValue":"GxDetail","Label":"Manufacturer","Locale":"es_ES"}},"Title":{"DisplayValue":"GxDetail Limpiador de Cuero y Piel - Limpia, protege y ayuda a mantener las superficies nuevas - Limpiador de Asientos de coche de Cuero - Leather Cleaner (500 ml.)","Label":"Title","Locale":"es_ES"}},"Offers":{"Summaries":[{"Condition":{"Value":"New"},"LowestPrice":{"Amount":10.99,"Currency":"EUR","DisplayAmount":"10,99 € (21,98 € / l)","PricePerUnit":21.98}}]}},{"ASIN":"B07JWHH61W","DetailPageURL":"https://www.amazon.es/dp/B07JWHH61W?tag=topinalambricos-21&linkCode=osi&th=1&psc=1","Images":{"Primary":{"Small":{"Height":75,"URL":"https://m.media-amazon.com/images/I/51mbQkPkmeL._SL75_.jpg","Width":75}}},"ItemInfo":{"ByLineInfo":{"Brand":{"DisplayValue":"Maddox Detail","Label":"Brand","Locale":"es_ES"},"Manufacturer":{"DisplayValue":"Maddox Automoción","Label":"Manufacturer","Locale":"es_ES"}},"Title":{"DisplayValue":"Maddox Detail - Leather Care Kit 500ml | Limpiador y Acondicionador de Cuero y Piel | Incluye Microfibra | Kit Limpiador de Tapicería de Coche","Label":"Title","Locale":"es_ES"}},"Offers":{"Summaries":[{"Condition":{"Value":"New"},"LowestPrice":{"Amount":26.5,"Currency":"EUR","DisplayAmount":"26,50 € (26,50 € / l)","PricePerUnit":26.5}}]}},{"ASIN":"B07K9XPXF8","DetailPageURL":"https://www.amazon.es/dp/B07K9XPXF8?tag=topinalambricos-21&linkCode=osi&th=1&psc=1","Images":{"Primary":{"Small":{"Height":75,"URL":"https://m.media-amazon.com/images/I/41IdIjP7B3L._SL75_.jpg","Width":75}}},"ItemInfo":{"ByLineInfo":{"Brand":{"DisplayValue":"QM Cleaner","Label":"Brand","Locale":"es_ES"},"Manufacturer":{"DisplayValue":"QM Cleaner","Label":"Manufacturer","Locale":"es_ES"}},"Title":{"DisplayValue":"QM Cleaner Limpieza e hidratación Cuero. Cuidado y Limpieza de la tapicería del Coche, sillones Sofa de Cuero. Limpia e hidrata (Kit Leather)","Label":"Title","Locale":"es_ES"}},"Offers":{"Summaries":[{"Condition":{"Value":"New"},"LowestPrice":{"Amount":28.49,"Currency":"EUR","DisplayAmount":"28,49 €"}}]}},{"ASIN":"B0BHT8LCCP","DetailPageURL":"https://www.amazon.es/dp/B0BHT8LCCP?tag=topinalambricos-21&linkCode=osi&th=1&psc=1","Images":{"Primary":{"Small":{"Height":75,"URL":"https://m.media-amazon.com/images/I/31vFEUUo0OL._SL75_.jpg","Width":75}}},"ItemInfo":{"ByLineInfo":{"Brand":{"DisplayValue":"LAAV","Label":"Brand","Locale":"es_ES"},"Manufacturer":{"DisplayValue":"CSG Sp. z o.o.","Label":"Manufacturer","Locale":"es_ES"}},"Title":{"DisplayValue":"LAAV Limpiador Cuero Leather Cleaner (250 ml) I Elimina la Suciedad y Las Manchas, no Seca I Limpiador Tapiceria Coche I Producto de Limpieza Ecológico para Todos los Productos de Piel","Label":"Title","Locale":"es_ES"}},"Offers":{"Summaries":[{"Condition":{"Value":"New"},"LowestPrice":{"Amount":6.9,"Currency":"EUR","DisplayAmount":"6,90 € (27,60 € / l)","PricePerUnit":27.6}}]}},{"ASIN":"B074KKZVMF","DetailPageURL":"https://www.amazon.es/dp/B074KKZVMF?tag=topinalambricos-21&linkCode=osi&th=1&psc=1","Images":{"Primary":{"Small":{"Height":75,"URL":"https://m.media-amazon.com/images/I/410nKkuP99L._SL75_.jpg","Width":75}}},"ItemInfo":{"ByLineInfo":{"Brand":{"DisplayValue":"Maddox Detail","Label":"Brand","Locale":"es_ES"},"Manufacturer":{"DisplayValue":"Maddox Automocion Sl","Label":"Manufacturer","Locale":"es_ES"}},"Title":{"DisplayValue":"Maddox Detail - Leather Conditioner 500ml | Hidratante y Tratamiento Cuero Coche | Limpiador Asientos de Cuero y Piel, Negro","Label":"Title","Locale":"es_ES"}},"Offers":{"Summaries":[{"Condition":{"Value":"New"},"LowestPrice":{"Amount":14.9,"Currency":"EUR","DisplayAmount":"14,90 € (29,80 € / l)","PricePerUnit":29.8}}]}},{"ASIN":"B0BPN5PWY3","DetailPageURL":"https://www.amazon.es/dp/B0BPN5PWY3?tag=topinalambricos-21&linkCode=osi&th=1&psc=1","Images":{"Primary":{"Small":{"Height":75,"URL":"https://m.media-amazon.com/images/I/511GOk2abCL._SL75_.jpg","Width":75}}},"ItemInfo":{"ByLineInfo":{"Brand":{"DisplayValue":"GxDetail","Label":"Brand","Locale":"es_ES"},"Manufacturer":{"DisplayValue":"GxDetail","Label":"Manufacturer","Locale":"es_ES"}},"Title":{"DisplayValue":"GxDetail Pack Cuidado Cuero - Kit Limpieza e Hidratación para Cuero Coche Gx Detail - Kit Con Accesorios y Limpiador de Asientos de Cuero - Limpia Asientos Tapicerias Piel y Cuero de Coche...","Label":"Title","Locale":"es_ES"}},"Offers":{"Summaries":[{"Condition":{"Value":"New"},"LowestPrice":{"Amount":34.95,"Currency":"EUR","DisplayAmount":"34,95 € (34,95 € / l)","PricePerUnit":34.95}}]}},{"ASIN":"B005EBNZTI","DetailPageURL":"https://www.amazon.es/dp/B005EBNZTI?tag=topinalambricos-21&linkCode=osi&th=1&psc=1","Images":{"Primary":{"Small":{"Height":75,"URL":"https://m.media-amazon.com/images/I/41MKOfJ00uL._SL75_.jpg","Width":75}}},"ItemInfo":{"ByLineInfo":{"Brand":{"DisplayValue":"Renapur","Label":"Brand","Locale":"es_ES"},"Manufacturer":{"DisplayValue":"Renapur Ltd","Label":"Manufacturer","Locale":"es_ES"}},"Title":{"DisplayValue":"Bálsamo de cuero, bálsamo natural, acondicionador y restaurador Renapur (200ml + esponja aplicadora)","Label":"Title","Locale":"es_ES"}},"Offers":{"Summaries":[{"Condition":{"Value":"New"},"LowestPrice":{"Amount":17.5,"Currency":"EUR","DisplayAmount":"17,50 €"}}]}},{"ASIN":"B01M0E5OC6","DetailPageURL":"https://www.amazon.es/dp/B01M0E5OC6?tag=topinalambricos-21&linkCode=osi&th=1&psc=1","Images":{"Primary":{"Small":{"Height":75,"URL":"https://m.media-amazon.com/images/I/31aqST56JDL._SL75_.jpg","Width":75}}},"ItemInfo":{"ByLineInfo":{"Brand":{"DisplayValue":"QM Cleaner","Label":"Brand","Locale":"es_ES"},"Manufacturer":{"DisplayValue":"QM Cleaner","Label":"Manufacturer","Locale":"es_ES"}},"Title":{"DisplayValue":"QM Cleaner LEATHER | Limpiador para cuero, piel y polipiel - Ideal para sillones, tapicerías de vehículos y complementos (Bolsos, chaquetas...) - 500ml","Label":"Title","Locale":"es_ES"}},"Offers":{"Summaries":[{"Condition":{"Value":"New"},"LowestPrice":{"Amount":15.99,"Currency":"EUR","DisplayAmount":"15,99 €"}}]}}],"SearchURL":"https://www.amazon.es/s?k=limpiar+cuero&rh=n%3A2424866031%2Cp_n_availability%3A-1&tag=topinalambricos-21&linkCode=osi","TotalResultCount":743}}}