{"1":{"SearchResult":{"Items":[{"ASIN":"B0CHSGBF7F","DetailPageURL":"https://www.amazon.es/dp/B0CHSGBF7F?tag=topinalambricos-21&linkCode=osi&th=1&psc=1","Images":{"Primary":{"Small":{"Height":75,"URL":"https://m.media-amazon.com/images/I/51Xnn7fKW9L._SL75_.jpg","Width":73}}},"ItemInfo":{"ByLineInfo":{"Brand":{"DisplayValue":"ETISEN","Label":"Brand","Locale":"es_ES"},"Manufacturer":{"DisplayValue":"china","Label":"Manufacturer","Locale":"es_ES"}},"Title":{"DisplayValue":"ETISEN, 5 PCS 5ML Atomizador Perfume Recargable, Mini botella rociadora portátil, Pulverizador colonia recargable, perfume miniatura sin fugas, frasco. Ideal para salir de fiesta, viajar, citas.","Label":"Title","Locale":"es_ES"}},"Offers":{"Summaries":[{"Condition":{"Value":"New"},"LowestPrice":{"Amount":7.39,"Currency":"EUR","DisplayAmount":"7,39 €"}}]}},{"ASIN":"B0CFW2YVZ7","DetailPageURL":"https://www.amazon.es/dp/B0CFW2YVZ7?tag=topinalambricos-21&linkCode=osi&th=1&psc=1","Images":{"Primary":{"Small":{"Height":75,"URL":"https://m.media-amazon.com/images/I/41vHs2TAnkL._SL75_.jpg","Width":75}}},"ItemInfo":{"ByLineInfo":{"Brand":{"DisplayValue":"R#N","Label":"Brand","Locale":"es_ES"},"Manufacturer":{"DisplayValue":"R#N","Label":"Manufacturer","Locale":"es_ES"}},"Title":{"DisplayValue":"R#N 8PCS 5ML Atomizador Perfume Recargable, Dispensador Perfume Viaje, Frasco Perfume Recargable, Pulverizador Colonia, Porta Perfume Dosificador Recargable (4)","Label":"Title","Locale":"es_ES"}},"Offers":{"Summaries":[{"Condition":{"Value":"New"},"LowestPrice":{"Amount":6.99,"Currency":"EUR","DisplayAmount":"6,99 €"}}]}},{"ASIN":"B0CFZS79Q9","DetailPageURL":"https://www.amazon.es/dp/B0CFZS79Q9?tag=topinalambricos-21&linkCode=osi&th=1&psc=1","Images":{"Primary":{"Small":{"Height":72,"URL":"https://m.media-amazon.com/images/I/51IJUFZ+PML._SL75_.jpg","Width":75}}},"ItemInfo":{"ByLineInfo":{"Brand":{"DisplayValue":"NAYAINOVA","Label":"Brand","Locale":"es_ES"},"Manufacturer":{"DisplayValue":"NAYAINOVA","Label":"Manufacturer","Locale":"es_ES"}},"Title":{"DisplayValue":"NAYAINOVA Atomizador Perfume Recargable 5ML, Mini Botella Rociadora Portátil, Bote Spray Pulverizador Colonia Viaje Rellenable, Perfumadores de Bolso, Bote Rellenable Perfume Viaje","Label":"Title","Locale":"es_ES"}},"Offers":{"Summaries":[{"Condition":{"Value":"New"},"LowestPrice":{"Amount":6.99,"Currency":"EUR","DisplayAmount":"6,99 €"}}]}},{"ASIN":"B0CJV4YBVZ","DetailPageURL":"https://www.amazon.es/dp/B0CJV4YBVZ?tag=topinalambricos-21&linkCode=osi&th=1&psc=1","Images":{"Primary":{"Small":{"Height":75,"URL":"https://m.media-amazon.com/images/I/41lam02VFbL._SL75_.jpg","Width":75}}},"ItemInfo":{"ByLineInfo":{"Brand":{"DisplayValue":"VIVIIHOO","Label":"Brand","Locale":"es_ES"},"Manufacturer":{"DisplayValue":"YML-QXW0036","Label":"Manufacturer","Locale":"es_ES"}},"Title":{"DisplayValue":"VIVIIHOO Atomizador de perfume 5ml 30pcs Mini botella de spray atomizador de bolsillo Recipiente de muestra Perfume Decantación sobre la marcha - ¡Perfecto para viajar!","Label":"Title","Locale":"es_ES"}},"Offers":{"Summaries":[{"Condition":{"Value":"New"},"LowestPrice":{"Amount":10.99,"Currency":"EUR","DisplayAmount":"10,99 €"}}]}},{"ASIN":"B0BZKZLDBG","DetailPageURL":"https://www.amazon.es/dp/B0BZKZLDBG?tag=topinalambricos-21&linkCode=osi&th=1&psc=1","Images":{"Primary":{"Small":{"Height":75,"URL":"https://m.media-amazon.com/images/I/31Kv-FpPrVL._SL75_.jpg","Width":75}}},"ItemInfo":{"ByLineInfo":{"Brand":{"DisplayValue":"Colexy","Label":"Brand","Locale":"es_ES"},"Manufacturer":{"DisplayValue":"Colexy","Label":"Manufacturer","Locale":"es_ES"}},"Title":{"DisplayValue":"Atomizador Perfume Recargable, 5ML Perfume Atomizador, Spray de Perfume Portátil, Mini Botella de Perfume, Perfumador Dispensador de Viaje, Botella Vacío Pulverizador Viaje (Plata)","Label":"Title","Locale":"es_ES"}},"Offers":{"Summaries":[{"Condition":{"Value":"New"},"LowestPrice":{"Amount":9.99,"Currency":"EUR","DisplayAmount":"9,99 €"}}]}},{"ASIN":"B09YY8H7J2","DetailPageURL":"https://www.amazon.es/dp/B09YY8H7J2?tag=topinalambricos-21&linkCode=osi&th=1&psc=1","Images":{"Primary":{"Small":{"Height":75,"URL":"https://m.media-amazon.com/images/I/41eKy4GKHUL._SL75_.jpg","Width":75}}},"ItemInfo":{"ByLineInfo":{"Brand":{"DisplayValue":"SSyang","Label":"Brand","Locale":"es_ES"},"Manufacturer":{"DisplayValue":"SSyang","Label":"Manufacturer","Locale":"es_ES"}},"Title":{"DisplayValue":"SSyang 10ML Porta Perfume de Viaje,2 Piezas Atomizador Perfume Recargable Dispensador de Perfume Portátil Mini Portátil Atomizador,para Viaje Bolso Mano Bolsillo Equipaje","Label":"Title","Locale":"es_ES"}},"Offers":{"Summaries":[{"Condition":{"Value":"New"},"LowestPrice":{"Amount":11.99,"Currency":"EUR","DisplayAmount":"11,99 €"}}]}},{"ASIN":"B0C2HSJ7KZ","DetailPageURL":"https://www.amazon.es/dp/B0C2HSJ7KZ?tag=topinalambricos-21&linkCode=osi&th=1&psc=1","Images":{"Primary":{"Small":{"Height":75,"URL":"https://m.media-amazon.com/images/I/41fNxffZZyL._SL75_.jpg","Width":75}}},"ItemInfo":{"ByLineInfo":{"Brand":{"DisplayValue":"IOSPKKIO","Label":"Brand","Locale":"es_ES"},"Manufacturer":{"DisplayValue":"IOSPKKIO","Label":"Manufacturer","Locale":"es_ES"}},"Title":{"DisplayValue":"IOSPKKIO® Atomizador de Perfume Recargables atomizador portátil Mini pulverizador de Bolsillo para Viajes 5 ml dispensador de Perfume de Piel de, Portátil y Duradero","Label":"Title","Locale":"es_ES"}},"Offers":{"Summaries":[{"Condition":{"Value":"New"},"LowestPrice":{"Amount":12.99,"Currency":"EUR","DisplayAmount":"12,99 €"}}]}},{"ASIN":"B0C5LK6GGN","DetailPageURL":"https://www.amazon.es/dp/B0C5LK6GGN?tag=topinalambricos-21&linkCode=osi&th=1&psc=1","Images":{"Primary":{"Small":{"Height":75,"URL":"https://m.media-amazon.com/images/I/41kz6NAQ6rL._SL75_.jpg","Width":75}}},"ItemInfo":{"ByLineInfo":{"Brand":{"DisplayValue":"Hanmir","Label":"Brand","Locale":"es_ES"},"Manufacturer":{"DisplayValue":"hanmir","Label":"Manufacturer","Locale":"es_ES"}},"Title":{"DisplayValue":"Hanmir Pulverizador de Perfume, 5pcs 8ml Pulverizador de Perfume Recargable Atomizador de Perfume Mini Botella Pulverizadora Portátil para Atomizador de Bolsillo","Label":"Title","Locale":"es_ES"}},"Offers":{"Summaries":[{"Condition":{"Value":"New"},"LowestPrice":{"Amount":18.99,"Currency":"EUR","DisplayAmount":"18,99 €"}}]}},{"ASIN":"B08LY4RBBC","DetailPageURL":"https://www.amazon.es/dp/B08LY4RBBC?tag=topinalambricos-21&linkCode=osi&th=1&psc=1","Images":{"Primary":{"Small":{"Height":56,"URL":"https://m.media-amazon.com/images/I/41QAmjr6ClL._SL75_.jpg","Width":75}}},"ItemInfo":{"ByLineInfo":{"Brand":{"DisplayValue":"Dicora UrbanFit","Label":"Brand","Locale":"es_ES"},"Manufacturer":{"DisplayValue":"Nuvaria Global SL","Label":"Manufacturer","Locale":"es_ES"}},"Title":{"DisplayValue":"Caja 12 sprays hidroalcohólicos para desinfectar las manos formato bolsillo. Aroma Aloe Vera. Caja 12 botes 75 ml rápido secado sin aclarado","Label":"Title","Locale":"es_ES"}},"Offers":{"Summaries":[{"Condition":{"Value":"New"},"LowestPrice":{"Amount":25.89,"Currency":"EUR","DisplayAmount":"25,89 €"}}]}},{"ASIN":"B0733PFDNJ","DetailPageURL":"https://www.amazon.es/dp/B0733PFDNJ?tag=topinalambricos-21&linkCode=osi&th=1&psc=1","Images":{"Primary":{"Small":{"Height":75,"URL":"https://m.media-amazon.com/images/I/41UudFt9I3L._SL75_.jpg","Width":75}}},"ItemInfo":{"ByLineInfo":{"Brand":{"DisplayValue":"AVON","Label":"Brand","Locale":"es_ES"},"Manufacturer":{"DisplayValue":"Avon","Label":"Manufacturer","Locale":"es_ES"}},"Title":{"DisplayValue":"Avon Set de 5 espray de perfume floral/duradero","Label":"Title","Locale":"es_ES"}},"Offers":{"Summaries":[{"Condition":{"Value":"New"},"LowestPrice":{"Amount":29.99,"Currency":"EUR","DisplayAmount":"29,99 € (599,80 € / l)","PricePerUnit":599.8}}]}}],"SearchURL":"https://www.amazon.es/s?k=bolsillo&rh=n%3A6397798031%2Cp_n_availability%3A-1&tag=topinalambricos-21&linkCode=osi","TotalResultCount":1000}},"2":{"SearchResult":{"Items":[{"ASIN":"B0CHSGBF7F","DetailPageURL":"https://www.amazon.es/dp/B0CHSGBF7F?tag=topinalambricos-21&linkCode=osi&th=1&psc=1","Images":{"Primary":{"Small":{"Height":75,"URL":"https://m.media-amazon.com/images/I/51Xnn7fKW9L._SL75_.jpg","Width":73}}},"ItemInfo":{"ByLineInfo":{"Brand":{"DisplayValue":"ETISEN","Label":"Brand","Locale":"es_ES"},"Manufacturer":{"DisplayValue":"china","Label":"Manufacturer","Locale":"es_ES"}},"Title":{"DisplayValue":"ETISEN, 5 PCS 5ML Atomizador Perfume Recargable, Mini botella rociadora portátil, Pulverizador colonia recargable, perfume miniatura sin fugas, frasco. Ideal para salir de fiesta, viajar, citas.","Label":"Title","Locale":"es_ES"}},"Offers":{"Summaries":[{"Condition":{"Value":"New"},"LowestPrice":{"Amount":7.39,"Currency":"EUR","DisplayAmount":"7,39 €"}}]}},{"ASIN":"B0CFW2YVZ7","DetailPageURL":"https://www.amazon.es/dp/B0CFW2YVZ7?tag=topinalambricos-21&linkCode=osi&th=1&psc=1","Images":{"Primary":{"Small":{"Height":75,"URL":"https://m.media-amazon.com/images/I/41vHs2TAnkL._SL75_.jpg","Width":75}}},"ItemInfo":{"ByLineInfo":{"Brand":{"DisplayValue":"R#N","Label":"Brand","Locale":"es_ES"},"Manufacturer":{"DisplayValue":"R#N","Label":"Manufacturer","Locale":"es_ES"}},"Title":{"DisplayValue":"R#N 8PCS 5ML Atomizador Perfume Recargable, Dispensador Perfume Viaje, Frasco Perfume Recargable, Pulverizador Colonia, Porta Perfume Dosificador Recargable (4)","Label":"Title","Locale":"es_ES"}},"Offers":{"Summaries":[{"Condition":{"Value":"New"},"LowestPrice":{"Amount":6.99,"Currency":"EUR","DisplayAmount":"6,99 €"}}]}},{"ASIN":"B0CFZS79Q9","DetailPageURL":"https://www.amazon.es/dp/B0CFZS79Q9?tag=topinalambricos-21&linkCode=osi&th=1&psc=1","Images":{"Primary":{"Small":{"Height":72,"URL":"https://m.media-amazon.com/images/I/51IJUFZ+PML._SL75_.jpg","Width":75}}},"ItemInfo":{"ByLineInfo":{"Brand":{"DisplayValue":"NAYAINOVA","Label":"Brand","Locale":"es_ES"},"Manufacturer":{"DisplayValue":"NAYAINOVA","Label":"Manufacturer","Locale":"es_ES"}},"Title":{"DisplayValue":"NAYAINOVA Atomizador Perfume Recargable 5ML, Mini Botella Rociadora Portátil, Bote Spray Pulverizador Colonia Viaje Rellenable, Perfumadores de Bolso, Bote Rellenable Perfume Viaje","Label":"Title","Locale":"es_ES"}},"Offers":{"Summaries":[{"Condition":{"Value":"New"},"LowestPrice":{"Amount":6.99,"Currency":"EUR","DisplayAmount":"6,99 €"}}]}},{"ASIN":"B0CJV4YBVZ","DetailPageURL":"https://www.amazon.es/dp/B0CJV4YBVZ?tag=topinalambricos-21&linkCode=osi&th=1&psc=1","Images":{"Primary":{"Small":{"Height":75,"URL":"https://m.media-amazon.com/images/I/41lam02VFbL._SL75_.jpg","Width":75}}},"ItemInfo":{"ByLineInfo":{"Brand":{"DisplayValue":"VIVIIHOO","Label":"Brand","Locale":"es_ES"},"Manufacturer":{"DisplayValue":"YML-QXW0036","Label":"Manufacturer","Locale":"es_ES"}},"Title":{"DisplayValue":"VIVIIHOO Atomizador de perfume 5ml 30pcs Mini botella de spray atomizador de bolsillo Recipiente de muestra Perfume Decantación sobre la marcha - ¡Perfecto para viajar!","Label":"Title","Locale":"es_ES"}},"Offers":{"Summaries":[{"Condition":{"Value":"New"},"LowestPrice":{"Amount":10.99,"Currency":"EUR","DisplayAmount":"10,99 €"}}]}},{"ASIN":"B0BZKZLDBG","DetailPageURL":"https://www.amazon.es/dp/B0BZKZLDBG?tag=topinalambricos-21&linkCode=osi&th=1&psc=1","Images":{"Primary":{"Small":{"Height":75,"URL":"https://m.media-amazon.com/images/I/31Kv-FpPrVL._SL75_.jpg","Width":75}}},"ItemInfo":{"ByLineInfo":{"Brand":{"DisplayValue":"Colexy","Label":"Brand","Locale":"es_ES"},"Manufacturer":{"DisplayValue":"Colexy","Label":"Manufacturer","Locale":"es_ES"}},"Title":{"DisplayValue":"Atomizador Perfume Recargable, 5ML Perfume Atomizador, Spray de Perfume Portátil, Mini Botella de Perfume, Perfumador Dispensador de Viaje, Botella Vacío Pulverizador Viaje (Plata)","Label":"Title","Locale":"es_ES"}},"Offers":{"Summaries":[{"Condition":{"Value":"New"},"LowestPrice":{"Amount":9.99,"Currency":"EUR","DisplayAmount":"9,99 €"}}]}},{"ASIN":"B09YY8H7J2","DetailPageURL":"https://www.amazon.es/dp/B09YY8H7J2?tag=topinalambricos-21&linkCode=osi&th=1&psc=1","Images":{"Primary":{"Small":{"Height":75,"URL":"https://m.media-amazon.com/images/I/41eKy4GKHUL._SL75_.jpg","Width":75}}},"ItemInfo":{"ByLineInfo":{"Brand":{"DisplayValue":"SSyang","Label":"Brand","Locale":"es_ES"},"Manufacturer":{"DisplayValue":"SSyang","Label":"Manufacturer","Locale":"es_ES"}},"Title":{"DisplayValue":"SSyang 10ML Porta Perfume de Viaje,2 Piezas Atomizador Perfume Recargable Dispensador de Perfume Portátil Mini Portátil Atomizador,para Viaje Bolso Mano Bolsillo Equipaje","Label":"Title","Locale":"es_ES"}},"Offers":{"Summaries":[{"Condition":{"Value":"New"},"LowestPrice":{"Amount":11.99,"Currency":"EUR","DisplayAmount":"11,99 €"}}]}},{"ASIN":"B0C2HSJ7KZ","DetailPageURL":"https://www.amazon.es/dp/B0C2HSJ7KZ?tag=topinalambricos-21&linkCode=osi&th=1&psc=1","Images":{"Primary":{"Small":{"Height":75,"URL":"https://m.media-amazon.com/images/I/41fNxffZZyL._SL75_.jpg","Width":75}}},"ItemInfo":{"ByLineInfo":{"Brand":{"DisplayValue":"IOSPKKIO","Label":"Brand","Locale":"es_ES"},"Manufacturer":{"DisplayValue":"IOSPKKIO","Label":"Manufacturer","Locale":"es_ES"}},"Title":{"DisplayValue":"IOSPKKIO® Atomizador de Perfume Recargables atomizador portátil Mini pulverizador de Bolsillo para Viajes 5 ml dispensador de Perfume de Piel de, Portátil y Duradero","Label":"Title","Locale":"es_ES"}},"Offers":{"Summaries":[{"Condition":{"Value":"New"},"LowestPrice":{"Amount":12.99,"Currency":"EUR","DisplayAmount":"12,99 €"}}]}},{"ASIN":"B0C5LK6GGN","DetailPageURL":"https://www.amazon.es/dp/B0C5LK6GGN?tag=topinalambricos-21&linkCode=osi&th=1&psc=1","Images":{"Primary":{"Small":{"Height":75,"URL":"https://m.media-amazon.com/images/I/41kz6NAQ6rL._SL75_.jpg","Width":75}}},"ItemInfo":{"ByLineInfo":{"Brand":{"DisplayValue":"Hanmir","Label":"Brand","Locale":"es_ES"},"Manufacturer":{"DisplayValue":"hanmir","Label":"Manufacturer","Locale":"es_ES"}},"Title":{"DisplayValue":"Hanmir Pulverizador de Perfume, 5pcs 8ml Pulverizador de Perfume Recargable Atomizador de Perfume Mini Botella Pulverizadora Portátil para Atomizador de Bolsillo","Label":"Title","Locale":"es_ES"}},"Offers":{"Summaries":[{"Condition":{"Value":"New"},"LowestPrice":{"Amount":18.99,"Currency":"EUR","DisplayAmount":"18,99 €"}}]}},{"ASIN":"B08LY4RBBC","DetailPageURL":"https://www.amazon.es/dp/B08LY4RBBC?tag=topinalambricos-21&linkCode=osi&th=1&psc=1","Images":{"Primary":{"Small":{"Height":56,"URL":"https://m.media-amazon.com/images/I/41QAmjr6ClL._SL75_.jpg","Width":75}}},"ItemInfo":{"ByLineInfo":{"Brand":{"DisplayValue":"Dicora UrbanFit","Label":"Brand","Locale":"es_ES"},"Manufacturer":{"DisplayValue":"Nuvaria Global SL","Label":"Manufacturer","Locale":"es_ES"}},"Title":{"DisplayValue":"Caja 12 sprays hidroalcohólicos para desinfectar las manos formato bolsillo. Aroma Aloe Vera. Caja 12 botes 75 ml rápido secado sin aclarado","Label":"Title","Locale":"es_ES"}},"Offers":{"Summaries":[{"Condition":{"Value":"New"},"LowestPrice":{"Amount":25.89,"Currency":"EUR","DisplayAmount":"25,89 €"}}]}},{"ASIN":"B0733PFDNJ","DetailPageURL":"https://www.amazon.es/dp/B0733PFDNJ?tag=topinalambricos-21&linkCode=osi&th=1&psc=1","Images":{"Primary":{"Small":{"Height":75,"URL":"https://m.media-amazon.com/images/I/41UudFt9I3L._SL75_.jpg","Width":75}}},"ItemInfo":{"ByLineInfo":{"Brand":{"DisplayValue":"AVON","Label":"Brand","Locale":"es_ES"},"Manufacturer":{"DisplayValue":"Avon","Label":"Manufacturer","Locale":"es_ES"}},"Title":{"DisplayValue":"Avon Set de 5 espray de perfume floral/duradero","Label":"Title","Locale":"es_ES"}},"Offers":{"Summaries":[{"Condition":{"Value":"New"},"LowestPrice":{"Amount":29.99,"Currency":"EUR","DisplayAmount":"29,99 € (599,80 € / l)","PricePerUnit":599.8}}]}}],"SearchURL":"https://www.amazon.es/s?k=bolsillo&rh=n%3A6397798031%2Cp_n_availability%3A-1&tag=topinalambricos-21&linkCode=osi","TotalResultCount":1000}},"4":{"SearchResult":{"Items":[{"ASIN":"B0CHSGBF7F","DetailPageURL":"https://www.amazon.es/dp/B0CHSGBF7F?tag=topinalambricos-21&linkCode=osi&th=1&psc=1","Images":{"Primary":{"Small":{"Height":75,"URL":"https://m.media-amazon.com/images/I/51Xnn7fKW9L._SL75_.jpg","Width":73}}},"ItemInfo":{"ByLineInfo":{"Brand":{"DisplayValue":"ETISEN","Label":"Brand","Locale":"es_ES"},"Manufacturer":{"DisplayValue":"china","Label":"Manufacturer","Locale":"es_ES"}},"Title":{"DisplayValue":"ETISEN, 5 PCS 5ML Atomizador Perfume Recargable, Mini botella rociadora portátil, Pulverizador colonia recargable, perfume miniatura sin fugas, frasco. Ideal para salir de fiesta, viajar, citas.","Label":"Title","Locale":"es_ES"}},"Offers":{"Summaries":[{"Condition":{"Value":"New"},"LowestPrice":{"Amount":7.39,"Currency":"EUR","DisplayAmount":"7,39 €"}}]}},{"ASIN":"B0CFW2YVZ7","DetailPageURL":"https://www.amazon.es/dp/B0CFW2YVZ7?tag=topinalambricos-21&linkCode=osi&th=1&psc=1","Images":{"Primary":{"Small":{"Height":75,"URL":"https://m.media-amazon.com/images/I/41vHs2TAnkL._SL75_.jpg","Width":75}}},"ItemInfo":{"ByLineInfo":{"Brand":{"DisplayValue":"R#N","Label":"Brand","Locale":"es_ES"},"Manufacturer":{"DisplayValue":"R#N","Label":"Manufacturer","Locale":"es_ES"}},"Title":{"DisplayValue":"R#N 8PCS 5ML Atomizador Perfume Recargable, Dispensador Perfume Viaje, Frasco Perfume Recargable, Pulverizador Colonia, Porta Perfume Dosificador Recargable (4)","Label":"Title","Locale":"es_ES"}},"Offers":{"Summaries":[{"Condition":{"Value":"New"},"LowestPrice":{"Amount":6.99,"Currency":"EUR","DisplayAmount":"6,99 €"}}]}},{"ASIN":"B0CFZS79Q9","DetailPageURL":"https://www.amazon.es/dp/B0CFZS79Q9?tag=topinalambricos-21&linkCode=osi&th=1&psc=1","Images":{"Primary":{"Small":{"Height":72,"URL":"https://m.media-amazon.com/images/I/51IJUFZ+PML._SL75_.jpg","Width":75}}},"ItemInfo":{"ByLineInfo":{"Brand":{"DisplayValue":"NAYAINOVA","Label":"Brand","Locale":"es_ES"},"Manufacturer":{"DisplayValue":"NAYAINOVA","Label":"Manufacturer","Locale":"es_ES"}},"Title":{"DisplayValue":"NAYAINOVA Atomizador Perfume Recargable 5ML, Mini Botella Rociadora Portátil, Bote Spray Pulverizador Colonia Viaje Rellenable, Perfumadores de Bolso, Bote Rellenable Perfume Viaje","Label":"Title","Locale":"es_ES"}},"Offers":{"Summaries":[{"Condition":{"Value":"New"},"LowestPrice":{"Amount":6.99,"Currency":"EUR","DisplayAmount":"6,99 €"}}]}},{"ASIN":"B0CJV4YBVZ","DetailPageURL":"https://www.amazon.es/dp/B0CJV4YBVZ?tag=topinalambricos-21&linkCode=osi&th=1&psc=1","Images":{"Primary":{"Small":{"Height":75,"URL":"https://m.media-amazon.com/images/I/41lam02VFbL._SL75_.jpg","Width":75}}},"ItemInfo":{"ByLineInfo":{"Brand":{"DisplayValue":"VIVIIHOO","Label":"Brand","Locale":"es_ES"},"Manufacturer":{"DisplayValue":"YML-QXW0036","Label":"Manufacturer","Locale":"es_ES"}},"Title":{"DisplayValue":"VIVIIHOO Atomizador de perfume 5ml 30pcs Mini botella de spray atomizador de bolsillo Recipiente de muestra Perfume Decantación sobre la marcha - ¡Perfecto para viajar!","Label":"Title","Locale":"es_ES"}},"Offers":{"Summaries":[{"Condition":{"Value":"New"},"LowestPrice":{"Amount":10.99,"Currency":"EUR","DisplayAmount":"10,99 €"}}]}},{"ASIN":"B0BZKZLDBG","DetailPageURL":"https://www.amazon.es/dp/B0BZKZLDBG?tag=topinalambricos-21&linkCode=osi&th=1&psc=1","Images":{"Primary":{"Small":{"Height":75,"URL":"https://m.media-amazon.com/images/I/31Kv-FpPrVL._SL75_.jpg","Width":75}}},"ItemInfo":{"ByLineInfo":{"Brand":{"DisplayValue":"Colexy","Label":"Brand","Locale":"es_ES"},"Manufacturer":{"DisplayValue":"Colexy","Label":"Manufacturer","Locale":"es_ES"}},"Title":{"DisplayValue":"Atomizador Perfume Recargable, 5ML Perfume Atomizador, Spray de Perfume Portátil, Mini Botella de Perfume, Perfumador Dispensador de Viaje, Botella Vacío Pulverizador Viaje (Plata)","Label":"Title","Locale":"es_ES"}},"Offers":{"Summaries":[{"Condition":{"Value":"New"},"LowestPrice":{"Amount":9.99,"Currency":"EUR","DisplayAmount":"9,99 €"}}]}},{"ASIN":"B09YY8H7J2","DetailPageURL":"https://www.amazon.es/dp/B09YY8H7J2?tag=topinalambricos-21&linkCode=osi&th=1&psc=1","Images":{"Primary":{"Small":{"Height":75,"URL":"https://m.media-amazon.com/images/I/41eKy4GKHUL._SL75_.jpg","Width":75}}},"ItemInfo":{"ByLineInfo":{"Brand":{"DisplayValue":"SSyang","Label":"Brand","Locale":"es_ES"},"Manufacturer":{"DisplayValue":"SSyang","Label":"Manufacturer","Locale":"es_ES"}},"Title":{"DisplayValue":"SSyang 10ML Porta Perfume de Viaje,2 Piezas Atomizador Perfume Recargable Dispensador de Perfume Portátil Mini Portátil Atomizador,para Viaje Bolso Mano Bolsillo Equipaje","Label":"Title","Locale":"es_ES"}},"Offers":{"Summaries":[{"Condition":{"Value":"New"},"LowestPrice":{"Amount":11.99,"Currency":"EUR","DisplayAmount":"11,99 €"}}]}},{"ASIN":"B0C2HSJ7KZ","DetailPageURL":"https://www.amazon.es/dp/B0C2HSJ7KZ?tag=topinalambricos-21&linkCode=osi&th=1&psc=1","Images":{"Primary":{"Small":{"Height":75,"URL":"https://m.media-amazon.com/images/I/41fNxffZZyL._SL75_.jpg","Width":75}}},"ItemInfo":{"ByLineInfo":{"Brand":{"DisplayValue":"IOSPKKIO","Label":"Brand","Locale":"es_ES"},"Manufacturer":{"DisplayValue":"IOSPKKIO","Label":"Manufacturer","Locale":"es_ES"}},"Title":{"DisplayValue":"IOSPKKIO® Atomizador de Perfume Recargables atomizador portátil Mini pulverizador de Bolsillo para Viajes 5 ml dispensador de Perfume de Piel de, Portátil y Duradero","Label":"Title","Locale":"es_ES"}},"Offers":{"Summaries":[{"Condition":{"Value":"New"},"LowestPrice":{"Amount":12.99,"Currency":"EUR","DisplayAmount":"12,99 €"}}]}},{"ASIN":"B0C5LK6GGN","DetailPageURL":"https://www.amazon.es/dp/B0C5LK6GGN?tag=topinalambricos-21&linkCode=osi&th=1&psc=1","Images":{"Primary":{"Small":{"Height":75,"URL":"https://m.media-amazon.com/images/I/41kz6NAQ6rL._SL75_.jpg","Width":75}}},"ItemInfo":{"ByLineInfo":{"Brand":{"DisplayValue":"Hanmir","Label":"Brand","Locale":"es_ES"},"Manufacturer":{"DisplayValue":"hanmir","Label":"Manufacturer","Locale":"es_ES"}},"Title":{"DisplayValue":"Hanmir Pulverizador de Perfume, 5pcs 8ml Pulverizador de Perfume Recargable Atomizador de Perfume Mini Botella Pulverizadora Portátil para Atomizador de Bolsillo","Label":"Title","Locale":"es_ES"}},"Offers":{"Summaries":[{"Condition":{"Value":"New"},"LowestPrice":{"Amount":18.99,"Currency":"EUR","DisplayAmount":"18,99 €"}}]}},{"ASIN":"B08LY4RBBC","DetailPageURL":"https://www.amazon.es/dp/B08LY4RBBC?tag=topinalambricos-21&linkCode=osi&th=1&psc=1","Images":{"Primary":{"Small":{"Height":56,"URL":"https://m.media-amazon.com/images/I/41QAmjr6ClL._SL75_.jpg","Width":75}}},"ItemInfo":{"ByLineInfo":{"Brand":{"DisplayValue":"Dicora UrbanFit","Label":"Brand","Locale":"es_ES"},"Manufacturer":{"DisplayValue":"Nuvaria Global SL","Label":"Manufacturer","Locale":"es_ES"}},"Title":{"DisplayValue":"Caja 12 sprays hidroalcohólicos para desinfectar las manos formato bolsillo. Aroma Aloe Vera. Caja 12 botes 75 ml rápido secado sin aclarado","Label":"Title","Locale":"es_ES"}},"Offers":{"Summaries":[{"Condition":{"Value":"New"},"LowestPrice":{"Amount":25.89,"Currency":"EUR","DisplayAmount":"25,89 €"}}]}},{"ASIN":"B0733PFDNJ","DetailPageURL":"https://www.amazon.es/dp/B0733PFDNJ?tag=topinalambricos-21&linkCode=osi&th=1&psc=1","Images":{"Primary":{"Small":{"Height":75,"URL":"https://m.media-amazon.com/images/I/41UudFt9I3L._SL75_.jpg","Width":75}}},"ItemInfo":{"ByLineInfo":{"Brand":{"DisplayValue":"AVON","Label":"Brand","Locale":"es_ES"},"Manufacturer":{"DisplayValue":"Avon","Label":"Manufacturer","Locale":"es_ES"}},"Title":{"DisplayValue":"Avon Set de 5 espray de perfume floral/duradero","Label":"Title","Locale":"es_ES"}},"Offers":{"Summaries":[{"Condition":{"Value":"New"},"LowestPrice":{"Amount":29.99,"Currency":"EUR","DisplayAmount":"29,99 € (599,80 € / l)","PricePerUnit":599.8}}]}}],"SearchURL":"https://www.amazon.es/s?k=bolsillo&rh=n%3A6397798031%2Cp_n_availability%3A-1&tag=topinalambricos-21&linkCode=osi","TotalResultCount":1000}},"5":{"SearchResult":{"Items":[{"ASIN":"B0CHSGBF7F","DetailPageURL":"https://www.amazon.es/dp/B0CHSGBF7F?tag=topinalambricos-21&linkCode=osi&th=1&psc=1","Images":{"Primary":{"Small":{"Height":75,"URL":"https://m.media-amazon.com/images/I/51Xnn7fKW9L._SL75_.jpg","Width":73}}},"ItemInfo":{"ByLineInfo":{"Brand":{"DisplayValue":"ETISEN","Label":"Brand","Locale":"es_ES"},"Manufacturer":{"DisplayValue":"china","Label":"Manufacturer","Locale":"es_ES"}},"Title":{"DisplayValue":"ETISEN, 5 PCS 5ML Atomizador Perfume Recargable, Mini botella rociadora portátil, Pulverizador colonia recargable, perfume miniatura sin fugas, frasco. Ideal para salir de fiesta, viajar, citas.","Label":"Title","Locale":"es_ES"}},"Offers":{"Summaries":[{"Condition":{"Value":"New"},"LowestPrice":{"Amount":7.39,"Currency":"EUR","DisplayAmount":"7,39 €"}}]}},{"ASIN":"B0CFW2YVZ7","DetailPageURL":"https://www.amazon.es/dp/B0CFW2YVZ7?tag=topinalambricos-21&linkCode=osi&th=1&psc=1","Images":{"Primary":{"Small":{"Height":75,"URL":"https://m.media-amazon.com/images/I/41vHs2TAnkL._SL75_.jpg","Width":75}}},"ItemInfo":{"ByLineInfo":{"Brand":{"DisplayValue":"R#N","Label":"Brand","Locale":"es_ES"},"Manufacturer":{"DisplayValue":"R#N","Label":"Manufacturer","Locale":"es_ES"}},"Title":{"DisplayValue":"R#N 8PCS 5ML Atomizador Perfume Recargable, Dispensador Perfume Viaje, Frasco Perfume Recargable, Pulverizador Colonia, Porta Perfume Dosificador Recargable (4)","Label":"Title","Locale":"es_ES"}},"Offers":{"Summaries":[{"Condition":{"Value":"New"},"LowestPrice":{"Amount":6.99,"Currency":"EUR","DisplayAmount":"6,99 €"}}]}},{"ASIN":"B0CFZS79Q9","DetailPageURL":"https://www.amazon.es/dp/B0CFZS79Q9?tag=topinalambricos-21&linkCode=osi&th=1&psc=1","Images":{"Primary":{"Small":{"Height":72,"URL":"https://m.media-amazon.com/images/I/51IJUFZ+PML._SL75_.jpg","Width":75}}},"ItemInfo":{"ByLineInfo":{"Brand":{"DisplayValue":"NAYAINOVA","Label":"Brand","Locale":"es_ES"},"Manufacturer":{"DisplayValue":"NAYAINOVA","Label":"Manufacturer","Locale":"es_ES"}},"Title":{"DisplayValue":"NAYAINOVA Atomizador Perfume Recargable 5ML, Mini Botella Rociadora Portátil, Bote Spray Pulverizador Colonia Viaje Rellenable, Perfumadores de Bolso, Bote Rellenable Perfume Viaje","Label":"Title","Locale":"es_ES"}},"Offers":{"Summaries":[{"Condition":{"Value":"New"},"LowestPrice":{"Amount":6.99,"Currency":"EUR","DisplayAmount":"6,99 €"}}]}},{"ASIN":"B0CJV4YBVZ","DetailPageURL":"https://www.amazon.es/dp/B0CJV4YBVZ?tag=topinalambricos-21&linkCode=osi&th=1&psc=1","Images":{"Primary":{"Small":{"Height":75,"URL":"https://m.media-amazon.com/images/I/41lam02VFbL._SL75_.jpg","Width":75}}},"ItemInfo":{"ByLineInfo":{"Brand":{"DisplayValue":"VIVIIHOO","Label":"Brand","Locale":"es_ES"},"Manufacturer":{"DisplayValue":"YML-QXW0036","Label":"Manufacturer","Locale":"es_ES"}},"Title":{"DisplayValue":"VIVIIHOO Atomizador de perfume 5ml 30pcs Mini botella de spray atomizador de bolsillo Recipiente de muestra Perfume Decantación sobre la marcha - ¡Perfecto para viajar!","Label":"Title","Locale":"es_ES"}},"Offers":{"Summaries":[{"Condition":{"Value":"New"},"LowestPrice":{"Amount":10.99,"Currency":"EUR","DisplayAmount":"10,99 €"}}]}},{"ASIN":"B0BZKZLDBG","DetailPageURL":"https://www.amazon.es/dp/B0BZKZLDBG?tag=topinalambricos-21&linkCode=osi&th=1&psc=1","Images":{"Primary":{"Small":{"Height":75,"URL":"https://m.media-amazon.com/images/I/31Kv-FpPrVL._SL75_.jpg","Width":75}}},"ItemInfo":{"ByLineInfo":{"Brand":{"DisplayValue":"Colexy","Label":"Brand","Locale":"es_ES"},"Manufacturer":{"DisplayValue":"Colexy","Label":"Manufacturer","Locale":"es_ES"}},"Title":{"DisplayValue":"Atomizador Perfume Recargable, 5ML Perfume Atomizador, Spray de Perfume Portátil, Mini Botella de Perfume, Perfumador Dispensador de Viaje, Botella Vacío Pulverizador Viaje (Plata)","Label":"Title","Locale":"es_ES"}},"Offers":{"Summaries":[{"Condition":{"Value":"New"},"LowestPrice":{"Amount":9.99,"Currency":"EUR","DisplayAmount":"9,99 €"}}]}},{"ASIN":"B09YY8H7J2","DetailPageURL":"https://www.amazon.es/dp/B09YY8H7J2?tag=topinalambricos-21&linkCode=osi&th=1&psc=1","Images":{"Primary":{"Small":{"Height":75,"URL":"https://m.media-amazon.com/images/I/41eKy4GKHUL._SL75_.jpg","Width":75}}},"ItemInfo":{"ByLineInfo":{"Brand":{"DisplayValue":"SSyang","Label":"Brand","Locale":"es_ES"},"Manufacturer":{"DisplayValue":"SSyang","Label":"Manufacturer","Locale":"es_ES"}},"Title":{"DisplayValue":"SSyang 10ML Porta Perfume de Viaje,2 Piezas Atomizador Perfume Recargable Dispensador de Perfume Portátil Mini Portátil Atomizador,para Viaje Bolso Mano Bolsillo Equipaje","Label":"Title","Locale":"es_ES"}},"Offers":{"Summaries":[{"Condition":{"Value":"New"},"LowestPrice":{"Amount":11.99,"Currency":"EUR","DisplayAmount":"11,99 €"}}]}},{"ASIN":"B0C2HSJ7KZ","DetailPageURL":"https://www.amazon.es/dp/B0C2HSJ7KZ?tag=topinalambricos-21&linkCode=osi&th=1&psc=1","Images":{"Primary":{"Small":{"Height":75,"URL":"https://m.media-amazon.com/images/I/41fNxffZZyL._SL75_.jpg","Width":75}}},"ItemInfo":{"ByLineInfo":{"Brand":{"DisplayValue":"IOSPKKIO","Label":"Brand","Locale":"es_ES"},"Manufacturer":{"DisplayValue":"IOSPKKIO","Label":"Manufacturer","Locale":"es_ES"}},"Title":{"DisplayValue":"IOSPKKIO® Atomizador de Perfume Recargables atomizador portátil Mini pulverizador de Bolsillo para Viajes 5 ml dispensador de Perfume de Piel de, Portátil y Duradero","Label":"Title","Locale":"es_ES"}},"Offers":{"Summaries":[{"Condition":{"Value":"New"},"LowestPrice":{"Amount":12.99,"Currency":"EUR","DisplayAmount":"12,99 €"}}]}},{"ASIN":"B0C5LK6GGN","DetailPageURL":"https://www.amazon.es/dp/B0C5LK6GGN?tag=topinalambricos-21&linkCode=osi&th=1&psc=1","Images":{"Primary":{"Small":{"Height":75,"URL":"https://m.media-amazon.com/images/I/41kz6NAQ6rL._SL75_.jpg","Width":75}}},"ItemInfo":{"ByLineInfo":{"Brand":{"DisplayValue":"Hanmir","Label":"Brand","Locale":"es_ES"},"Manufacturer":{"DisplayValue":"hanmir","Label":"Manufacturer","Locale":"es_ES"}},"Title":{"DisplayValue":"Hanmir Pulverizador de Perfume, 5pcs 8ml Pulverizador de Perfume Recargable Atomizador de Perfume Mini Botella Pulverizadora Portátil para Atomizador de Bolsillo","Label":"Title","Locale":"es_ES"}},"Offers":{"Summaries":[{"Condition":{"Value":"New"},"LowestPrice":{"Amount":18.99,"Currency":"EUR","DisplayAmount":"18,99 €"}}]}},{"ASIN":"B08LY4RBBC","DetailPageURL":"https://www.amazon.es/dp/B08LY4RBBC?tag=topinalambricos-21&linkCode=osi&th=1&psc=1","Images":{"Primary":{"Small":{"Height":56,"URL":"https://m.media-amazon.com/images/I/41QAmjr6ClL._SL75_.jpg","Width":75}}},"ItemInfo":{"ByLineInfo":{"Brand":{"DisplayValue":"Dicora UrbanFit","Label":"Brand","Locale":"es_ES"},"Manufacturer":{"DisplayValue":"Nuvaria Global SL","Label":"Manufacturer","Locale":"es_ES"}},"Title":{"DisplayValue":"Caja 12 sprays hidroalcohólicos para desinfectar las manos formato bolsillo. Aroma Aloe Vera. Caja 12 botes 75 ml rápido secado sin aclarado","Label":"Title","Locale":"es_ES"}},"Offers":{"Summaries":[{"Condition":{"Value":"New"},"LowestPrice":{"Amount":25.89,"Currency":"EUR","DisplayAmount":"25,89 €"}}]}},{"ASIN":"B0733PFDNJ","DetailPageURL":"https://www.amazon.es/dp/B0733PFDNJ?tag=topinalambricos-21&linkCode=osi&th=1&psc=1","Images":{"Primary":{"Small":{"Height":75,"URL":"https://m.media-amazon.com/images/I/41UudFt9I3L._SL75_.jpg","Width":75}}},"ItemInfo":{"ByLineInfo":{"Brand":{"DisplayValue":"AVON","Label":"Brand","Locale":"es_ES"},"Manufacturer":{"DisplayValue":"Avon","Label":"Manufacturer","Locale":"es_ES"}},"Title":{"DisplayValue":"Avon Set de 5 espray de perfume floral/duradero","Label":"Title","Locale":"es_ES"}},"Offers":{"Summaries":[{"Condition":{"Value":"New"},"LowestPrice":{"Amount":29.99,"Currency":"EUR","DisplayAmount":"29,99 € (599,80 € / l)","PricePerUnit":599.8}}]}}],"SearchURL":"https://www.amazon.es/s?k=bolsillo&rh=n%3A6397798031%2Cp_n_availability%3A-1&tag=topinalambricos-21&linkCode=osi","TotalResultCount":1000}},"6":{"SearchResult":{"Items":[{"ASIN":"B0CHSGBF7F","DetailPageURL":"https://www.amazon.es/dp/B0CHSGBF7F?tag=topinalambricos-21&linkCode=osi&th=1&psc=1","Images":{"Primary":{"Small":{"Height":75,"URL":"https://m.media-amazon.com/images/I/51Xnn7fKW9L._SL75_.jpg","Width":73}}},"ItemInfo":{"ByLineInfo":{"Brand":{"DisplayValue":"ETISEN","Label":"Brand","Locale":"es_ES"},"Manufacturer":{"DisplayValue":"china","Label":"Manufacturer","Locale":"es_ES"}},"Title":{"DisplayValue":"ETISEN, 5 PCS 5ML Atomizador Perfume Recargable, Mini botella rociadora portátil, Pulverizador colonia recargable, perfume miniatura sin fugas, frasco. Ideal para salir de fiesta, viajar, citas.","Label":"Title","Locale":"es_ES"}},"Offers":{"Summaries":[{"Condition":{"Value":"New"},"LowestPrice":{"Amount":7.39,"Currency":"EUR","DisplayAmount":"7,39 €"}}]}},{"ASIN":"B0CFW2YVZ7","DetailPageURL":"https://www.amazon.es/dp/B0CFW2YVZ7?tag=topinalambricos-21&linkCode=osi&th=1&psc=1","Images":{"Primary":{"Small":{"Height":75,"URL":"https://m.media-amazon.com/images/I/41vHs2TAnkL._SL75_.jpg","Width":75}}},"ItemInfo":{"ByLineInfo":{"Brand":{"DisplayValue":"R#N","Label":"Brand","Locale":"es_ES"},"Manufacturer":{"DisplayValue":"R#N","Label":"Manufacturer","Locale":"es_ES"}},"Title":{"DisplayValue":"R#N 8PCS 5ML Atomizador Perfume Recargable, Dispensador Perfume Viaje, Frasco Perfume Recargable, Pulverizador Colonia, Porta Perfume Dosificador Recargable (4)","Label":"Title","Locale":"es_ES"}},"Offers":{"Summaries":[{"Condition":{"Value":"New"},"LowestPrice":{"Amount":6.99,"Currency":"EUR","DisplayAmount":"6,99 €"}}]}},{"ASIN":"B0CFZS79Q9","DetailPageURL":"https://www.amazon.es/dp/B0CFZS79Q9?tag=topinalambricos-21&linkCode=osi&th=1&psc=1","Images":{"Primary":{"Small":{"Height":72,"URL":"https://m.media-amazon.com/images/I/51IJUFZ+PML._SL75_.jpg","Width":75}}},"ItemInfo":{"ByLineInfo":{"Brand":{"DisplayValue":"NAYAINOVA","Label":"Brand","Locale":"es_ES"},"Manufacturer":{"DisplayValue":"NAYAINOVA","Label":"Manufacturer","Locale":"es_ES"}},"Title":{"DisplayValue":"NAYAINOVA Atomizador Perfume Recargable 5ML, Mini Botella Rociadora Portátil, Bote Spray Pulverizador Colonia Viaje Rellenable, Perfumadores de Bolso, Bote Rellenable Perfume Viaje","Label":"Title","Locale":"es_ES"}},"Offers":{"Summaries":[{"Condition":{"Value":"New"},"LowestPrice":{"Amount":6.99,"Currency":"EUR","DisplayAmount":"6,99 €"}}]}},{"ASIN":"B0CJV4YBVZ","DetailPageURL":"https://www.amazon.es/dp/B0CJV4YBVZ?tag=topinalambricos-21&linkCode=osi&th=1&psc=1","Images":{"Primary":{"Small":{"Height":75,"URL":"https://m.media-amazon.com/images/I/41lam02VFbL._SL75_.jpg","Width":75}}},"ItemInfo":{"ByLineInfo":{"Brand":{"DisplayValue":"VIVIIHOO","Label":"Brand","Locale":"es_ES"},"Manufacturer":{"DisplayValue":"YML-QXW0036","Label":"Manufacturer","Locale":"es_ES"}},"Title":{"DisplayValue":"VIVIIHOO Atomizador de perfume 5ml 30pcs Mini botella de spray atomizador de bolsillo Recipiente de muestra Perfume Decantación sobre la marcha - ¡Perfecto para viajar!","Label":"Title","Locale":"es_ES"}},"Offers":{"Summaries":[{"Condition":{"Value":"New"},"LowestPrice":{"Amount":10.99,"Currency":"EUR","DisplayAmount":"10,99 €"}}]}},{"ASIN":"B0BZKZLDBG","DetailPageURL":"https://www.amazon.es/dp/B0BZKZLDBG?tag=topinalambricos-21&linkCode=osi&th=1&psc=1","Images":{"Primary":{"Small":{"Height":75,"URL":"https://m.media-amazon.com/images/I/31Kv-FpPrVL._SL75_.jpg","Width":75}}},"ItemInfo":{"ByLineInfo":{"Brand":{"DisplayValue":"Colexy","Label":"Brand","Locale":"es_ES"},"Manufacturer":{"DisplayValue":"Colexy","Label":"Manufacturer","Locale":"es_ES"}},"Title":{"DisplayValue":"Atomizador Perfume Recargable, 5ML Perfume Atomizador, Spray de Perfume Portátil, Mini Botella de Perfume, Perfumador Dispensador de Viaje, Botella Vacío Pulverizador Viaje (Plata)","Label":"Title","Locale":"es_ES"}},"Offers":{"Summaries":[{"Condition":{"Value":"New"},"LowestPrice":{"Amount":9.99,"Currency":"EUR","DisplayAmount":"9,99 €"}}]}},{"ASIN":"B09YY8H7J2","DetailPageURL":"https://www.amazon.es/dp/B09YY8H7J2?tag=topinalambricos-21&linkCode=osi&th=1&psc=1","Images":{"Primary":{"Small":{"Height":75,"URL":"https://m.media-amazon.com/images/I/41eKy4GKHUL._SL75_.jpg","Width":75}}},"ItemInfo":{"ByLineInfo":{"Brand":{"DisplayValue":"SSyang","Label":"Brand","Locale":"es_ES"},"Manufacturer":{"DisplayValue":"SSyang","Label":"Manufacturer","Locale":"es_ES"}},"Title":{"DisplayValue":"SSyang 10ML Porta Perfume de Viaje,2 Piezas Atomizador Perfume Recargable Dispensador de Perfume Portátil Mini Portátil Atomizador,para Viaje Bolso Mano Bolsillo Equipaje","Label":"Title","Locale":"es_ES"}},"Offers":{"Summaries":[{"Condition":{"Value":"New"},"LowestPrice":{"Amount":11.99,"Currency":"EUR","DisplayAmount":"11,99 €"}}]}},{"ASIN":"B0C2HSJ7KZ","DetailPageURL":"https://www.amazon.es/dp/B0C2HSJ7KZ?tag=topinalambricos-21&linkCode=osi&th=1&psc=1","Images":{"Primary":{"Small":{"Height":75,"URL":"https://m.media-amazon.com/images/I/41fNxffZZyL._SL75_.jpg","Width":75}}},"ItemInfo":{"ByLineInfo":{"Brand":{"DisplayValue":"IOSPKKIO","Label":"Brand","Locale":"es_ES"},"Manufacturer":{"DisplayValue":"IOSPKKIO","Label":"Manufacturer","Locale":"es_ES"}},"Title":{"DisplayValue":"IOSPKKIO® Atomizador de Perfume Recargables atomizador portátil Mini pulverizador de Bolsillo para Viajes 5 ml dispensador de Perfume de Piel de, Portátil y Duradero","Label":"Title","Locale":"es_ES"}},"Offers":{"Summaries":[{"Condition":{"Value":"New"},"LowestPrice":{"Amount":12.99,"Currency":"EUR","DisplayAmount":"12,99 €"}}]}},{"ASIN":"B0C5LK6GGN","DetailPageURL":"https://www.amazon.es/dp/B0C5LK6GGN?tag=topinalambricos-21&linkCode=osi&th=1&psc=1","Images":{"Primary":{"Small":{"Height":75,"URL":"https://m.media-amazon.com/images/I/41kz6NAQ6rL._SL75_.jpg","Width":75}}},"ItemInfo":{"ByLineInfo":{"Brand":{"DisplayValue":"Hanmir","Label":"Brand","Locale":"es_ES"},"Manufacturer":{"DisplayValue":"hanmir","Label":"Manufacturer","Locale":"es_ES"}},"Title":{"DisplayValue":"Hanmir Pulverizador de Perfume, 5pcs 8ml Pulverizador de Perfume Recargable Atomizador de Perfume Mini Botella Pulverizadora Portátil para Atomizador de Bolsillo","Label":"Title","Locale":"es_ES"}},"Offers":{"Summaries":[{"Condition":{"Value":"New"},"LowestPrice":{"Amount":18.99,"Currency":"EUR","DisplayAmount":"18,99 €"}}]}},{"ASIN":"B08LY4RBBC","DetailPageURL":"https://www.amazon.es/dp/B08LY4RBBC?tag=topinalambricos-21&linkCode=osi&th=1&psc=1","Images":{"Primary":{"Small":{"Height":56,"URL":"https://m.media-amazon.com/images/I/41QAmjr6ClL._SL75_.jpg","Width":75}}},"ItemInfo":{"ByLineInfo":{"Brand":{"DisplayValue":"Dicora UrbanFit","Label":"Brand","Locale":"es_ES"},"Manufacturer":{"DisplayValue":"Nuvaria Global SL","Label":"Manufacturer","Locale":"es_ES"}},"Title":{"DisplayValue":"Caja 12 sprays hidroalcohólicos para desinfectar las manos formato bolsillo. Aroma Aloe Vera. Caja 12 botes 75 ml rápido secado sin aclarado","Label":"Title","Locale":"es_ES"}},"Offers":{"Summaries":[{"Condition":{"Value":"New"},"LowestPrice":{"Amount":25.89,"Currency":"EUR","DisplayAmount":"25,89 €"}}]}},{"ASIN":"B0733PFDNJ","DetailPageURL":"https://www.amazon.es/dp/B0733PFDNJ?tag=topinalambricos-21&linkCode=osi&th=1&psc=1","Images":{"Primary":{"Small":{"Height":75,"URL":"https://m.media-amazon.com/images/I/41UudFt9I3L._SL75_.jpg","Width":75}}},"ItemInfo":{"ByLineInfo":{"Brand":{"DisplayValue":"AVON","Label":"Brand","Locale":"es_ES"},"Manufacturer":{"DisplayValue":"Avon","Label":"Manufacturer","Locale":"es_ES"}},"Title":{"DisplayValue":"Avon Set de 5 espray de perfume floral/duradero","Label":"Title","Locale":"es_ES"}},"Offers":{"Summaries":[{"Condition":{"Value":"New"},"LowestPrice":{"Amount":29.99,"Currency":"EUR","DisplayAmount":"29,99 € (599,80 € / l)","PricePerUnit":599.8}}]}}],"SearchURL":"https://www.amazon.es/s?k=bolsillo&rh=n%3A6397798031%2Cp_n_availability%3A-1&tag=topinalambricos-21&linkCode=osi","TotalResultCount":1000}},"7":{"SearchResult":{"Items":[{"ASIN":"B0CHSGBF7F","DetailPageURL":"https://www.amazon.es/dp/B0CHSGBF7F?tag=topinalambricos-21&linkCode=osi&th=1&psc=1","Images":{"Primary":{"Small":{"Height":75,"URL":"https://m.media-amazon.com/images/I/51Xnn7fKW9L._SL75_.jpg","Width":73}}},"ItemInfo":{"ByLineInfo":{"Brand":{"DisplayValue":"ETISEN","Label":"Brand","Locale":"es_ES"},"Manufacturer":{"DisplayValue":"china","Label":"Manufacturer","Locale":"es_ES"}},"Title":{"DisplayValue":"ETISEN, 5 PCS 5ML Atomizador Perfume Recargable, Mini botella rociadora portátil, Pulverizador colonia recargable, perfume miniatura sin fugas, frasco. Ideal para salir de fiesta, viajar, citas.","Label":"Title","Locale":"es_ES"}},"Offers":{"Summaries":[{"Condition":{"Value":"New"},"LowestPrice":{"Amount":7.39,"Currency":"EUR","DisplayAmount":"7,39 €"}}]}},{"ASIN":"B0CFW2YVZ7","DetailPageURL":"https://www.amazon.es/dp/B0CFW2YVZ7?tag=topinalambricos-21&linkCode=osi&th=1&psc=1","Images":{"Primary":{"Small":{"Height":75,"URL":"https://m.media-amazon.com/images/I/41vHs2TAnkL._SL75_.jpg","Width":75}}},"ItemInfo":{"ByLineInfo":{"Brand":{"DisplayValue":"R#N","Label":"Brand","Locale":"es_ES"},"Manufacturer":{"DisplayValue":"R#N","Label":"Manufacturer","Locale":"es_ES"}},"Title":{"DisplayValue":"R#N 8PCS 5ML Atomizador Perfume Recargable, Dispensador Perfume Viaje, Frasco Perfume Recargable, Pulverizador Colonia, Porta Perfume Dosificador Recargable (4)","Label":"Title","Locale":"es_ES"}},"Offers":{"Summaries":[{"Condition":{"Value":"New"},"LowestPrice":{"Amount":6.99,"Currency":"EUR","DisplayAmount":"6,99 €"}}]}},{"ASIN":"B0CFZS79Q9","DetailPageURL":"https://www.amazon.es/dp/B0CFZS79Q9?tag=topinalambricos-21&linkCode=osi&th=1&psc=1","Images":{"Primary":{"Small":{"Height":72,"URL":"https://m.media-amazon.com/images/I/51IJUFZ+PML._SL75_.jpg","Width":75}}},"ItemInfo":{"ByLineInfo":{"Brand":{"DisplayValue":"NAYAINOVA","Label":"Brand","Locale":"es_ES"},"Manufacturer":{"DisplayValue":"NAYAINOVA","Label":"Manufacturer","Locale":"es_ES"}},"Title":{"DisplayValue":"NAYAINOVA Atomizador Perfume Recargable 5ML, Mini Botella Rociadora Portátil, Bote Spray Pulverizador Colonia Viaje Rellenable, Perfumadores de Bolso, Bote Rellenable Perfume Viaje","Label":"Title","Locale":"es_ES"}},"Offers":{"Summaries":[{"Condition":{"Value":"New"},"LowestPrice":{"Amount":6.99,"Currency":"EUR","DisplayAmount":"6,99 €"}}]}},{"ASIN":"B0CJV4YBVZ","DetailPageURL":"https://www.amazon.es/dp/B0CJV4YBVZ?tag=topinalambricos-21&linkCode=osi&th=1&psc=1","Images":{"Primary":{"Small":{"Height":75,"URL":"https://m.media-amazon.com/images/I/41lam02VFbL._SL75_.jpg","Width":75}}},"ItemInfo":{"ByLineInfo":{"Brand":{"DisplayValue":"VIVIIHOO","Label":"Brand","Locale":"es_ES"},"Manufacturer":{"DisplayValue":"YML-QXW0036","Label":"Manufacturer","Locale":"es_ES"}},"Title":{"DisplayValue":"VIVIIHOO Atomizador de perfume 5ml 30pcs Mini botella de spray atomizador de bolsillo Recipiente de muestra Perfume Decantación sobre la marcha - ¡Perfecto para viajar!","Label":"Title","Locale":"es_ES"}},"Offers":{"Summaries":[{"Condition":{"Value":"New"},"LowestPrice":{"Amount":10.99,"Currency":"EUR","DisplayAmount":"10,99 €"}}]}},{"ASIN":"B0BZKZLDBG","DetailPageURL":"https://www.amazon.es/dp/B0BZKZLDBG?tag=topinalambricos-21&linkCode=osi&th=1&psc=1","Images":{"Primary":{"Small":{"Height":75,"URL":"https://m.media-amazon.com/images/I/31Kv-FpPrVL._SL75_.jpg","Width":75}}},"ItemInfo":{"ByLineInfo":{"Brand":{"DisplayValue":"Colexy","Label":"Brand","Locale":"es_ES"},"Manufacturer":{"DisplayValue":"Colexy","Label":"Manufacturer","Locale":"es_ES"}},"Title":{"DisplayValue":"Atomizador Perfume Recargable, 5ML Perfume Atomizador, Spray de Perfume Portátil, Mini Botella de Perfume, Perfumador Dispensador de Viaje, Botella Vacío Pulverizador Viaje (Plata)","Label":"Title","Locale":"es_ES"}},"Offers":{"Summaries":[{"Condition":{"Value":"New"},"LowestPrice":{"Amount":9.99,"Currency":"EUR","DisplayAmount":"9,99 €"}}]}},{"ASIN":"B09YY8H7J2","DetailPageURL":"https://www.amazon.es/dp/B09YY8H7J2?tag=topinalambricos-21&linkCode=osi&th=1&psc=1","Images":{"Primary":{"Small":{"Height":75,"URL":"https://m.media-amazon.com/images/I/41eKy4GKHUL._SL75_.jpg","Width":75}}},"ItemInfo":{"ByLineInfo":{"Brand":{"DisplayValue":"SSyang","Label":"Brand","Locale":"es_ES"},"Manufacturer":{"DisplayValue":"SSyang","Label":"Manufacturer","Locale":"es_ES"}},"Title":{"DisplayValue":"SSyang 10ML Porta Perfume de Viaje,2 Piezas Atomizador Perfume Recargable Dispensador de Perfume Portátil Mini Portátil Atomizador,para Viaje Bolso Mano Bolsillo Equipaje","Label":"Title","Locale":"es_ES"}},"Offers":{"Summaries":[{"Condition":{"Value":"New"},"LowestPrice":{"Amount":11.99,"Currency":"EUR","DisplayAmount":"11,99 €"}}]}},{"ASIN":"B0C2HSJ7KZ","DetailPageURL":"https://www.amazon.es/dp/B0C2HSJ7KZ?tag=topinalambricos-21&linkCode=osi&th=1&psc=1","Images":{"Primary":{"Small":{"Height":75,"URL":"https://m.media-amazon.com/images/I/41fNxffZZyL._SL75_.jpg","Width":75}}},"ItemInfo":{"ByLineInfo":{"Brand":{"DisplayValue":"IOSPKKIO","Label":"Brand","Locale":"es_ES"},"Manufacturer":{"DisplayValue":"IOSPKKIO","Label":"Manufacturer","Locale":"es_ES"}},"Title":{"DisplayValue":"IOSPKKIO® Atomizador de Perfume Recargables atomizador portátil Mini pulverizador de Bolsillo para Viajes 5 ml dispensador de Perfume de Piel de, Portátil y Duradero","Label":"Title","Locale":"es_ES"}},"Offers":{"Summaries":[{"Condition":{"Value":"New"},"LowestPrice":{"Amount":12.99,"Currency":"EUR","DisplayAmount":"12,99 €"}}]}},{"ASIN":"B0C5LK6GGN","DetailPageURL":"https://www.amazon.es/dp/B0C5LK6GGN?tag=topinalambricos-21&linkCode=osi&th=1&psc=1","Images":{"Primary":{"Small":{"Height":75,"URL":"https://m.media-amazon.com/images/I/41kz6NAQ6rL._SL75_.jpg","Width":75}}},"ItemInfo":{"ByLineInfo":{"Brand":{"DisplayValue":"Hanmir","Label":"Brand","Locale":"es_ES"},"Manufacturer":{"DisplayValue":"hanmir","Label":"Manufacturer","Locale":"es_ES"}},"Title":{"DisplayValue":"Hanmir Pulverizador de Perfume, 5pcs 8ml Pulverizador de Perfume Recargable Atomizador de Perfume Mini Botella Pulverizadora Portátil para Atomizador de Bolsillo","Label":"Title","Locale":"es_ES"}},"Offers":{"Summaries":[{"Condition":{"Value":"New"},"LowestPrice":{"Amount":18.99,"Currency":"EUR","DisplayAmount":"18,99 €"}}]}},{"ASIN":"B08LY4RBBC","DetailPageURL":"https://www.amazon.es/dp/B08LY4RBBC?tag=topinalambricos-21&linkCode=osi&th=1&psc=1","Images":{"Primary":{"Small":{"Height":56,"URL":"https://m.media-amazon.com/images/I/41QAmjr6ClL._SL75_.jpg","Width":75}}},"ItemInfo":{"ByLineInfo":{"Brand":{"DisplayValue":"Dicora UrbanFit","Label":"Brand","Locale":"es_ES"},"Manufacturer":{"DisplayValue":"Nuvaria Global SL","Label":"Manufacturer","Locale":"es_ES"}},"Title":{"DisplayValue":"Caja 12 sprays hidroalcohólicos para desinfectar las manos formato bolsillo. Aroma Aloe Vera. Caja 12 botes 75 ml rápido secado sin aclarado","Label":"Title","Locale":"es_ES"}},"Offers":{"Summaries":[{"Condition":{"Value":"New"},"LowestPrice":{"Amount":25.89,"Currency":"EUR","DisplayAmount":"25,89 €"}}]}},{"ASIN":"B0733PFDNJ","DetailPageURL":"https://www.amazon.es/dp/B0733PFDNJ?tag=topinalambricos-21&linkCode=osi&th=1&psc=1","Images":{"Primary":{"Small":{"Height":75,"URL":"https://m.media-amazon.com/images/I/41UudFt9I3L._SL75_.jpg","Width":75}}},"ItemInfo":{"ByLineInfo":{"Brand":{"DisplayValue":"AVON","Label":"Brand","Locale":"es_ES"},"Manufacturer":{"DisplayValue":"Avon","Label":"Manufacturer","Locale":"es_ES"}},"Title":{"DisplayValue":"Avon Set de 5 espray de perfume floral/duradero","Label":"Title","Locale":"es_ES"}},"Offers":{"Summaries":[{"Condition":{"Value":"New"},"LowestPrice":{"Amount":29.99,"Currency":"EUR","DisplayAmount":"29,99 € (599,80 € / l)","PricePerUnit":599.8}}]}}],"SearchURL":"https://www.amazon.es/s?k=bolsillo&rh=n%3A6397798031%2Cp_n_availability%3A-1&tag=topinalambricos-21&linkCode=osi","TotalResultCount":1000}},"8":{"SearchResult":{"Items":[{"ASIN":"B0CHSGBF7F","DetailPageURL":"https://www.amazon.es/dp/B0CHSGBF7F?tag=topinalambricos-21&linkCode=osi&th=1&psc=1","Images":{"Primary":{"Small":{"Height":75,"URL":"https://m.media-amazon.com/images/I/51Xnn7fKW9L._SL75_.jpg","Width":73}}},"ItemInfo":{"ByLineInfo":{"Brand":{"DisplayValue":"ETISEN","Label":"Brand","Locale":"es_ES"},"Manufacturer":{"DisplayValue":"china","Label":"Manufacturer","Locale":"es_ES"}},"Title":{"DisplayValue":"ETISEN, 5 PCS 5ML Atomizador Perfume Recargable, Mini botella rociadora portátil, Pulverizador colonia recargable, perfume miniatura sin fugas, frasco. Ideal para salir de fiesta, viajar, citas.","Label":"Title","Locale":"es_ES"}},"Offers":{"Summaries":[{"Condition":{"Value":"New"},"LowestPrice":{"Amount":7.39,"Currency":"EUR","DisplayAmount":"7,39 €"}}]}},{"ASIN":"B0CFW2YVZ7","DetailPageURL":"https://www.amazon.es/dp/B0CFW2YVZ7?tag=topinalambricos-21&linkCode=osi&th=1&psc=1","Images":{"Primary":{"Small":{"Height":75,"URL":"https://m.media-amazon.com/images/I/41vHs2TAnkL._SL75_.jpg","Width":75}}},"ItemInfo":{"ByLineInfo":{"Brand":{"DisplayValue":"R#N","Label":"Brand","Locale":"es_ES"},"Manufacturer":{"DisplayValue":"R#N","Label":"Manufacturer","Locale":"es_ES"}},"Title":{"DisplayValue":"R#N 8PCS 5ML Atomizador Perfume Recargable, Dispensador Perfume Viaje, Frasco Perfume Recargable, Pulverizador Colonia, Porta Perfume Dosificador Recargable (4)","Label":"Title","Locale":"es_ES"}},"Offers":{"Summaries":[{"Condition":{"Value":"New"},"LowestPrice":{"Amount":6.99,"Currency":"EUR","DisplayAmount":"6,99 €"}}]}},{"ASIN":"B0CFZS79Q9","DetailPageURL":"https://www.amazon.es/dp/B0CFZS79Q9?tag=topinalambricos-21&linkCode=osi&th=1&psc=1","Images":{"Primary":{"Small":{"Height":72,"URL":"https://m.media-amazon.com/images/I/51IJUFZ+PML._SL75_.jpg","Width":75}}},"ItemInfo":{"ByLineInfo":{"Brand":{"DisplayValue":"NAYAINOVA","Label":"Brand","Locale":"es_ES"},"Manufacturer":{"DisplayValue":"NAYAINOVA","Label":"Manufacturer","Locale":"es_ES"}},"Title":{"DisplayValue":"NAYAINOVA Atomizador Perfume Recargable 5ML, Mini Botella Rociadora Portátil, Bote Spray Pulverizador Colonia Viaje Rellenable, Perfumadores de Bolso, Bote Rellenable Perfume Viaje","Label":"Title","Locale":"es_ES"}},"Offers":{"Summaries":[{"Condition":{"Value":"New"},"LowestPrice":{"Amount":6.99,"Currency":"EUR","DisplayAmount":"6,99 €"}}]}},{"ASIN":"B0CJV4YBVZ","DetailPageURL":"https://www.amazon.es/dp/B0CJV4YBVZ?tag=topinalambricos-21&linkCode=osi&th=1&psc=1","Images":{"Primary":{"Small":{"Height":75,"URL":"https://m.media-amazon.com/images/I/41lam02VFbL._SL75_.jpg","Width":75}}},"ItemInfo":{"ByLineInfo":{"Brand":{"DisplayValue":"VIVIIHOO","Label":"Brand","Locale":"es_ES"},"Manufacturer":{"DisplayValue":"YML-QXW0036","Label":"Manufacturer","Locale":"es_ES"}},"Title":{"DisplayValue":"VIVIIHOO Atomizador de perfume 5ml 30pcs Mini botella de spray atomizador de bolsillo Recipiente de muestra Perfume Decantación sobre la marcha - ¡Perfecto para viajar!","Label":"Title","Locale":"es_ES"}},"Offers":{"Summaries":[{"Condition":{"Value":"New"},"LowestPrice":{"Amount":10.99,"Currency":"EUR","DisplayAmount":"10,99 €"}}]}},{"ASIN":"B0BZKZLDBG","DetailPageURL":"https://www.amazon.es/dp/B0BZKZLDBG?tag=topinalambricos-21&linkCode=osi&th=1&psc=1","Images":{"Primary":{"Small":{"Height":75,"URL":"https://m.media-amazon.com/images/I/31Kv-FpPrVL._SL75_.jpg","Width":75}}},"ItemInfo":{"ByLineInfo":{"Brand":{"DisplayValue":"Colexy","Label":"Brand","Locale":"es_ES"},"Manufacturer":{"DisplayValue":"Colexy","Label":"Manufacturer","Locale":"es_ES"}},"Title":{"DisplayValue":"Atomizador Perfume Recargable, 5ML Perfume Atomizador, Spray de Perfume Portátil, Mini Botella de Perfume, Perfumador Dispensador de Viaje, Botella Vacío Pulverizador Viaje (Plata)","Label":"Title","Locale":"es_ES"}},"Offers":{"Summaries":[{"Condition":{"Value":"New"},"LowestPrice":{"Amount":9.99,"Currency":"EUR","DisplayAmount":"9,99 €"}}]}},{"ASIN":"B09YY8H7J2","DetailPageURL":"https://www.amazon.es/dp/B09YY8H7J2?tag=topinalambricos-21&linkCode=osi&th=1&psc=1","Images":{"Primary":{"Small":{"Height":75,"URL":"https://m.media-amazon.com/images/I/41eKy4GKHUL._SL75_.jpg","Width":75}}},"ItemInfo":{"ByLineInfo":{"Brand":{"DisplayValue":"SSyang","Label":"Brand","Locale":"es_ES"},"Manufacturer":{"DisplayValue":"SSyang","Label":"Manufacturer","Locale":"es_ES"}},"Title":{"DisplayValue":"SSyang 10ML Porta Perfume de Viaje,2 Piezas Atomizador Perfume Recargable Dispensador de Perfume Portátil Mini Portátil Atomizador,para Viaje Bolso Mano Bolsillo Equipaje","Label":"Title","Locale":"es_ES"}},"Offers":{"Summaries":[{"Condition":{"Value":"New"},"LowestPrice":{"Amount":11.99,"Currency":"EUR","DisplayAmount":"11,99 €"}}]}},{"ASIN":"B0C2HSJ7KZ","DetailPageURL":"https://www.amazon.es/dp/B0C2HSJ7KZ?tag=topinalambricos-21&linkCode=osi&th=1&psc=1","Images":{"Primary":{"Small":{"Height":75,"URL":"https://m.media-amazon.com/images/I/41fNxffZZyL._SL75_.jpg","Width":75}}},"ItemInfo":{"ByLineInfo":{"Brand":{"DisplayValue":"IOSPKKIO","Label":"Brand","Locale":"es_ES"},"Manufacturer":{"DisplayValue":"IOSPKKIO","Label":"Manufacturer","Locale":"es_ES"}},"Title":{"DisplayValue":"IOSPKKIO® Atomizador de Perfume Recargables atomizador portátil Mini pulverizador de Bolsillo para Viajes 5 ml dispensador de Perfume de Piel de, Portátil y Duradero","Label":"Title","Locale":"es_ES"}},"Offers":{"Summaries":[{"Condition":{"Value":"New"},"LowestPrice":{"Amount":12.99,"Currency":"EUR","DisplayAmount":"12,99 €"}}]}},{"ASIN":"B0C5LK6GGN","DetailPageURL":"https://www.amazon.es/dp/B0C5LK6GGN?tag=topinalambricos-21&linkCode=osi&th=1&psc=1","Images":{"Primary":{"Small":{"Height":75,"URL":"https://m.media-amazon.com/images/I/41kz6NAQ6rL._SL75_.jpg","Width":75}}},"ItemInfo":{"ByLineInfo":{"Brand":{"DisplayValue":"Hanmir","Label":"Brand","Locale":"es_ES"},"Manufacturer":{"DisplayValue":"hanmir","Label":"Manufacturer","Locale":"es_ES"}},"Title":{"DisplayValue":"Hanmir Pulverizador de Perfume, 5pcs 8ml Pulverizador de Perfume Recargable Atomizador de Perfume Mini Botella Pulverizadora Portátil para Atomizador de Bolsillo","Label":"Title","Locale":"es_ES"}},"Offers":{"Summaries":[{"Condition":{"Value":"New"},"LowestPrice":{"Amount":18.99,"Currency":"EUR","DisplayAmount":"18,99 €"}}]}},{"ASIN":"B08LY4RBBC","DetailPageURL":"https://www.amazon.es/dp/B08LY4RBBC?tag=topinalambricos-21&linkCode=osi&th=1&psc=1","Images":{"Primary":{"Small":{"Height":56,"URL":"https://m.media-amazon.com/images/I/41QAmjr6ClL._SL75_.jpg","Width":75}}},"ItemInfo":{"ByLineInfo":{"Brand":{"DisplayValue":"Dicora UrbanFit","Label":"Brand","Locale":"es_ES"},"Manufacturer":{"DisplayValue":"Nuvaria Global SL","Label":"Manufacturer","Locale":"es_ES"}},"Title":{"DisplayValue":"Caja 12 sprays hidroalcohólicos para desinfectar las manos formato bolsillo. Aroma Aloe Vera. Caja 12 botes 75 ml rápido secado sin aclarado","Label":"Title","Locale":"es_ES"}},"Offers":{"Summaries":[{"Condition":{"Value":"New"},"LowestPrice":{"Amount":25.89,"Currency":"EUR","DisplayAmount":"25,89 €"}}]}},{"ASIN":"B0733PFDNJ","DetailPageURL":"https://www.amazon.es/dp/B0733PFDNJ?tag=topinalambricos-21&linkCode=osi&th=1&psc=1","Images":{"Primary":{"Small":{"Height":75,"URL":"https://m.media-amazon.com/images/I/41UudFt9I3L._SL75_.jpg","Width":75}}},"ItemInfo":{"ByLineInfo":{"Brand":{"DisplayValue":"AVON","Label":"Brand","Locale":"es_ES"},"Manufacturer":{"DisplayValue":"Avon","Label":"Manufacturer","Locale":"es_ES"}},"Title":{"DisplayValue":"Avon Set de 5 espray de perfume floral/duradero","Label":"Title","Locale":"es_ES"}},"Offers":{"Summaries":[{"Condition":{"Value":"New"},"LowestPrice":{"Amount":29.99,"Currency":"EUR","DisplayAmount":"29,99 € (599,80 € / l)","PricePerUnit":599.8}}]}}],"SearchURL":"https://www.amazon.es/s?k=bolsillo&rh=n%3A6397798031%2Cp_n_availability%3A-1&tag=topinalambricos-21&linkCode=osi","TotalResultCount":1000}},"9":{"SearchResult":{"Items":[{"ASIN":"B0CHSGBF7F","DetailPageURL":"https://www.amazon.es/dp/B0CHSGBF7F?tag=topinalambricos-21&linkCode=osi&th=1&psc=1","Images":{"Primary":{"Small":{"Height":75,"URL":"https://m.media-amazon.com/images/I/51Xnn7fKW9L._SL75_.jpg","Width":73}}},"ItemInfo":{"ByLineInfo":{"Brand":{"DisplayValue":"ETISEN","Label":"Brand","Locale":"es_ES"},"Manufacturer":{"DisplayValue":"china","Label":"Manufacturer","Locale":"es_ES"}},"Title":{"DisplayValue":"ETISEN, 5 PCS 5ML Atomizador Perfume Recargable, Mini botella rociadora portátil, Pulverizador colonia recargable, perfume miniatura sin fugas, frasco. Ideal para salir de fiesta, viajar, citas.","Label":"Title","Locale":"es_ES"}},"Offers":{"Summaries":[{"Condition":{"Value":"New"},"LowestPrice":{"Amount":7.39,"Currency":"EUR","DisplayAmount":"7,39 €"}}]}},{"ASIN":"B0CFW2YVZ7","DetailPageURL":"https://www.amazon.es/dp/B0CFW2YVZ7?tag=topinalambricos-21&linkCode=osi&th=1&psc=1","Images":{"Primary":{"Small":{"Height":75,"URL":"https://m.media-amazon.com/images/I/41vHs2TAnkL._SL75_.jpg","Width":75}}},"ItemInfo":{"ByLineInfo":{"Brand":{"DisplayValue":"R#N","Label":"Brand","Locale":"es_ES"},"Manufacturer":{"DisplayValue":"R#N","Label":"Manufacturer","Locale":"es_ES"}},"Title":{"DisplayValue":"R#N 8PCS 5ML Atomizador Perfume Recargable, Dispensador Perfume Viaje, Frasco Perfume Recargable, Pulverizador Colonia, Porta Perfume Dosificador Recargable (4)","Label":"Title","Locale":"es_ES"}},"Offers":{"Summaries":[{"Condition":{"Value":"New"},"LowestPrice":{"Amount":6.99,"Currency":"EUR","DisplayAmount":"6,99 €"}}]}},{"ASIN":"B0CFZS79Q9","DetailPageURL":"https://www.amazon.es/dp/B0CFZS79Q9?tag=topinalambricos-21&linkCode=osi&th=1&psc=1","Images":{"Primary":{"Small":{"Height":72,"URL":"https://m.media-amazon.com/images/I/51IJUFZ+PML._SL75_.jpg","Width":75}}},"ItemInfo":{"ByLineInfo":{"Brand":{"DisplayValue":"NAYAINOVA","Label":"Brand","Locale":"es_ES"},"Manufacturer":{"DisplayValue":"NAYAINOVA","Label":"Manufacturer","Locale":"es_ES"}},"Title":{"DisplayValue":"NAYAINOVA Atomizador Perfume Recargable 5ML, Mini Botella Rociadora Portátil, Bote Spray Pulverizador Colonia Viaje Rellenable, Perfumadores de Bolso, Bote Rellenable Perfume Viaje","Label":"Title","Locale":"es_ES"}},"Offers":{"Summaries":[{"Condition":{"Value":"New"},"LowestPrice":{"Amount":6.99,"Currency":"EUR","DisplayAmount":"6,99 €"}}]}},{"ASIN":"B0CJV4YBVZ","DetailPageURL":"https://www.amazon.es/dp/B0CJV4YBVZ?tag=topinalambricos-21&linkCode=osi&th=1&psc=1","Images":{"Primary":{"Small":{"Height":75,"URL":"https://m.media-amazon.com/images/I/41lam02VFbL._SL75_.jpg","Width":75}}},"ItemInfo":{"ByLineInfo":{"Brand":{"DisplayValue":"VIVIIHOO","Label":"Brand","Locale":"es_ES"},"Manufacturer":{"DisplayValue":"YML-QXW0036","Label":"Manufacturer","Locale":"es_ES"}},"Title":{"DisplayValue":"VIVIIHOO Atomizador de perfume 5ml 30pcs Mini botella de spray atomizador de bolsillo Recipiente de muestra Perfume Decantación sobre la marcha - ¡Perfecto para viajar!","Label":"Title","Locale":"es_ES"}},"Offers":{"Summaries":[{"Condition":{"Value":"New"},"LowestPrice":{"Amount":10.99,"Currency":"EUR","DisplayAmount":"10,99 €"}}]}},{"ASIN":"B0BZKZLDBG","DetailPageURL":"https://www.amazon.es/dp/B0BZKZLDBG?tag=topinalambricos-21&linkCode=osi&th=1&psc=1","Images":{"Primary":{"Small":{"Height":75,"URL":"https://m.media-amazon.com/images/I/31Kv-FpPrVL._SL75_.jpg","Width":75}}},"ItemInfo":{"ByLineInfo":{"Brand":{"DisplayValue":"Colexy","Label":"Brand","Locale":"es_ES"},"Manufacturer":{"DisplayValue":"Colexy","Label":"Manufacturer","Locale":"es_ES"}},"Title":{"DisplayValue":"Atomizador Perfume Recargable, 5ML Perfume Atomizador, Spray de Perfume Portátil, Mini Botella de Perfume, Perfumador Dispensador de Viaje, Botella Vacío Pulverizador Viaje (Plata)","Label":"Title","Locale":"es_ES"}},"Offers":{"Summaries":[{"Condition":{"Value":"New"},"LowestPrice":{"Amount":9.99,"Currency":"EUR","DisplayAmount":"9,99 €"}}]}},{"ASIN":"B09YY8H7J2","DetailPageURL":"https://www.amazon.es/dp/B09YY8H7J2?tag=topinalambricos-21&linkCode=osi&th=1&psc=1","Images":{"Primary":{"Small":{"Height":75,"URL":"https://m.media-amazon.com/images/I/41eKy4GKHUL._SL75_.jpg","Width":75}}},"ItemInfo":{"ByLineInfo":{"Brand":{"DisplayValue":"SSyang","Label":"Brand","Locale":"es_ES"},"Manufacturer":{"DisplayValue":"SSyang","Label":"Manufacturer","Locale":"es_ES"}},"Title":{"DisplayValue":"SSyang 10ML Porta Perfume de Viaje,2 Piezas Atomizador Perfume Recargable Dispensador de Perfume Portátil Mini Portátil Atomizador,para Viaje Bolso Mano Bolsillo Equipaje","Label":"Title","Locale":"es_ES"}},"Offers":{"Summaries":[{"Condition":{"Value":"New"},"LowestPrice":{"Amount":11.99,"Currency":"EUR","DisplayAmount":"11,99 €"}}]}},{"ASIN":"B0C2HSJ7KZ","DetailPageURL":"https://www.amazon.es/dp/B0C2HSJ7KZ?tag=topinalambricos-21&linkCode=osi&th=1&psc=1","Images":{"Primary":{"Small":{"Height":75,"URL":"https://m.media-amazon.com/images/I/41fNxffZZyL._SL75_.jpg","Width":75}}},"ItemInfo":{"ByLineInfo":{"Brand":{"DisplayValue":"IOSPKKIO","Label":"Brand","Locale":"es_ES"},"Manufacturer":{"DisplayValue":"IOSPKKIO","Label":"Manufacturer","Locale":"es_ES"}},"Title":{"DisplayValue":"IOSPKKIO® Atomizador de Perfume Recargables atomizador portátil Mini pulverizador de Bolsillo para Viajes 5 ml dispensador de Perfume de Piel de, Portátil y Duradero","Label":"Title","Locale":"es_ES"}},"Offers":{"Summaries":[{"Condition":{"Value":"New"},"LowestPrice":{"Amount":12.99,"Currency":"EUR","DisplayAmount":"12,99 €"}}]}},{"ASIN":"B0C5LK6GGN","DetailPageURL":"https://www.amazon.es/dp/B0C5LK6GGN?tag=topinalambricos-21&linkCode=osi&th=1&psc=1","Images":{"Primary":{"Small":{"Height":75,"URL":"https://m.media-amazon.com/images/I/41kz6NAQ6rL._SL75_.jpg","Width":75}}},"ItemInfo":{"ByLineInfo":{"Brand":{"DisplayValue":"Hanmir","Label":"Brand","Locale":"es_ES"},"Manufacturer":{"DisplayValue":"hanmir","Label":"Manufacturer","Locale":"es_ES"}},"Title":{"DisplayValue":"Hanmir Pulverizador de Perfume, 5pcs 8ml Pulverizador de Perfume Recargable Atomizador de Perfume Mini Botella Pulverizadora Portátil para Atomizador de Bolsillo","Label":"Title","Locale":"es_ES"}},"Offers":{"Summaries":[{"Condition":{"Value":"New"},"LowestPrice":{"Amount":18.99,"Currency":"EUR","DisplayAmount":"18,99 €"}}]}},{"ASIN":"B08LY4RBBC","DetailPageURL":"https://www.amazon.es/dp/B08LY4RBBC?tag=topinalambricos-21&linkCode=osi&th=1&psc=1","Images":{"Primary":{"Small":{"Height":56,"URL":"https://m.media-amazon.com/images/I/41QAmjr6ClL._SL75_.jpg","Width":75}}},"ItemInfo":{"ByLineInfo":{"Brand":{"DisplayValue":"Dicora UrbanFit","Label":"Brand","Locale":"es_ES"},"Manufacturer":{"DisplayValue":"Nuvaria Global SL","Label":"Manufacturer","Locale":"es_ES"}},"Title":{"DisplayValue":"Caja 12 sprays hidroalcohólicos para desinfectar las manos formato bolsillo. Aroma Aloe Vera. Caja 12 botes 75 ml rápido secado sin aclarado","Label":"Title","Locale":"es_ES"}},"Offers":{"Summaries":[{"Condition":{"Value":"New"},"LowestPrice":{"Amount":25.89,"Currency":"EUR","DisplayAmount":"25,89 €"}}]}},{"ASIN":"B0733PFDNJ","DetailPageURL":"https://www.amazon.es/dp/B0733PFDNJ?tag=topinalambricos-21&linkCode=osi&th=1&psc=1","Images":{"Primary":{"Small":{"Height":75,"URL":"https://m.media-amazon.com/images/I/41UudFt9I3L._SL75_.jpg","Width":75}}},"ItemInfo":{"ByLineInfo":{"Brand":{"DisplayValue":"AVON","Label":"Brand","Locale":"es_ES"},"Manufacturer":{"DisplayValue":"Avon","Label":"Manufacturer","Locale":"es_ES"}},"Title":{"DisplayValue":"Avon Set de 5 espray de perfume floral/duradero","Label":"Title","Locale":"es_ES"}},"Offers":{"Summaries":[{"Condition":{"Value":"New"},"LowestPrice":{"Amount":29.99,"Currency":"EUR","DisplayAmount":"29,99 € (599,80 € / l)","PricePerUnit":599.8}}]}}],"SearchURL":"https://www.amazon.es/s?k=bolsillo&rh=n%3A6397798031%2Cp_n_availability%3A-1&tag=topinalambricos-21&linkCode=osi","TotalResultCount":1000}},"10":{"SearchResult":{"Items":[{"ASIN":"B0CHSGBF7F","DetailPageURL":"https://www.amazon.es/dp/B0CHSGBF7F?tag=topinalambricos-21&linkCode=osi&th=1&psc=1","Images":{"Primary":{"Small":{"Height":75,"URL":"https://m.media-amazon.com/images/I/51Xnn7fKW9L._SL75_.jpg","Width":73}}},"ItemInfo":{"ByLineInfo":{"Brand":{"DisplayValue":"ETISEN","Label":"Brand","Locale":"es_ES"},"Manufacturer":{"DisplayValue":"china","Label":"Manufacturer","Locale":"es_ES"}},"Title":{"DisplayValue":"ETISEN, 5 PCS 5ML Atomizador Perfume Recargable, Mini botella rociadora portátil, Pulverizador colonia recargable, perfume miniatura sin fugas, frasco. Ideal para salir de fiesta, viajar, citas.","Label":"Title","Locale":"es_ES"}},"Offers":{"Summaries":[{"Condition":{"Value":"New"},"LowestPrice":{"Amount":7.39,"Currency":"EUR","DisplayAmount":"7,39 €"}}]}},{"ASIN":"B0CFW2YVZ7","DetailPageURL":"https://www.amazon.es/dp/B0CFW2YVZ7?tag=topinalambricos-21&linkCode=osi&th=1&psc=1","Images":{"Primary":{"Small":{"Height":75,"URL":"https://m.media-amazon.com/images/I/41vHs2TAnkL._SL75_.jpg","Width":75}}},"ItemInfo":{"ByLineInfo":{"Brand":{"DisplayValue":"R#N","Label":"Brand","Locale":"es_ES"},"Manufacturer":{"DisplayValue":"R#N","Label":"Manufacturer","Locale":"es_ES"}},"Title":{"DisplayValue":"R#N 8PCS 5ML Atomizador Perfume Recargable, Dispensador Perfume Viaje, Frasco Perfume Recargable, Pulverizador Colonia, Porta Perfume Dosificador Recargable (4)","Label":"Title","Locale":"es_ES"}},"Offers":{"Summaries":[{"Condition":{"Value":"New"},"LowestPrice":{"Amount":6.99,"Currency":"EUR","DisplayAmount":"6,99 €"}}]}},{"ASIN":"B0CFZS79Q9","DetailPageURL":"https://www.amazon.es/dp/B0CFZS79Q9?tag=topinalambricos-21&linkCode=osi&th=1&psc=1","Images":{"Primary":{"Small":{"Height":72,"URL":"https://m.media-amazon.com/images/I/51IJUFZ+PML._SL75_.jpg","Width":75}}},"ItemInfo":{"ByLineInfo":{"Brand":{"DisplayValue":"NAYAINOVA","Label":"Brand","Locale":"es_ES"},"Manufacturer":{"DisplayValue":"NAYAINOVA","Label":"Manufacturer","Locale":"es_ES"}},"Title":{"DisplayValue":"NAYAINOVA Atomizador Perfume Recargable 5ML, Mini Botella Rociadora Portátil, Bote Spray Pulverizador Colonia Viaje Rellenable, Perfumadores de Bolso, Bote Rellenable Perfume Viaje","Label":"Title","Locale":"es_ES"}},"Offers":{"Summaries":[{"Condition":{"Value":"New"},"LowestPrice":{"Amount":6.99,"Currency":"EUR","DisplayAmount":"6,99 €"}}]}},{"ASIN":"B0CJV4YBVZ","DetailPageURL":"https://www.amazon.es/dp/B0CJV4YBVZ?tag=topinalambricos-21&linkCode=osi&th=1&psc=1","Images":{"Primary":{"Small":{"Height":75,"URL":"https://m.media-amazon.com/images/I/41lam02VFbL._SL75_.jpg","Width":75}}},"ItemInfo":{"ByLineInfo":{"Brand":{"DisplayValue":"VIVIIHOO","Label":"Brand","Locale":"es_ES"},"Manufacturer":{"DisplayValue":"YML-QXW0036","Label":"Manufacturer","Locale":"es_ES"}},"Title":{"DisplayValue":"VIVIIHOO Atomizador de perfume 5ml 30pcs Mini botella de spray atomizador de bolsillo Recipiente de muestra Perfume Decantación sobre la marcha - ¡Perfecto para viajar!","Label":"Title","Locale":"es_ES"}},"Offers":{"Summaries":[{"Condition":{"Value":"New"},"LowestPrice":{"Amount":10.99,"Currency":"EUR","DisplayAmount":"10,99 €"}}]}},{"ASIN":"B0BZKZLDBG","DetailPageURL":"https://www.amazon.es/dp/B0BZKZLDBG?tag=topinalambricos-21&linkCode=osi&th=1&psc=1","Images":{"Primary":{"Small":{"Height":75,"URL":"https://m.media-amazon.com/images/I/31Kv-FpPrVL._SL75_.jpg","Width":75}}},"ItemInfo":{"ByLineInfo":{"Brand":{"DisplayValue":"Colexy","Label":"Brand","Locale":"es_ES"},"Manufacturer":{"DisplayValue":"Colexy","Label":"Manufacturer","Locale":"es_ES"}},"Title":{"DisplayValue":"Atomizador Perfume Recargable, 5ML Perfume Atomizador, Spray de Perfume Portátil, Mini Botella de Perfume, Perfumador Dispensador de Viaje, Botella Vacío Pulverizador Viaje (Plata)","Label":"Title","Locale":"es_ES"}},"Offers":{"Summaries":[{"Condition":{"Value":"New"},"LowestPrice":{"Amount":9.99,"Currency":"EUR","DisplayAmount":"9,99 €"}}]}},{"ASIN":"B09YY8H7J2","DetailPageURL":"https://www.amazon.es/dp/B09YY8H7J2?tag=topinalambricos-21&linkCode=osi&th=1&psc=1","Images":{"Primary":{"Small":{"Height":75,"URL":"https://m.media-amazon.com/images/I/41eKy4GKHUL._SL75_.jpg","Width":75}}},"ItemInfo":{"ByLineInfo":{"Brand":{"DisplayValue":"SSyang","Label":"Brand","Locale":"es_ES"},"Manufacturer":{"DisplayValue":"SSyang","Label":"Manufacturer","Locale":"es_ES"}},"Title":{"DisplayValue":"SSyang 10ML Porta Perfume de Viaje,2 Piezas Atomizador Perfume Recargable Dispensador de Perfume Portátil Mini Portátil Atomizador,para Viaje Bolso Mano Bolsillo Equipaje","Label":"Title","Locale":"es_ES"}},"Offers":{"Summaries":[{"Condition":{"Value":"New"},"LowestPrice":{"Amount":11.99,"Currency":"EUR","DisplayAmount":"11,99 €"}}]}},{"ASIN":"B0C2HSJ7KZ","DetailPageURL":"https://www.amazon.es/dp/B0C2HSJ7KZ?tag=topinalambricos-21&linkCode=osi&th=1&psc=1","Images":{"Primary":{"Small":{"Height":75,"URL":"https://m.media-amazon.com/images/I/41fNxffZZyL._SL75_.jpg","Width":75}}},"ItemInfo":{"ByLineInfo":{"Brand":{"DisplayValue":"IOSPKKIO","Label":"Brand","Locale":"es_ES"},"Manufacturer":{"DisplayValue":"IOSPKKIO","Label":"Manufacturer","Locale":"es_ES"}},"Title":{"DisplayValue":"IOSPKKIO® Atomizador de Perfume Recargables atomizador portátil Mini pulverizador de Bolsillo para Viajes 5 ml dispensador de Perfume de Piel de, Portátil y Duradero","Label":"Title","Locale":"es_ES"}},"Offers":{"Summaries":[{"Condition":{"Value":"New"},"LowestPrice":{"Amount":12.99,"Currency":"EUR","DisplayAmount":"12,99 €"}}]}},{"ASIN":"B0C5LK6GGN","DetailPageURL":"https://www.amazon.es/dp/B0C5LK6GGN?tag=topinalambricos-21&linkCode=osi&th=1&psc=1","Images":{"Primary":{"Small":{"Height":75,"URL":"https://m.media-amazon.com/images/I/41kz6NAQ6rL._SL75_.jpg","Width":75}}},"ItemInfo":{"ByLineInfo":{"Brand":{"DisplayValue":"Hanmir","Label":"Brand","Locale":"es_ES"},"Manufacturer":{"DisplayValue":"hanmir","Label":"Manufacturer","Locale":"es_ES"}},"Title":{"DisplayValue":"Hanmir Pulverizador de Perfume, 5pcs 8ml Pulverizador de Perfume Recargable Atomizador de Perfume Mini Botella Pulverizadora Portátil para Atomizador de Bolsillo","Label":"Title","Locale":"es_ES"}},"Offers":{"Summaries":[{"Condition":{"Value":"New"},"LowestPrice":{"Amount":18.99,"Currency":"EUR","DisplayAmount":"18,99 €"}}]}},{"ASIN":"B08LY4RBBC","DetailPageURL":"https://www.amazon.es/dp/B08LY4RBBC?tag=topinalambricos-21&linkCode=osi&th=1&psc=1","Images":{"Primary":{"Small":{"Height":56,"URL":"https://m.media-amazon.com/images/I/41QAmjr6ClL._SL75_.jpg","Width":75}}},"ItemInfo":{"ByLineInfo":{"Brand":{"DisplayValue":"Dicora UrbanFit","Label":"Brand","Locale":"es_ES"},"Manufacturer":{"DisplayValue":"Nuvaria Global SL","Label":"Manufacturer","Locale":"es_ES"}},"Title":{"DisplayValue":"Caja 12 sprays hidroalcohólicos para desinfectar las manos formato bolsillo. Aroma Aloe Vera. Caja 12 botes 75 ml rápido secado sin aclarado","Label":"Title","Locale":"es_ES"}},"Offers":{"Summaries":[{"Condition":{"Value":"New"},"LowestPrice":{"Amount":25.89,"Currency":"EUR","DisplayAmount":"25,89 €"}}]}},{"ASIN":"B0733PFDNJ","DetailPageURL":"https://www.amazon.es/dp/B0733PFDNJ?tag=topinalambricos-21&linkCode=osi&th=1&psc=1","Images":{"Primary":{"Small":{"Height":75,"URL":"https://m.media-amazon.com/images/I/41UudFt9I3L._SL75_.jpg","Width":75}}},"ItemInfo":{"ByLineInfo":{"Brand":{"DisplayValue":"AVON","Label":"Brand","Locale":"es_ES"},"Manufacturer":{"DisplayValue":"Avon","Label":"Manufacturer","Locale":"es_ES"}},"Title":{"DisplayValue":"Avon Set de 5 espray de perfume floral/duradero","Label":"Title","Locale":"es_ES"}},"Offers":{"Summaries":[{"Condition":{"Value":"New"},"LowestPrice":{"Amount":29.99,"Currency":"EUR","DisplayAmount":"29,99 € (599,80 € / l)","PricePerUnit":599.8}}]}}],"SearchURL":"https://www.amazon.es/s?k=bolsillo&rh=n%3A6397798031%2Cp_n_availability%3A-1&tag=topinalambricos-21&linkCode=osi","TotalResultCount":1000}},"11":{"SearchResult":{"Items":[{"ASIN":"B0CHSGBF7F","DetailPageURL":"https://www.amazon.es/dp/B0CHSGBF7F?tag=topinalambricos-21&linkCode=osi&th=1&psc=1","Images":{"Primary":{"Small":{"Height":75,"URL":"https://m.media-amazon.com/images/I/51Xnn7fKW9L._SL75_.jpg","Width":73}}},"ItemInfo":{"ByLineInfo":{"Brand":{"DisplayValue":"ETISEN","Label":"Brand","Locale":"es_ES"},"Manufacturer":{"DisplayValue":"china","Label":"Manufacturer","Locale":"es_ES"}},"Title":{"DisplayValue":"ETISEN, 5 PCS 5ML Atomizador Perfume Recargable, Mini botella rociadora portátil, Pulverizador colonia recargable, perfume miniatura sin fugas, frasco. Ideal para salir de fiesta, viajar, citas.","Label":"Title","Locale":"es_ES"}},"Offers":{"Summaries":[{"Condition":{"Value":"New"},"LowestPrice":{"Amount":7.39,"Currency":"EUR","DisplayAmount":"7,39 €"}}]}},{"ASIN":"B0CFW2YVZ7","DetailPageURL":"https://www.amazon.es/dp/B0CFW2YVZ7?tag=topinalambricos-21&linkCode=osi&th=1&psc=1","Images":{"Primary":{"Small":{"Height":75,"URL":"https://m.media-amazon.com/images/I/41vHs2TAnkL._SL75_.jpg","Width":75}}},"ItemInfo":{"ByLineInfo":{"Brand":{"DisplayValue":"R#N","Label":"Brand","Locale":"es_ES"},"Manufacturer":{"DisplayValue":"R#N","Label":"Manufacturer","Locale":"es_ES"}},"Title":{"DisplayValue":"R#N 8PCS 5ML Atomizador Perfume Recargable, Dispensador Perfume Viaje, Frasco Perfume Recargable, Pulverizador Colonia, Porta Perfume Dosificador Recargable (4)","Label":"Title","Locale":"es_ES"}},"Offers":{"Summaries":[{"Condition":{"Value":"New"},"LowestPrice":{"Amount":6.99,"Currency":"EUR","DisplayAmount":"6,99 €"}}]}},{"ASIN":"B0CFZS79Q9","DetailPageURL":"https://www.amazon.es/dp/B0CFZS79Q9?tag=topinalambricos-21&linkCode=osi&th=1&psc=1","Images":{"Primary":{"Small":{"Height":72,"URL":"https://m.media-amazon.com/images/I/51IJUFZ+PML._SL75_.jpg","Width":75}}},"ItemInfo":{"ByLineInfo":{"Brand":{"DisplayValue":"NAYAINOVA","Label":"Brand","Locale":"es_ES"},"Manufacturer":{"DisplayValue":"NAYAINOVA","Label":"Manufacturer","Locale":"es_ES"}},"Title":{"DisplayValue":"NAYAINOVA Atomizador Perfume Recargable 5ML, Mini Botella Rociadora Portátil, Bote Spray Pulverizador Colonia Viaje Rellenable, Perfumadores de Bolso, Bote Rellenable Perfume Viaje","Label":"Title","Locale":"es_ES"}},"Offers":{"Summaries":[{"Condition":{"Value":"New"},"LowestPrice":{"Amount":6.99,"Currency":"EUR","DisplayAmount":"6,99 €"}}]}},{"ASIN":"B0CJV4YBVZ","DetailPageURL":"https://www.amazon.es/dp/B0CJV4YBVZ?tag=topinalambricos-21&linkCode=osi&th=1&psc=1","Images":{"Primary":{"Small":{"Height":75,"URL":"https://m.media-amazon.com/images/I/41lam02VFbL._SL75_.jpg","Width":75}}},"ItemInfo":{"ByLineInfo":{"Brand":{"DisplayValue":"VIVIIHOO","Label":"Brand","Locale":"es_ES"},"Manufacturer":{"DisplayValue":"YML-QXW0036","Label":"Manufacturer","Locale":"es_ES"}},"Title":{"DisplayValue":"VIVIIHOO Atomizador de perfume 5ml 30pcs Mini botella de spray atomizador de bolsillo Recipiente de muestra Perfume Decantación sobre la marcha - ¡Perfecto para viajar!","Label":"Title","Locale":"es_ES"}},"Offers":{"Summaries":[{"Condition":{"Value":"New"},"LowestPrice":{"Amount":10.99,"Currency":"EUR","DisplayAmount":"10,99 €"}}]}},{"ASIN":"B0BZKZLDBG","DetailPageURL":"https://www.amazon.es/dp/B0BZKZLDBG?tag=topinalambricos-21&linkCode=osi&th=1&psc=1","Images":{"Primary":{"Small":{"Height":75,"URL":"https://m.media-amazon.com/images/I/31Kv-FpPrVL._SL75_.jpg","Width":75}}},"ItemInfo":{"ByLineInfo":{"Brand":{"DisplayValue":"Colexy","Label":"Brand","Locale":"es_ES"},"Manufacturer":{"DisplayValue":"Colexy","Label":"Manufacturer","Locale":"es_ES"}},"Title":{"DisplayValue":"Atomizador Perfume Recargable, 5ML Perfume Atomizador, Spray de Perfume Portátil, Mini Botella de Perfume, Perfumador Dispensador de Viaje, Botella Vacío Pulverizador Viaje (Plata)","Label":"Title","Locale":"es_ES"}},"Offers":{"Summaries":[{"Condition":{"Value":"New"},"LowestPrice":{"Amount":9.99,"Currency":"EUR","DisplayAmount":"9,99 €"}}]}},{"ASIN":"B09YY8H7J2","DetailPageURL":"https://www.amazon.es/dp/B09YY8H7J2?tag=topinalambricos-21&linkCode=osi&th=1&psc=1","Images":{"Primary":{"Small":{"Height":75,"URL":"https://m.media-amazon.com/images/I/41eKy4GKHUL._SL75_.jpg","Width":75}}},"ItemInfo":{"ByLineInfo":{"Brand":{"DisplayValue":"SSyang","Label":"Brand","Locale":"es_ES"},"Manufacturer":{"DisplayValue":"SSyang","Label":"Manufacturer","Locale":"es_ES"}},"Title":{"DisplayValue":"SSyang 10ML Porta Perfume de Viaje,2 Piezas Atomizador Perfume Recargable Dispensador de Perfume Portátil Mini Portátil Atomizador,para Viaje Bolso Mano Bolsillo Equipaje","Label":"Title","Locale":"es_ES"}},"Offers":{"Summaries":[{"Condition":{"Value":"New"},"LowestPrice":{"Amount":11.99,"Currency":"EUR","DisplayAmount":"11,99 €"}}]}},{"ASIN":"B0C2HSJ7KZ","DetailPageURL":"https://www.amazon.es/dp/B0C2HSJ7KZ?tag=topinalambricos-21&linkCode=osi&th=1&psc=1","Images":{"Primary":{"Small":{"Height":75,"URL":"https://m.media-amazon.com/images/I/41fNxffZZyL._SL75_.jpg","Width":75}}},"ItemInfo":{"ByLineInfo":{"Brand":{"DisplayValue":"IOSPKKIO","Label":"Brand","Locale":"es_ES"},"Manufacturer":{"DisplayValue":"IOSPKKIO","Label":"Manufacturer","Locale":"es_ES"}},"Title":{"DisplayValue":"IOSPKKIO® Atomizador de Perfume Recargables atomizador portátil Mini pulverizador de Bolsillo para Viajes 5 ml dispensador de Perfume de Piel de, Portátil y Duradero","Label":"Title","Locale":"es_ES"}},"Offers":{"Summaries":[{"Condition":{"Value":"New"},"LowestPrice":{"Amount":12.99,"Currency":"EUR","DisplayAmount":"12,99 €"}}]}},{"ASIN":"B0C5LK6GGN","DetailPageURL":"https://www.amazon.es/dp/B0C5LK6GGN?tag=topinalambricos-21&linkCode=osi&th=1&psc=1","Images":{"Primary":{"Small":{"Height":75,"URL":"https://m.media-amazon.com/images/I/41kz6NAQ6rL._SL75_.jpg","Width":75}}},"ItemInfo":{"ByLineInfo":{"Brand":{"DisplayValue":"Hanmir","Label":"Brand","Locale":"es_ES"},"Manufacturer":{"DisplayValue":"hanmir","Label":"Manufacturer","Locale":"es_ES"}},"Title":{"DisplayValue":"Hanmir Pulverizador de Perfume, 5pcs 8ml Pulverizador de Perfume Recargable Atomizador de Perfume Mini Botella Pulverizadora Portátil para Atomizador de Bolsillo","Label":"Title","Locale":"es_ES"}},"Offers":{"Summaries":[{"Condition":{"Value":"New"},"LowestPrice":{"Amount":18.99,"Currency":"EUR","DisplayAmount":"18,99 €"}}]}},{"ASIN":"B08LY4RBBC","DetailPageURL":"https://www.amazon.es/dp/B08LY4RBBC?tag=topinalambricos-21&linkCode=osi&th=1&psc=1","Images":{"Primary":{"Small":{"Height":56,"URL":"https://m.media-amazon.com/images/I/41QAmjr6ClL._SL75_.jpg","Width":75}}},"ItemInfo":{"ByLineInfo":{"Brand":{"DisplayValue":"Dicora UrbanFit","Label":"Brand","Locale":"es_ES"},"Manufacturer":{"DisplayValue":"Nuvaria Global SL","Label":"Manufacturer","Locale":"es_ES"}},"Title":{"DisplayValue":"Caja 12 sprays hidroalcohólicos para desinfectar las manos formato bolsillo. Aroma Aloe Vera. Caja 12 botes 75 ml rápido secado sin aclarado","Label":"Title","Locale":"es_ES"}},"Offers":{"Summaries":[{"Condition":{"Value":"New"},"LowestPrice":{"Amount":25.89,"Currency":"EUR","DisplayAmount":"25,89 €"}}]}},{"ASIN":"B0733PFDNJ","DetailPageURL":"https://www.amazon.es/dp/B0733PFDNJ?tag=topinalambricos-21&linkCode=osi&th=1&psc=1","Images":{"Primary":{"Small":{"Height":75,"URL":"https://m.media-amazon.com/images/I/41UudFt9I3L._SL75_.jpg","Width":75}}},"ItemInfo":{"ByLineInfo":{"Brand":{"DisplayValue":"AVON","Label":"Brand","Locale":"es_ES"},"Manufacturer":{"DisplayValue":"Avon","Label":"Manufacturer","Locale":"es_ES"}},"Title":{"DisplayValue":"Avon Set de 5 espray de perfume floral/duradero","Label":"Title","Locale":"es_ES"}},"Offers":{"Summaries":[{"Condition":{"Value":"New"},"LowestPrice":{"Amount":29.99,"Currency":"EUR","DisplayAmount":"29,99 € (599,80 € / l)","PricePerUnit":599.8}}]}}],"SearchURL":"https://www.amazon.es/s?k=bolsillo&rh=n%3A6397798031%2Cp_n_availability%3A-1&tag=topinalambricos-21&linkCode=osi","TotalResultCount":1000}},"12":{"SearchResult":{"Items":[{"ASIN":"B0CHSGBF7F","DetailPageURL":"https://www.amazon.es/dp/B0CHSGBF7F?tag=topinalambricos-21&linkCode=osi&th=1&psc=1","Images":{"Primary":{"Small":{"Height":75,"URL":"https://m.media-amazon.com/images/I/51Xnn7fKW9L._SL75_.jpg","Width":73}}},"ItemInfo":{"ByLineInfo":{"Brand":{"DisplayValue":"ETISEN","Label":"Brand","Locale":"es_ES"},"Manufacturer":{"DisplayValue":"china","Label":"Manufacturer","Locale":"es_ES"}},"Title":{"DisplayValue":"ETISEN, 5 PCS 5ML Atomizador Perfume Recargable, Mini botella rociadora portátil, Pulverizador colonia recargable, perfume miniatura sin fugas, frasco. Ideal para salir de fiesta, viajar, citas.","Label":"Title","Locale":"es_ES"}},"Offers":{"Summaries":[{"Condition":{"Value":"New"},"LowestPrice":{"Amount":7.39,"Currency":"EUR","DisplayAmount":"7,39 €"}}]}},{"ASIN":"B0CFW2YVZ7","DetailPageURL":"https://www.amazon.es/dp/B0CFW2YVZ7?tag=topinalambricos-21&linkCode=osi&th=1&psc=1","Images":{"Primary":{"Small":{"Height":75,"URL":"https://m.media-amazon.com/images/I/41vHs2TAnkL._SL75_.jpg","Width":75}}},"ItemInfo":{"ByLineInfo":{"Brand":{"DisplayValue":"R#N","Label":"Brand","Locale":"es_ES"},"Manufacturer":{"DisplayValue":"R#N","Label":"Manufacturer","Locale":"es_ES"}},"Title":{"DisplayValue":"R#N 8PCS 5ML Atomizador Perfume Recargable, Dispensador Perfume Viaje, Frasco Perfume Recargable, Pulverizador Colonia, Porta Perfume Dosificador Recargable (4)","Label":"Title","Locale":"es_ES"}},"Offers":{"Summaries":[{"Condition":{"Value":"New"},"LowestPrice":{"Amount":6.99,"Currency":"EUR","DisplayAmount":"6,99 €"}}]}},{"ASIN":"B0CFZS79Q9","DetailPageURL":"https://www.amazon.es/dp/B0CFZS79Q9?tag=topinalambricos-21&linkCode=osi&th=1&psc=1","Images":{"Primary":{"Small":{"Height":72,"URL":"https://m.media-amazon.com/images/I/51IJUFZ+PML._SL75_.jpg","Width":75}}},"ItemInfo":{"ByLineInfo":{"Brand":{"DisplayValue":"NAYAINOVA","Label":"Brand","Locale":"es_ES"},"Manufacturer":{"DisplayValue":"NAYAINOVA","Label":"Manufacturer","Locale":"es_ES"}},"Title":{"DisplayValue":"NAYAINOVA Atomizador Perfume Recargable 5ML, Mini Botella Rociadora Portátil, Bote Spray Pulverizador Colonia Viaje Rellenable, Perfumadores de Bolso, Bote Rellenable Perfume Viaje","Label":"Title","Locale":"es_ES"}},"Offers":{"Summaries":[{"Condition":{"Value":"New"},"LowestPrice":{"Amount":6.99,"Currency":"EUR","DisplayAmount":"6,99 €"}}]}},{"ASIN":"B0CJV4YBVZ","DetailPageURL":"https://www.amazon.es/dp/B0CJV4YBVZ?tag=topinalambricos-21&linkCode=osi&th=1&psc=1","Images":{"Primary":{"Small":{"Height":75,"URL":"https://m.media-amazon.com/images/I/41lam02VFbL._SL75_.jpg","Width":75}}},"ItemInfo":{"ByLineInfo":{"Brand":{"DisplayValue":"VIVIIHOO","Label":"Brand","Locale":"es_ES"},"Manufacturer":{"DisplayValue":"YML-QXW0036","Label":"Manufacturer","Locale":"es_ES"}},"Title":{"DisplayValue":"VIVIIHOO Atomizador de perfume 5ml 30pcs Mini botella de spray atomizador de bolsillo Recipiente de muestra Perfume Decantación sobre la marcha - ¡Perfecto para viajar!","Label":"Title","Locale":"es_ES"}},"Offers":{"Summaries":[{"Condition":{"Value":"New"},"LowestPrice":{"Amount":10.99,"Currency":"EUR","DisplayAmount":"10,99 €"}}]}},{"ASIN":"B0BZKZLDBG","DetailPageURL":"https://www.amazon.es/dp/B0BZKZLDBG?tag=topinalambricos-21&linkCode=osi&th=1&psc=1","Images":{"Primary":{"Small":{"Height":75,"URL":"https://m.media-amazon.com/images/I/31Kv-FpPrVL._SL75_.jpg","Width":75}}},"ItemInfo":{"ByLineInfo":{"Brand":{"DisplayValue":"Colexy","Label":"Brand","Locale":"es_ES"},"Manufacturer":{"DisplayValue":"Colexy","Label":"Manufacturer","Locale":"es_ES"}},"Title":{"DisplayValue":"Atomizador Perfume Recargable, 5ML Perfume Atomizador, Spray de Perfume Portátil, Mini Botella de Perfume, Perfumador Dispensador de Viaje, Botella Vacío Pulverizador Viaje (Plata)","Label":"Title","Locale":"es_ES"}},"Offers":{"Summaries":[{"Condition":{"Value":"New"},"LowestPrice":{"Amount":9.99,"Currency":"EUR","DisplayAmount":"9,99 €"}}]}},{"ASIN":"B09YY8H7J2","DetailPageURL":"https://www.amazon.es/dp/B09YY8H7J2?tag=topinalambricos-21&linkCode=osi&th=1&psc=1","Images":{"Primary":{"Small":{"Height":75,"URL":"https://m.media-amazon.com/images/I/41eKy4GKHUL._SL75_.jpg","Width":75}}},"ItemInfo":{"ByLineInfo":{"Brand":{"DisplayValue":"SSyang","Label":"Brand","Locale":"es_ES"},"Manufacturer":{"DisplayValue":"SSyang","Label":"Manufacturer","Locale":"es_ES"}},"Title":{"DisplayValue":"SSyang 10ML Porta Perfume de Viaje,2 Piezas Atomizador Perfume Recargable Dispensador de Perfume Portátil Mini Portátil Atomizador,para Viaje Bolso Mano Bolsillo Equipaje","Label":"Title","Locale":"es_ES"}},"Offers":{"Summaries":[{"Condition":{"Value":"New"},"LowestPrice":{"Amount":11.99,"Currency":"EUR","DisplayAmount":"11,99 €"}}]}},{"ASIN":"B0C2HSJ7KZ","DetailPageURL":"https://www.amazon.es/dp/B0C2HSJ7KZ?tag=topinalambricos-21&linkCode=osi&th=1&psc=1","Images":{"Primary":{"Small":{"Height":75,"URL":"https://m.media-amazon.com/images/I/41fNxffZZyL._SL75_.jpg","Width":75}}},"ItemInfo":{"ByLineInfo":{"Brand":{"DisplayValue":"IOSPKKIO","Label":"Brand","Locale":"es_ES"},"Manufacturer":{"DisplayValue":"IOSPKKIO","Label":"Manufacturer","Locale":"es_ES"}},"Title":{"DisplayValue":"IOSPKKIO® Atomizador de Perfume Recargables atomizador portátil Mini pulverizador de Bolsillo para Viajes 5 ml dispensador de Perfume de Piel de, Portátil y Duradero","Label":"Title","Locale":"es_ES"}},"Offers":{"Summaries":[{"Condition":{"Value":"New"},"LowestPrice":{"Amount":12.99,"Currency":"EUR","DisplayAmount":"12,99 €"}}]}},{"ASIN":"B0C5LK6GGN","DetailPageURL":"https://www.amazon.es/dp/B0C5LK6GGN?tag=topinalambricos-21&linkCode=osi&th=1&psc=1","Images":{"Primary":{"Small":{"Height":75,"URL":"https://m.media-amazon.com/images/I/41kz6NAQ6rL._SL75_.jpg","Width":75}}},"ItemInfo":{"ByLineInfo":{"Brand":{"DisplayValue":"Hanmir","Label":"Brand","Locale":"es_ES"},"Manufacturer":{"DisplayValue":"hanmir","Label":"Manufacturer","Locale":"es_ES"}},"Title":{"DisplayValue":"Hanmir Pulverizador de Perfume, 5pcs 8ml Pulverizador de Perfume Recargable Atomizador de Perfume Mini Botella Pulverizadora Portátil para Atomizador de Bolsillo","Label":"Title","Locale":"es_ES"}},"Offers":{"Summaries":[{"Condition":{"Value":"New"},"LowestPrice":{"Amount":18.99,"Currency":"EUR","DisplayAmount":"18,99 €"}}]}},{"ASIN":"B08LY4RBBC","DetailPageURL":"https://www.amazon.es/dp/B08LY4RBBC?tag=topinalambricos-21&linkCode=osi&th=1&psc=1","Images":{"Primary":{"Small":{"Height":56,"URL":"https://m.media-amazon.com/images/I/41QAmjr6ClL._SL75_.jpg","Width":75}}},"ItemInfo":{"ByLineInfo":{"Brand":{"DisplayValue":"Dicora UrbanFit","Label":"Brand","Locale":"es_ES"},"Manufacturer":{"DisplayValue":"Nuvaria Global SL","Label":"Manufacturer","Locale":"es_ES"}},"Title":{"DisplayValue":"Caja 12 sprays hidroalcohólicos para desinfectar las manos formato bolsillo. Aroma Aloe Vera. Caja 12 botes 75 ml rápido secado sin aclarado","Label":"Title","Locale":"es_ES"}},"Offers":{"Summaries":[{"Condition":{"Value":"New"},"LowestPrice":{"Amount":25.89,"Currency":"EUR","DisplayAmount":"25,89 €"}}]}},{"ASIN":"B0733PFDNJ","DetailPageURL":"https://www.amazon.es/dp/B0733PFDNJ?tag=topinalambricos-21&linkCode=osi&th=1&psc=1","Images":{"Primary":{"Small":{"Height":75,"URL":"https://m.media-amazon.com/images/I/41UudFt9I3L._SL75_.jpg","Width":75}}},"ItemInfo":{"ByLineInfo":{"Brand":{"DisplayValue":"AVON","Label":"Brand","Locale":"es_ES"},"Manufacturer":{"DisplayValue":"Avon","Label":"Manufacturer","Locale":"es_ES"}},"Title":{"DisplayValue":"Avon Set de 5 espray de perfume floral/duradero","Label":"Title","Locale":"es_ES"}},"Offers":{"Summaries":[{"Condition":{"Value":"New"},"LowestPrice":{"Amount":29.99,"Currency":"EUR","DisplayAmount":"29,99 € (599,80 € / l)","PricePerUnit":599.8}}]}}],"SearchURL":"https://www.amazon.es/s?k=bolsillo&rh=n%3A6397798031%2Cp_n_availability%3A-1&tag=topinalambricos-21&linkCode=osi","TotalResultCount":1000}},"13":{"SearchResult":{"Items":[{"ASIN":"B0CHSGBF7F","DetailPageURL":"https://www.amazon.es/dp/B0CHSGBF7F?tag=topinalambricos-21&linkCode=osi&th=1&psc=1","Images":{"Primary":{"Small":{"Height":75,"URL":"https://m.media-amazon.com/images/I/51Xnn7fKW9L._SL75_.jpg","Width":73}}},"ItemInfo":{"ByLineInfo":{"Brand":{"DisplayValue":"ETISEN","Label":"Brand","Locale":"es_ES"},"Manufacturer":{"DisplayValue":"china","Label":"Manufacturer","Locale":"es_ES"}},"Title":{"DisplayValue":"ETISEN, 5 PCS 5ML Atomizador Perfume Recargable, Mini botella rociadora portátil, Pulverizador colonia recargable, perfume miniatura sin fugas, frasco. Ideal para salir de fiesta, viajar, citas.","Label":"Title","Locale":"es_ES"}},"Offers":{"Summaries":[{"Condition":{"Value":"New"},"LowestPrice":{"Amount":7.39,"Currency":"EUR","DisplayAmount":"7,39 €"}}]}},{"ASIN":"B0CFW2YVZ7","DetailPageURL":"https://www.amazon.es/dp/B0CFW2YVZ7?tag=topinalambricos-21&linkCode=osi&th=1&psc=1","Images":{"Primary":{"Small":{"Height":75,"URL":"https://m.media-amazon.com/images/I/41vHs2TAnkL._SL75_.jpg","Width":75}}},"ItemInfo":{"ByLineInfo":{"Brand":{"DisplayValue":"R#N","Label":"Brand","Locale":"es_ES"},"Manufacturer":{"DisplayValue":"R#N","Label":"Manufacturer","Locale":"es_ES"}},"Title":{"DisplayValue":"R#N 8PCS 5ML Atomizador Perfume Recargable, Dispensador Perfume Viaje, Frasco Perfume Recargable, Pulverizador Colonia, Porta Perfume Dosificador Recargable (4)","Label":"Title","Locale":"es_ES"}},"Offers":{"Summaries":[{"Condition":{"Value":"New"},"LowestPrice":{"Amount":6.99,"Currency":"EUR","DisplayAmount":"6,99 €"}}]}},{"ASIN":"B0CFZS79Q9","DetailPageURL":"https://www.amazon.es/dp/B0CFZS79Q9?tag=topinalambricos-21&linkCode=osi&th=1&psc=1","Images":{"Primary":{"Small":{"Height":72,"URL":"https://m.media-amazon.com/images/I/51IJUFZ+PML._SL75_.jpg","Width":75}}},"ItemInfo":{"ByLineInfo":{"Brand":{"DisplayValue":"NAYAINOVA","Label":"Brand","Locale":"es_ES"},"Manufacturer":{"DisplayValue":"NAYAINOVA","Label":"Manufacturer","Locale":"es_ES"}},"Title":{"DisplayValue":"NAYAINOVA Atomizador Perfume Recargable 5ML, Mini Botella Rociadora Portátil, Bote Spray Pulverizador Colonia Viaje Rellenable, Perfumadores de Bolso, Bote Rellenable Perfume Viaje","Label":"Title","Locale":"es_ES"}},"Offers":{"Summaries":[{"Condition":{"Value":"New"},"LowestPrice":{"Amount":6.99,"Currency":"EUR","DisplayAmount":"6,99 €"}}]}},{"ASIN":"B0CJV4YBVZ","DetailPageURL":"https://www.amazon.es/dp/B0CJV4YBVZ?tag=topinalambricos-21&linkCode=osi&th=1&psc=1","Images":{"Primary":{"Small":{"Height":75,"URL":"https://m.media-amazon.com/images/I/41lam02VFbL._SL75_.jpg","Width":75}}},"ItemInfo":{"ByLineInfo":{"Brand":{"DisplayValue":"VIVIIHOO","Label":"Brand","Locale":"es_ES"},"Manufacturer":{"DisplayValue":"YML-QXW0036","Label":"Manufacturer","Locale":"es_ES"}},"Title":{"DisplayValue":"VIVIIHOO Atomizador de perfume 5ml 30pcs Mini botella de spray atomizador de bolsillo Recipiente de muestra Perfume Decantación sobre la marcha - ¡Perfecto para viajar!","Label":"Title","Locale":"es_ES"}},"Offers":{"Summaries":[{"Condition":{"Value":"New"},"LowestPrice":{"Amount":10.99,"Currency":"EUR","DisplayAmount":"10,99 €"}}]}},{"ASIN":"B0BZKZLDBG","DetailPageURL":"https://www.amazon.es/dp/B0BZKZLDBG?tag=topinalambricos-21&linkCode=osi&th=1&psc=1","Images":{"Primary":{"Small":{"Height":75,"URL":"https://m.media-amazon.com/images/I/31Kv-FpPrVL._SL75_.jpg","Width":75}}},"ItemInfo":{"ByLineInfo":{"Brand":{"DisplayValue":"Colexy","Label":"Brand","Locale":"es_ES"},"Manufacturer":{"DisplayValue":"Colexy","Label":"Manufacturer","Locale":"es_ES"}},"Title":{"DisplayValue":"Atomizador Perfume Recargable, 5ML Perfume Atomizador, Spray de Perfume Portátil, Mini Botella de Perfume, Perfumador Dispensador de Viaje, Botella Vacío Pulverizador Viaje (Plata)","Label":"Title","Locale":"es_ES"}},"Offers":{"Summaries":[{"Condition":{"Value":"New"},"LowestPrice":{"Amount":9.99,"Currency":"EUR","DisplayAmount":"9,99 €"}}]}},{"ASIN":"B09YY8H7J2","DetailPageURL":"https://www.amazon.es/dp/B09YY8H7J2?tag=topinalambricos-21&linkCode=osi&th=1&psc=1","Images":{"Primary":{"Small":{"Height":75,"URL":"https://m.media-amazon.com/images/I/41eKy4GKHUL._SL75_.jpg","Width":75}}},"ItemInfo":{"ByLineInfo":{"Brand":{"DisplayValue":"SSyang","Label":"Brand","Locale":"es_ES"},"Manufacturer":{"DisplayValue":"SSyang","Label":"Manufacturer","Locale":"es_ES"}},"Title":{"DisplayValue":"SSyang 10ML Porta Perfume de Viaje,2 Piezas Atomizador Perfume Recargable Dispensador de Perfume Portátil Mini Portátil Atomizador,para Viaje Bolso Mano Bolsillo Equipaje","Label":"Title","Locale":"es_ES"}},"Offers":{"Summaries":[{"Condition":{"Value":"New"},"LowestPrice":{"Amount":11.99,"Currency":"EUR","DisplayAmount":"11,99 €"}}]}},{"ASIN":"B0C2HSJ7KZ","DetailPageURL":"https://www.amazon.es/dp/B0C2HSJ7KZ?tag=topinalambricos-21&linkCode=osi&th=1&psc=1","Images":{"Primary":{"Small":{"Height":75,"URL":"https://m.media-amazon.com/images/I/41fNxffZZyL._SL75_.jpg","Width":75}}},"ItemInfo":{"ByLineInfo":{"Brand":{"DisplayValue":"IOSPKKIO","Label":"Brand","Locale":"es_ES"},"Manufacturer":{"DisplayValue":"IOSPKKIO","Label":"Manufacturer","Locale":"es_ES"}},"Title":{"DisplayValue":"IOSPKKIO® Atomizador de Perfume Recargables atomizador portátil Mini pulverizador de Bolsillo para Viajes 5 ml dispensador de Perfume de Piel de, Portátil y Duradero","Label":"Title","Locale":"es_ES"}},"Offers":{"Summaries":[{"Condition":{"Value":"New"},"LowestPrice":{"Amount":12.99,"Currency":"EUR","DisplayAmount":"12,99 €"}}]}},{"ASIN":"B0C5LK6GGN","DetailPageURL":"https://www.amazon.es/dp/B0C5LK6GGN?tag=topinalambricos-21&linkCode=osi&th=1&psc=1","Images":{"Primary":{"Small":{"Height":75,"URL":"https://m.media-amazon.com/images/I/41kz6NAQ6rL._SL75_.jpg","Width":75}}},"ItemInfo":{"ByLineInfo":{"Brand":{"DisplayValue":"Hanmir","Label":"Brand","Locale":"es_ES"},"Manufacturer":{"DisplayValue":"hanmir","Label":"Manufacturer","Locale":"es_ES"}},"Title":{"DisplayValue":"Hanmir Pulverizador de Perfume, 5pcs 8ml Pulverizador de Perfume Recargable Atomizador de Perfume Mini Botella Pulverizadora Portátil para Atomizador de Bolsillo","Label":"Title","Locale":"es_ES"}},"Offers":{"Summaries":[{"Condition":{"Value":"New"},"LowestPrice":{"Amount":18.99,"Currency":"EUR","DisplayAmount":"18,99 €"}}]}},{"ASIN":"B08LY4RBBC","DetailPageURL":"https://www.amazon.es/dp/B08LY4RBBC?tag=topinalambricos-21&linkCode=osi&th=1&psc=1","Images":{"Primary":{"Small":{"Height":56,"URL":"https://m.media-amazon.com/images/I/41QAmjr6ClL._SL75_.jpg","Width":75}}},"ItemInfo":{"ByLineInfo":{"Brand":{"DisplayValue":"Dicora UrbanFit","Label":"Brand","Locale":"es_ES"},"Manufacturer":{"DisplayValue":"Nuvaria Global SL","Label":"Manufacturer","Locale":"es_ES"}},"Title":{"DisplayValue":"Caja 12 sprays hidroalcohólicos para desinfectar las manos formato bolsillo. Aroma Aloe Vera. Caja 12 botes 75 ml rápido secado sin aclarado","Label":"Title","Locale":"es_ES"}},"Offers":{"Summaries":[{"Condition":{"Value":"New"},"LowestPrice":{"Amount":25.89,"Currency":"EUR","DisplayAmount":"25,89 €"}}]}},{"ASIN":"B0733PFDNJ","DetailPageURL":"https://www.amazon.es/dp/B0733PFDNJ?tag=topinalambricos-21&linkCode=osi&th=1&psc=1","Images":{"Primary":{"Small":{"Height":75,"URL":"https://m.media-amazon.com/images/I/41UudFt9I3L._SL75_.jpg","Width":75}}},"ItemInfo":{"ByLineInfo":{"Brand":{"DisplayValue":"AVON","Label":"Brand","Locale":"es_ES"},"Manufacturer":{"DisplayValue":"Avon","Label":"Manufacturer","Locale":"es_ES"}},"Title":{"DisplayValue":"Avon Set de 5 espray de perfume floral/duradero","Label":"Title","Locale":"es_ES"}},"Offers":{"Summaries":[{"Condition":{"Value":"New"},"LowestPrice":{"Amount":29.99,"Currency":"EUR","DisplayAmount":"29,99 € (599,80 € / l)","PricePerUnit":599.8}}]}}],"SearchURL":"https://www.amazon.es/s?k=bolsillo&rh=n%3A6397798031%2Cp_n_availability%3A-1&tag=topinalambricos-21&linkCode=osi","TotalResultCount":1000}},"14":{"SearchResult":{"Items":[{"ASIN":"B0CHSGBF7F","DetailPageURL":"https://www.amazon.es/dp/B0CHSGBF7F?tag=topinalambricos-21&linkCode=osi&th=1&psc=1","Images":{"Primary":{"Small":{"Height":75,"URL":"https://m.media-amazon.com/images/I/51Xnn7fKW9L._SL75_.jpg","Width":73}}},"ItemInfo":{"ByLineInfo":{"Brand":{"DisplayValue":"ETISEN","Label":"Brand","Locale":"es_ES"},"Manufacturer":{"DisplayValue":"china","Label":"Manufacturer","Locale":"es_ES"}},"Title":{"DisplayValue":"ETISEN, 5 PCS 5ML Atomizador Perfume Recargable, Mini botella rociadora portátil, Pulverizador colonia recargable, perfume miniatura sin fugas, frasco. Ideal para salir de fiesta, viajar, citas.","Label":"Title","Locale":"es_ES"}},"Offers":{"Summaries":[{"Condition":{"Value":"New"},"LowestPrice":{"Amount":7.39,"Currency":"EUR","DisplayAmount":"7,39 €"}}]}},{"ASIN":"B0CFW2YVZ7","DetailPageURL":"https://www.amazon.es/dp/B0CFW2YVZ7?tag=topinalambricos-21&linkCode=osi&th=1&psc=1","Images":{"Primary":{"Small":{"Height":75,"URL":"https://m.media-amazon.com/images/I/41vHs2TAnkL._SL75_.jpg","Width":75}}},"ItemInfo":{"ByLineInfo":{"Brand":{"DisplayValue":"R#N","Label":"Brand","Locale":"es_ES"},"Manufacturer":{"DisplayValue":"R#N","Label":"Manufacturer","Locale":"es_ES"}},"Title":{"DisplayValue":"R#N 8PCS 5ML Atomizador Perfume Recargable, Dispensador Perfume Viaje, Frasco Perfume Recargable, Pulverizador Colonia, Porta Perfume Dosificador Recargable (4)","Label":"Title","Locale":"es_ES"}},"Offers":{"Summaries":[{"Condition":{"Value":"New"},"LowestPrice":{"Amount":6.99,"Currency":"EUR","DisplayAmount":"6,99 €"}}]}},{"ASIN":"B0CFZS79Q9","DetailPageURL":"https://www.amazon.es/dp/B0CFZS79Q9?tag=topinalambricos-21&linkCode=osi&th=1&psc=1","Images":{"Primary":{"Small":{"Height":72,"URL":"https://m.media-amazon.com/images/I/51IJUFZ+PML._SL75_.jpg","Width":75}}},"ItemInfo":{"ByLineInfo":{"Brand":{"DisplayValue":"NAYAINOVA","Label":"Brand","Locale":"es_ES"},"Manufacturer":{"DisplayValue":"NAYAINOVA","Label":"Manufacturer","Locale":"es_ES"}},"Title":{"DisplayValue":"NAYAINOVA Atomizador Perfume Recargable 5ML, Mini Botella Rociadora Portátil, Bote Spray Pulverizador Colonia Viaje Rellenable, Perfumadores de Bolso, Bote Rellenable Perfume Viaje","Label":"Title","Locale":"es_ES"}},"Offers":{"Summaries":[{"Condition":{"Value":"New"},"LowestPrice":{"Amount":6.99,"Currency":"EUR","DisplayAmount":"6,99 €"}}]}},{"ASIN":"B0CJV4YBVZ","DetailPageURL":"https://www.amazon.es/dp/B0CJV4YBVZ?tag=topinalambricos-21&linkCode=osi&th=1&psc=1","Images":{"Primary":{"Small":{"Height":75,"URL":"https://m.media-amazon.com/images/I/41lam02VFbL._SL75_.jpg","Width":75}}},"ItemInfo":{"ByLineInfo":{"Brand":{"DisplayValue":"VIVIIHOO","Label":"Brand","Locale":"es_ES"},"Manufacturer":{"DisplayValue":"YML-QXW0036","Label":"Manufacturer","Locale":"es_ES"}},"Title":{"DisplayValue":"VIVIIHOO Atomizador de perfume 5ml 30pcs Mini botella de spray atomizador de bolsillo Recipiente de muestra Perfume Decantación sobre la marcha - ¡Perfecto para viajar!","Label":"Title","Locale":"es_ES"}},"Offers":{"Summaries":[{"Condition":{"Value":"New"},"LowestPrice":{"Amount":10.99,"Currency":"EUR","DisplayAmount":"10,99 €"}}]}},{"ASIN":"B0BZKZLDBG","DetailPageURL":"https://www.amazon.es/dp/B0BZKZLDBG?tag=topinalambricos-21&linkCode=osi&th=1&psc=1","Images":{"Primary":{"Small":{"Height":75,"URL":"https://m.media-amazon.com/images/I/31Kv-FpPrVL._SL75_.jpg","Width":75}}},"ItemInfo":{"ByLineInfo":{"Brand":{"DisplayValue":"Colexy","Label":"Brand","Locale":"es_ES"},"Manufacturer":{"DisplayValue":"Colexy","Label":"Manufacturer","Locale":"es_ES"}},"Title":{"DisplayValue":"Atomizador Perfume Recargable, 5ML Perfume Atomizador, Spray de Perfume Portátil, Mini Botella de Perfume, Perfumador Dispensador de Viaje, Botella Vacío Pulverizador Viaje (Plata)","Label":"Title","Locale":"es_ES"}},"Offers":{"Summaries":[{"Condition":{"Value":"New"},"LowestPrice":{"Amount":9.99,"Currency":"EUR","DisplayAmount":"9,99 €"}}]}},{"ASIN":"B09YY8H7J2","DetailPageURL":"https://www.amazon.es/dp/B09YY8H7J2?tag=topinalambricos-21&linkCode=osi&th=1&psc=1","Images":{"Primary":{"Small":{"Height":75,"URL":"https://m.media-amazon.com/images/I/41eKy4GKHUL._SL75_.jpg","Width":75}}},"ItemInfo":{"ByLineInfo":{"Brand":{"DisplayValue":"SSyang","Label":"Brand","Locale":"es_ES"},"Manufacturer":{"DisplayValue":"SSyang","Label":"Manufacturer","Locale":"es_ES"}},"Title":{"DisplayValue":"SSyang 10ML Porta Perfume de Viaje,2 Piezas Atomizador Perfume Recargable Dispensador de Perfume Portátil Mini Portátil Atomizador,para Viaje Bolso Mano Bolsillo Equipaje","Label":"Title","Locale":"es_ES"}},"Offers":{"Summaries":[{"Condition":{"Value":"New"},"LowestPrice":{"Amount":11.99,"Currency":"EUR","DisplayAmount":"11,99 €"}}]}},{"ASIN":"B0C2HSJ7KZ","DetailPageURL":"https://www.amazon.es/dp/B0C2HSJ7KZ?tag=topinalambricos-21&linkCode=osi&th=1&psc=1","Images":{"Primary":{"Small":{"Height":75,"URL":"https://m.media-amazon.com/images/I/41fNxffZZyL._SL75_.jpg","Width":75}}},"ItemInfo":{"ByLineInfo":{"Brand":{"DisplayValue":"IOSPKKIO","Label":"Brand","Locale":"es_ES"},"Manufacturer":{"DisplayValue":"IOSPKKIO","Label":"Manufacturer","Locale":"es_ES"}},"Title":{"DisplayValue":"IOSPKKIO® Atomizador de Perfume Recargables atomizador portátil Mini pulverizador de Bolsillo para Viajes 5 ml dispensador de Perfume de Piel de, Portátil y Duradero","Label":"Title","Locale":"es_ES"}},"Offers":{"Summaries":[{"Condition":{"Value":"New"},"LowestPrice":{"Amount":12.99,"Currency":"EUR","DisplayAmount":"12,99 €"}}]}},{"ASIN":"B0C5LK6GGN","DetailPageURL":"https://www.amazon.es/dp/B0C5LK6GGN?tag=topinalambricos-21&linkCode=osi&th=1&psc=1","Images":{"Primary":{"Small":{"Height":75,"URL":"https://m.media-amazon.com/images/I/41kz6NAQ6rL._SL75_.jpg","Width":75}}},"ItemInfo":{"ByLineInfo":{"Brand":{"DisplayValue":"Hanmir","Label":"Brand","Locale":"es_ES"},"Manufacturer":{"DisplayValue":"hanmir","Label":"Manufacturer","Locale":"es_ES"}},"Title":{"DisplayValue":"Hanmir Pulverizador de Perfume, 5pcs 8ml Pulverizador de Perfume Recargable Atomizador de Perfume Mini Botella Pulverizadora Portátil para Atomizador de Bolsillo","Label":"Title","Locale":"es_ES"}},"Offers":{"Summaries":[{"Condition":{"Value":"New"},"LowestPrice":{"Amount":18.99,"Currency":"EUR","DisplayAmount":"18,99 €"}}]}},{"ASIN":"B08LY4RBBC","DetailPageURL":"https://www.amazon.es/dp/B08LY4RBBC?tag=topinalambricos-21&linkCode=osi&th=1&psc=1","Images":{"Primary":{"Small":{"Height":56,"URL":"https://m.media-amazon.com/images/I/41QAmjr6ClL._SL75_.jpg","Width":75}}},"ItemInfo":{"ByLineInfo":{"Brand":{"DisplayValue":"Dicora UrbanFit","Label":"Brand","Locale":"es_ES"},"Manufacturer":{"DisplayValue":"Nuvaria Global SL","Label":"Manufacturer","Locale":"es_ES"}},"Title":{"DisplayValue":"Caja 12 sprays hidroalcohólicos para desinfectar las manos formato bolsillo. Aroma Aloe Vera. Caja 12 botes 75 ml rápido secado sin aclarado","Label":"Title","Locale":"es_ES"}},"Offers":{"Summaries":[{"Condition":{"Value":"New"},"LowestPrice":{"Amount":25.89,"Currency":"EUR","DisplayAmount":"25,89 €"}}]}},{"ASIN":"B0733PFDNJ","DetailPageURL":"https://www.amazon.es/dp/B0733PFDNJ?tag=topinalambricos-21&linkCode=osi&th=1&psc=1","Images":{"Primary":{"Small":{"Height":75,"URL":"https://m.media-amazon.com/images/I/41UudFt9I3L._SL75_.jpg","Width":75}}},"ItemInfo":{"ByLineInfo":{"Brand":{"DisplayValue":"AVON","Label":"Brand","Locale":"es_ES"},"Manufacturer":{"DisplayValue":"Avon","Label":"Manufacturer","Locale":"es_ES"}},"Title":{"DisplayValue":"Avon Set de 5 espray de perfume floral/duradero","Label":"Title","Locale":"es_ES"}},"Offers":{"Summaries":[{"Condition":{"Value":"New"},"LowestPrice":{"Amount":29.99,"Currency":"EUR","DisplayAmount":"29,99 € (599,80 € / l)","PricePerUnit":599.8}}]}}],"SearchURL":"https://www.amazon.es/s?k=bolsillo&rh=n%3A6397798031%2Cp_n_availability%3A-1&tag=topinalambricos-21&linkCode=osi","TotalResultCount":1000}},"16":{"SearchResult":{"Items":[{"ASIN":"B0CHSGBF7F","DetailPageURL":"https://www.amazon.es/dp/B0CHSGBF7F?tag=topinalambricos-21&linkCode=osi&th=1&psc=1","Images":{"Primary":{"Small":{"Height":75,"URL":"https://m.media-amazon.com/images/I/51Xnn7fKW9L._SL75_.jpg","Width":73}}},"ItemInfo":{"ByLineInfo":{"Brand":{"DisplayValue":"ETISEN","Label":"Brand","Locale":"es_ES"},"Manufacturer":{"DisplayValue":"china","Label":"Manufacturer","Locale":"es_ES"}},"Title":{"DisplayValue":"ETISEN, 5 PCS 5ML Atomizador Perfume Recargable, Mini botella rociadora portátil, Pulverizador colonia recargable, perfume miniatura sin fugas, frasco. Ideal para salir de fiesta, viajar, citas.","Label":"Title","Locale":"es_ES"}},"Offers":{"Summaries":[{"Condition":{"Value":"New"},"LowestPrice":{"Amount":7.39,"Currency":"EUR","DisplayAmount":"7,39 €"}}]}},{"ASIN":"B0CFW2YVZ7","DetailPageURL":"https://www.amazon.es/dp/B0CFW2YVZ7?tag=topinalambricos-21&linkCode=osi&th=1&psc=1","Images":{"Primary":{"Small":{"Height":75,"URL":"https://m.media-amazon.com/images/I/41vHs2TAnkL._SL75_.jpg","Width":75}}},"ItemInfo":{"ByLineInfo":{"Brand":{"DisplayValue":"R#N","Label":"Brand","Locale":"es_ES"},"Manufacturer":{"DisplayValue":"R#N","Label":"Manufacturer","Locale":"es_ES"}},"Title":{"DisplayValue":"R#N 8PCS 5ML Atomizador Perfume Recargable, Dispensador Perfume Viaje, Frasco Perfume Recargable, Pulverizador Colonia, Porta Perfume Dosificador Recargable (4)","Label":"Title","Locale":"es_ES"}},"Offers":{"Summaries":[{"Condition":{"Value":"New"},"LowestPrice":{"Amount":6.99,"Currency":"EUR","DisplayAmount":"6,99 €"}}]}},{"ASIN":"B0CFZS79Q9","DetailPageURL":"https://www.amazon.es/dp/B0CFZS79Q9?tag=topinalambricos-21&linkCode=osi&th=1&psc=1","Images":{"Primary":{"Small":{"Height":72,"URL":"https://m.media-amazon.com/images/I/51IJUFZ+PML._SL75_.jpg","Width":75}}},"ItemInfo":{"ByLineInfo":{"Brand":{"DisplayValue":"NAYAINOVA","Label":"Brand","Locale":"es_ES"},"Manufacturer":{"DisplayValue":"NAYAINOVA","Label":"Manufacturer","Locale":"es_ES"}},"Title":{"DisplayValue":"NAYAINOVA Atomizador Perfume Recargable 5ML, Mini Botella Rociadora Portátil, Bote Spray Pulverizador Colonia Viaje Rellenable, Perfumadores de Bolso, Bote Rellenable Perfume Viaje","Label":"Title","Locale":"es_ES"}},"Offers":{"Summaries":[{"Condition":{"Value":"New"},"LowestPrice":{"Amount":6.99,"Currency":"EUR","DisplayAmount":"6,99 €"}}]}},{"ASIN":"B0CJV4YBVZ","DetailPageURL":"https://www.amazon.es/dp/B0CJV4YBVZ?tag=topinalambricos-21&linkCode=osi&th=1&psc=1","Images":{"Primary":{"Small":{"Height":75,"URL":"https://m.media-amazon.com/images/I/41lam02VFbL._SL75_.jpg","Width":75}}},"ItemInfo":{"ByLineInfo":{"Brand":{"DisplayValue":"VIVIIHOO","Label":"Brand","Locale":"es_ES"},"Manufacturer":{"DisplayValue":"YML-QXW0036","Label":"Manufacturer","Locale":"es_ES"}},"Title":{"DisplayValue":"VIVIIHOO Atomizador de perfume 5ml 30pcs Mini botella de spray atomizador de bolsillo Recipiente de muestra Perfume Decantación sobre la marcha - ¡Perfecto para viajar!","Label":"Title","Locale":"es_ES"}},"Offers":{"Summaries":[{"Condition":{"Value":"New"},"LowestPrice":{"Amount":10.99,"Currency":"EUR","DisplayAmount":"10,99 €"}}]}},{"ASIN":"B0BZKZLDBG","DetailPageURL":"https://www.amazon.es/dp/B0BZKZLDBG?tag=topinalambricos-21&linkCode=osi&th=1&psc=1","Images":{"Primary":{"Small":{"Height":75,"URL":"https://m.media-amazon.com/images/I/31Kv-FpPrVL._SL75_.jpg","Width":75}}},"ItemInfo":{"ByLineInfo":{"Brand":{"DisplayValue":"Colexy","Label":"Brand","Locale":"es_ES"},"Manufacturer":{"DisplayValue":"Colexy","Label":"Manufacturer","Locale":"es_ES"}},"Title":{"DisplayValue":"Atomizador Perfume Recargable, 5ML Perfume Atomizador, Spray de Perfume Portátil, Mini Botella de Perfume, Perfumador Dispensador de Viaje, Botella Vacío Pulverizador Viaje (Plata)","Label":"Title","Locale":"es_ES"}},"Offers":{"Summaries":[{"Condition":{"Value":"New"},"LowestPrice":{"Amount":9.99,"Currency":"EUR","DisplayAmount":"9,99 €"}}]}},{"ASIN":"B09YY8H7J2","DetailPageURL":"https://www.amazon.es/dp/B09YY8H7J2?tag=topinalambricos-21&linkCode=osi&th=1&psc=1","Images":{"Primary":{"Small":{"Height":75,"URL":"https://m.media-amazon.com/images/I/41eKy4GKHUL._SL75_.jpg","Width":75}}},"ItemInfo":{"ByLineInfo":{"Brand":{"DisplayValue":"SSyang","Label":"Brand","Locale":"es_ES"},"Manufacturer":{"DisplayValue":"SSyang","Label":"Manufacturer","Locale":"es_ES"}},"Title":{"DisplayValue":"SSyang 10ML Porta Perfume de Viaje,2 Piezas Atomizador Perfume Recargable Dispensador de Perfume Portátil Mini Portátil Atomizador,para Viaje Bolso Mano Bolsillo Equipaje","Label":"Title","Locale":"es_ES"}},"Offers":{"Summaries":[{"Condition":{"Value":"New"},"LowestPrice":{"Amount":11.99,"Currency":"EUR","DisplayAmount":"11,99 €"}}]}},{"ASIN":"B0C2HSJ7KZ","DetailPageURL":"https://www.amazon.es/dp/B0C2HSJ7KZ?tag=topinalambricos-21&linkCode=osi&th=1&psc=1","Images":{"Primary":{"Small":{"Height":75,"URL":"https://m.media-amazon.com/images/I/41fNxffZZyL._SL75_.jpg","Width":75}}},"ItemInfo":{"ByLineInfo":{"Brand":{"DisplayValue":"IOSPKKIO","Label":"Brand","Locale":"es_ES"},"Manufacturer":{"DisplayValue":"IOSPKKIO","Label":"Manufacturer","Locale":"es_ES"}},"Title":{"DisplayValue":"IOSPKKIO® Atomizador de Perfume Recargables atomizador portátil Mini pulverizador de Bolsillo para Viajes 5 ml dispensador de Perfume de Piel de, Portátil y Duradero","Label":"Title","Locale":"es_ES"}},"Offers":{"Summaries":[{"Condition":{"Value":"New"},"LowestPrice":{"Amount":12.99,"Currency":"EUR","DisplayAmount":"12,99 €"}}]}},{"ASIN":"B0C5LK6GGN","DetailPageURL":"https://www.amazon.es/dp/B0C5LK6GGN?tag=topinalambricos-21&linkCode=osi&th=1&psc=1","Images":{"Primary":{"Small":{"Height":75,"URL":"https://m.media-amazon.com/images/I/41kz6NAQ6rL._SL75_.jpg","Width":75}}},"ItemInfo":{"ByLineInfo":{"Brand":{"DisplayValue":"Hanmir","Label":"Brand","Locale":"es_ES"},"Manufacturer":{"DisplayValue":"hanmir","Label":"Manufacturer","Locale":"es_ES"}},"Title":{"DisplayValue":"Hanmir Pulverizador de Perfume, 5pcs 8ml Pulverizador de Perfume Recargable Atomizador de Perfume Mini Botella Pulverizadora Portátil para Atomizador de Bolsillo","Label":"Title","Locale":"es_ES"}},"Offers":{"Summaries":[{"Condition":{"Value":"New"},"LowestPrice":{"Amount":18.99,"Currency":"EUR","DisplayAmount":"18,99 €"}}]}},{"ASIN":"B08LY4RBBC","DetailPageURL":"https://www.amazon.es/dp/B08LY4RBBC?tag=topinalambricos-21&linkCode=osi&th=1&psc=1","Images":{"Primary":{"Small":{"Height":56,"URL":"https://m.media-amazon.com/images/I/41QAmjr6ClL._SL75_.jpg","Width":75}}},"ItemInfo":{"ByLineInfo":{"Brand":{"DisplayValue":"Dicora UrbanFit","Label":"Brand","Locale":"es_ES"},"Manufacturer":{"DisplayValue":"Nuvaria Global SL","Label":"Manufacturer","Locale":"es_ES"}},"Title":{"DisplayValue":"Caja 12 sprays hidroalcohólicos para desinfectar las manos formato bolsillo. Aroma Aloe Vera. Caja 12 botes 75 ml rápido secado sin aclarado","Label":"Title","Locale":"es_ES"}},"Offers":{"Summaries":[{"Condition":{"Value":"New"},"LowestPrice":{"Amount":25.89,"Currency":"EUR","DisplayAmount":"25,89 €"}}]}},{"ASIN":"B0733PFDNJ","DetailPageURL":"https://www.amazon.es/dp/B0733PFDNJ?tag=topinalambricos-21&linkCode=osi&th=1&psc=1","Images":{"Primary":{"Small":{"Height":75,"URL":"https://m.media-amazon.com/images/I/41UudFt9I3L._SL75_.jpg","Width":75}}},"ItemInfo":{"ByLineInfo":{"Brand":{"DisplayValue":"AVON","Label":"Brand","Locale":"es_ES"},"Manufacturer":{"DisplayValue":"Avon","Label":"Manufacturer","Locale":"es_ES"}},"Title":{"DisplayValue":"Avon Set de 5 espray de perfume floral/duradero","Label":"Title","Locale":"es_ES"}},"Offers":{"Summaries":[{"Condition":{"Value":"New"},"LowestPrice":{"Amount":29.99,"Currency":"EUR","DisplayAmount":"29,99 € (599,80 € / l)","PricePerUnit":599.8}}]}}],"SearchURL":"https://www.amazon.es/s?k=bolsillo&rh=n%3A6397798031%2Cp_n_availability%3A-1&tag=topinalambricos-21&linkCode=osi","TotalResultCount":1000}},"17":{"SearchResult":{"Items":[{"ASIN":"B0CHSGBF7F","DetailPageURL":"https://www.amazon.es/dp/B0CHSGBF7F?tag=topinalambricos-21&linkCode=osi&th=1&psc=1","Images":{"Primary":{"Small":{"Height":75,"URL":"https://m.media-amazon.com/images/I/51Xnn7fKW9L._SL75_.jpg","Width":73}}},"ItemInfo":{"ByLineInfo":{"Brand":{"DisplayValue":"ETISEN","Label":"Brand","Locale":"es_ES"},"Manufacturer":{"DisplayValue":"china","Label":"Manufacturer","Locale":"es_ES"}},"Title":{"DisplayValue":"ETISEN, 5 PCS 5ML Atomizador Perfume Recargable, Mini botella rociadora portátil, Pulverizador colonia recargable, perfume miniatura sin fugas, frasco. Ideal para salir de fiesta, viajar, citas.","Label":"Title","Locale":"es_ES"}},"Offers":{"Summaries":[{"Condition":{"Value":"New"},"LowestPrice":{"Amount":7.39,"Currency":"EUR","DisplayAmount":"7,39 €"}}]}},{"ASIN":"B0CFW2YVZ7","DetailPageURL":"https://www.amazon.es/dp/B0CFW2YVZ7?tag=topinalambricos-21&linkCode=osi&th=1&psc=1","Images":{"Primary":{"Small":{"Height":75,"URL":"https://m.media-amazon.com/images/I/41vHs2TAnkL._SL75_.jpg","Width":75}}},"ItemInfo":{"ByLineInfo":{"Brand":{"DisplayValue":"R#N","Label":"Brand","Locale":"es_ES"},"Manufacturer":{"DisplayValue":"R#N","Label":"Manufacturer","Locale":"es_ES"}},"Title":{"DisplayValue":"R#N 8PCS 5ML Atomizador Perfume Recargable, Dispensador Perfume Viaje, Frasco Perfume Recargable, Pulverizador Colonia, Porta Perfume Dosificador Recargable (4)","Label":"Title","Locale":"es_ES"}},"Offers":{"Summaries":[{"Condition":{"Value":"New"},"LowestPrice":{"Amount":6.99,"Currency":"EUR","DisplayAmount":"6,99 €"}}]}},{"ASIN":"B0CFZS79Q9","DetailPageURL":"https://www.amazon.es/dp/B0CFZS79Q9?tag=topinalambricos-21&linkCode=osi&th=1&psc=1","Images":{"Primary":{"Small":{"Height":72,"URL":"https://m.media-amazon.com/images/I/51IJUFZ+PML._SL75_.jpg","Width":75}}},"ItemInfo":{"ByLineInfo":{"Brand":{"DisplayValue":"NAYAINOVA","Label":"Brand","Locale":"es_ES"},"Manufacturer":{"DisplayValue":"NAYAINOVA","Label":"Manufacturer","Locale":"es_ES"}},"Title":{"DisplayValue":"NAYAINOVA Atomizador Perfume Recargable 5ML, Mini Botella Rociadora Portátil, Bote Spray Pulverizador Colonia Viaje Rellenable, Perfumadores de Bolso, Bote Rellenable Perfume Viaje","Label":"Title","Locale":"es_ES"}},"Offers":{"Summaries":[{"Condition":{"Value":"New"},"LowestPrice":{"Amount":6.99,"Currency":"EUR","DisplayAmount":"6,99 €"}}]}},{"ASIN":"B0CJV4YBVZ","DetailPageURL":"https://www.amazon.es/dp/B0CJV4YBVZ?tag=topinalambricos-21&linkCode=osi&th=1&psc=1","Images":{"Primary":{"Small":{"Height":75,"URL":"https://m.media-amazon.com/images/I/41lam02VFbL._SL75_.jpg","Width":75}}},"ItemInfo":{"ByLineInfo":{"Brand":{"DisplayValue":"VIVIIHOO","Label":"Brand","Locale":"es_ES"},"Manufacturer":{"DisplayValue":"YML-QXW0036","Label":"Manufacturer","Locale":"es_ES"}},"Title":{"DisplayValue":"VIVIIHOO Atomizador de perfume 5ml 30pcs Mini botella de spray atomizador de bolsillo Recipiente de muestra Perfume Decantación sobre la marcha - ¡Perfecto para viajar!","Label":"Title","Locale":"es_ES"}},"Offers":{"Summaries":[{"Condition":{"Value":"New"},"LowestPrice":{"Amount":10.99,"Currency":"EUR","DisplayAmount":"10,99 €"}}]}},{"ASIN":"B0BZKZLDBG","DetailPageURL":"https://www.amazon.es/dp/B0BZKZLDBG?tag=topinalambricos-21&linkCode=osi&th=1&psc=1","Images":{"Primary":{"Small":{"Height":75,"URL":"https://m.media-amazon.com/images/I/31Kv-FpPrVL._SL75_.jpg","Width":75}}},"ItemInfo":{"ByLineInfo":{"Brand":{"DisplayValue":"Colexy","Label":"Brand","Locale":"es_ES"},"Manufacturer":{"DisplayValue":"Colexy","Label":"Manufacturer","Locale":"es_ES"}},"Title":{"DisplayValue":"Atomizador Perfume Recargable, 5ML Perfume Atomizador, Spray de Perfume Portátil, Mini Botella de Perfume, Perfumador Dispensador de Viaje, Botella Vacío Pulverizador Viaje (Plata)","Label":"Title","Locale":"es_ES"}},"Offers":{"Summaries":[{"Condition":{"Value":"New"},"LowestPrice":{"Amount":9.99,"Currency":"EUR","DisplayAmount":"9,99 €"}}]}},{"ASIN":"B09YY8H7J2","DetailPageURL":"https://www.amazon.es/dp/B09YY8H7J2?tag=topinalambricos-21&linkCode=osi&th=1&psc=1","Images":{"Primary":{"Small":{"Height":75,"URL":"https://m.media-amazon.com/images/I/41eKy4GKHUL._SL75_.jpg","Width":75}}},"ItemInfo":{"ByLineInfo":{"Brand":{"DisplayValue":"SSyang","Label":"Brand","Locale":"es_ES"},"Manufacturer":{"DisplayValue":"SSyang","Label":"Manufacturer","Locale":"es_ES"}},"Title":{"DisplayValue":"SSyang 10ML Porta Perfume de Viaje,2 Piezas Atomizador Perfume Recargable Dispensador de Perfume Portátil Mini Portátil Atomizador,para Viaje Bolso Mano Bolsillo Equipaje","Label":"Title","Locale":"es_ES"}},"Offers":{"Summaries":[{"Condition":{"Value":"New"},"LowestPrice":{"Amount":11.99,"Currency":"EUR","DisplayAmount":"11,99 €"}}]}},{"ASIN":"B0C2HSJ7KZ","DetailPageURL":"https://www.amazon.es/dp/B0C2HSJ7KZ?tag=topinalambricos-21&linkCode=osi&th=1&psc=1","Images":{"Primary":{"Small":{"Height":75,"URL":"https://m.media-amazon.com/images/I/41fNxffZZyL._SL75_.jpg","Width":75}}},"ItemInfo":{"ByLineInfo":{"Brand":{"DisplayValue":"IOSPKKIO","Label":"Brand","Locale":"es_ES"},"Manufacturer":{"DisplayValue":"IOSPKKIO","Label":"Manufacturer","Locale":"es_ES"}},"Title":{"DisplayValue":"IOSPKKIO® Atomizador de Perfume Recargables atomizador portátil Mini pulverizador de Bolsillo para Viajes 5 ml dispensador de Perfume de Piel de, Portátil y Duradero","Label":"Title","Locale":"es_ES"}},"Offers":{"Summaries":[{"Condition":{"Value":"New"},"LowestPrice":{"Amount":12.99,"Currency":"EUR","DisplayAmount":"12,99 €"}}]}},{"ASIN":"B0C5LK6GGN","DetailPageURL":"https://www.amazon.es/dp/B0C5LK6GGN?tag=topinalambricos-21&linkCode=osi&th=1&psc=1","Images":{"Primary":{"Small":{"Height":75,"URL":"https://m.media-amazon.com/images/I/41kz6NAQ6rL._SL75_.jpg","Width":75}}},"ItemInfo":{"ByLineInfo":{"Brand":{"DisplayValue":"Hanmir","Label":"Brand","Locale":"es_ES"},"Manufacturer":{"DisplayValue":"hanmir","Label":"Manufacturer","Locale":"es_ES"}},"Title":{"DisplayValue":"Hanmir Pulverizador de Perfume, 5pcs 8ml Pulverizador de Perfume Recargable Atomizador de Perfume Mini Botella Pulverizadora Portátil para Atomizador de Bolsillo","Label":"Title","Locale":"es_ES"}},"Offers":{"Summaries":[{"Condition":{"Value":"New"},"LowestPrice":{"Amount":18.99,"Currency":"EUR","DisplayAmount":"18,99 €"}}]}},{"ASIN":"B08LY4RBBC","DetailPageURL":"https://www.amazon.es/dp/B08LY4RBBC?tag=topinalambricos-21&linkCode=osi&th=1&psc=1","Images":{"Primary":{"Small":{"Height":56,"URL":"https://m.media-amazon.com/images/I/41QAmjr6ClL._SL75_.jpg","Width":75}}},"ItemInfo":{"ByLineInfo":{"Brand":{"DisplayValue":"Dicora UrbanFit","Label":"Brand","Locale":"es_ES"},"Manufacturer":{"DisplayValue":"Nuvaria Global SL","Label":"Manufacturer","Locale":"es_ES"}},"Title":{"DisplayValue":"Caja 12 sprays hidroalcohólicos para desinfectar las manos formato bolsillo. Aroma Aloe Vera. Caja 12 botes 75 ml rápido secado sin aclarado","Label":"Title","Locale":"es_ES"}},"Offers":{"Summaries":[{"Condition":{"Value":"New"},"LowestPrice":{"Amount":25.89,"Currency":"EUR","DisplayAmount":"25,89 €"}}]}},{"ASIN":"B0733PFDNJ","DetailPageURL":"https://www.amazon.es/dp/B0733PFDNJ?tag=topinalambricos-21&linkCode=osi&th=1&psc=1","Images":{"Primary":{"Small":{"Height":75,"URL":"https://m.media-amazon.com/images/I/41UudFt9I3L._SL75_.jpg","Width":75}}},"ItemInfo":{"ByLineInfo":{"Brand":{"DisplayValue":"AVON","Label":"Brand","Locale":"es_ES"},"Manufacturer":{"DisplayValue":"Avon","Label":"Manufacturer","Locale":"es_ES"}},"Title":{"DisplayValue":"Avon Set de 5 espray de perfume floral/duradero","Label":"Title","Locale":"es_ES"}},"Offers":{"Summaries":[{"Condition":{"Value":"New"},"LowestPrice":{"Amount":29.99,"Currency":"EUR","DisplayAmount":"29,99 € (599,80 € / l)","PricePerUnit":599.8}}]}}],"SearchURL":"https://www.amazon.es/s?k=bolsillo&rh=n%3A6397798031%2Cp_n_availability%3A-1&tag=topinalambricos-21&linkCode=osi","TotalResultCount":1000}},"18":{"SearchResult":{"Items":[{"ASIN":"B0CHSGBF7F","DetailPageURL":"https://www.amazon.es/dp/B0CHSGBF7F?tag=topinalambricos-21&linkCode=osi&th=1&psc=1","Images":{"Primary":{"Small":{"Height":75,"URL":"https://m.media-amazon.com/images/I/51Xnn7fKW9L._SL75_.jpg","Width":73}}},"ItemInfo":{"ByLineInfo":{"Brand":{"DisplayValue":"ETISEN","Label":"Brand","Locale":"es_ES"},"Manufacturer":{"DisplayValue":"china","Label":"Manufacturer","Locale":"es_ES"}},"Title":{"DisplayValue":"ETISEN, 5 PCS 5ML Atomizador Perfume Recargable, Mini botella rociadora portátil, Pulverizador colonia recargable, perfume miniatura sin fugas, frasco. Ideal para salir de fiesta, viajar, citas.","Label":"Title","Locale":"es_ES"}},"Offers":{"Summaries":[{"Condition":{"Value":"New"},"LowestPrice":{"Amount":7.39,"Currency":"EUR","DisplayAmount":"7,39 €"}}]}},{"ASIN":"B0CFW2YVZ7","DetailPageURL":"https://www.amazon.es/dp/B0CFW2YVZ7?tag=topinalambricos-21&linkCode=osi&th=1&psc=1","Images":{"Primary":{"Small":{"Height":75,"URL":"https://m.media-amazon.com/images/I/41vHs2TAnkL._SL75_.jpg","Width":75}}},"ItemInfo":{"ByLineInfo":{"Brand":{"DisplayValue":"R#N","Label":"Brand","Locale":"es_ES"},"Manufacturer":{"DisplayValue":"R#N","Label":"Manufacturer","Locale":"es_ES"}},"Title":{"DisplayValue":"R#N 8PCS 5ML Atomizador Perfume Recargable, Dispensador Perfume Viaje, Frasco Perfume Recargable, Pulverizador Colonia, Porta Perfume Dosificador Recargable (4)","Label":"Title","Locale":"es_ES"}},"Offers":{"Summaries":[{"Condition":{"Value":"New"},"LowestPrice":{"Amount":6.99,"Currency":"EUR","DisplayAmount":"6,99 €"}}]}},{"ASIN":"B0CFZS79Q9","DetailPageURL":"https://www.amazon.es/dp/B0CFZS79Q9?tag=topinalambricos-21&linkCode=osi&th=1&psc=1","Images":{"Primary":{"Small":{"Height":72,"URL":"https://m.media-amazon.com/images/I/51IJUFZ+PML._SL75_.jpg","Width":75}}},"ItemInfo":{"ByLineInfo":{"Brand":{"DisplayValue":"NAYAINOVA","Label":"Brand","Locale":"es_ES"},"Manufacturer":{"DisplayValue":"NAYAINOVA","Label":"Manufacturer","Locale":"es_ES"}},"Title":{"DisplayValue":"NAYAINOVA Atomizador Perfume Recargable 5ML, Mini Botella Rociadora Portátil, Bote Spray Pulverizador Colonia Viaje Rellenable, Perfumadores de Bolso, Bote Rellenable Perfume Viaje","Label":"Title","Locale":"es_ES"}},"Offers":{"Summaries":[{"Condition":{"Value":"New"},"LowestPrice":{"Amount":6.99,"Currency":"EUR","DisplayAmount":"6,99 €"}}]}},{"ASIN":"B0CJV4YBVZ","DetailPageURL":"https://www.amazon.es/dp/B0CJV4YBVZ?tag=topinalambricos-21&linkCode=osi&th=1&psc=1","Images":{"Primary":{"Small":{"Height":75,"URL":"https://m.media-amazon.com/images/I/41lam02VFbL._SL75_.jpg","Width":75}}},"ItemInfo":{"ByLineInfo":{"Brand":{"DisplayValue":"VIVIIHOO","Label":"Brand","Locale":"es_ES"},"Manufacturer":{"DisplayValue":"YML-QXW0036","Label":"Manufacturer","Locale":"es_ES"}},"Title":{"DisplayValue":"VIVIIHOO Atomizador de perfume 5ml 30pcs Mini botella de spray atomizador de bolsillo Recipiente de muestra Perfume Decantación sobre la marcha - ¡Perfecto para viajar!","Label":"Title","Locale":"es_ES"}},"Offers":{"Summaries":[{"Condition":{"Value":"New"},"LowestPrice":{"Amount":10.99,"Currency":"EUR","DisplayAmount":"10,99 €"}}]}},{"ASIN":"B0BZKZLDBG","DetailPageURL":"https://www.amazon.es/dp/B0BZKZLDBG?tag=topinalambricos-21&linkCode=osi&th=1&psc=1","Images":{"Primary":{"Small":{"Height":75,"URL":"https://m.media-amazon.com/images/I/31Kv-FpPrVL._SL75_.jpg","Width":75}}},"ItemInfo":{"ByLineInfo":{"Brand":{"DisplayValue":"Colexy","Label":"Brand","Locale":"es_ES"},"Manufacturer":{"DisplayValue":"Colexy","Label":"Manufacturer","Locale":"es_ES"}},"Title":{"DisplayValue":"Atomizador Perfume Recargable, 5ML Perfume Atomizador, Spray de Perfume Portátil, Mini Botella de Perfume, Perfumador Dispensador de Viaje, Botella Vacío Pulverizador Viaje (Plata)","Label":"Title","Locale":"es_ES"}},"Offers":{"Summaries":[{"Condition":{"Value":"New"},"LowestPrice":{"Amount":9.99,"Currency":"EUR","DisplayAmount":"9,99 €"}}]}},{"ASIN":"B09YY8H7J2","DetailPageURL":"https://www.amazon.es/dp/B09YY8H7J2?tag=topinalambricos-21&linkCode=osi&th=1&psc=1","Images":{"Primary":{"Small":{"Height":75,"URL":"https://m.media-amazon.com/images/I/41eKy4GKHUL._SL75_.jpg","Width":75}}},"ItemInfo":{"ByLineInfo":{"Brand":{"DisplayValue":"SSyang","Label":"Brand","Locale":"es_ES"},"Manufacturer":{"DisplayValue":"SSyang","Label":"Manufacturer","Locale":"es_ES"}},"Title":{"DisplayValue":"SSyang 10ML Porta Perfume de Viaje,2 Piezas Atomizador Perfume Recargable Dispensador de Perfume Portátil Mini Portátil Atomizador,para Viaje Bolso Mano Bolsillo Equipaje","Label":"Title","Locale":"es_ES"}},"Offers":{"Summaries":[{"Condition":{"Value":"New"},"LowestPrice":{"Amount":11.99,"Currency":"EUR","DisplayAmount":"11,99 €"}}]}},{"ASIN":"B0C2HSJ7KZ","DetailPageURL":"https://www.amazon.es/dp/B0C2HSJ7KZ?tag=topinalambricos-21&linkCode=osi&th=1&psc=1","Images":{"Primary":{"Small":{"Height":75,"URL":"https://m.media-amazon.com/images/I/41fNxffZZyL._SL75_.jpg","Width":75}}},"ItemInfo":{"ByLineInfo":{"Brand":{"DisplayValue":"IOSPKKIO","Label":"Brand","Locale":"es_ES"},"Manufacturer":{"DisplayValue":"IOSPKKIO","Label":"Manufacturer","Locale":"es_ES"}},"Title":{"DisplayValue":"IOSPKKIO® Atomizador de Perfume Recargables atomizador portátil Mini pulverizador de Bolsillo para Viajes 5 ml dispensador de Perfume de Piel de, Portátil y Duradero","Label":"Title","Locale":"es_ES"}},"Offers":{"Summaries":[{"Condition":{"Value":"New"},"LowestPrice":{"Amount":12.99,"Currency":"EUR","DisplayAmount":"12,99 €"}}]}},{"ASIN":"B0C5LK6GGN","DetailPageURL":"https://www.amazon.es/dp/B0C5LK6GGN?tag=topinalambricos-21&linkCode=osi&th=1&psc=1","Images":{"Primary":{"Small":{"Height":75,"URL":"https://m.media-amazon.com/images/I/41kz6NAQ6rL._SL75_.jpg","Width":75}}},"ItemInfo":{"ByLineInfo":{"Brand":{"DisplayValue":"Hanmir","Label":"Brand","Locale":"es_ES"},"Manufacturer":{"DisplayValue":"hanmir","Label":"Manufacturer","Locale":"es_ES"}},"Title":{"DisplayValue":"Hanmir Pulverizador de Perfume, 5pcs 8ml Pulverizador de Perfume Recargable Atomizador de Perfume Mini Botella Pulverizadora Portátil para Atomizador de Bolsillo","Label":"Title","Locale":"es_ES"}},"Offers":{"Summaries":[{"Condition":{"Value":"New"},"LowestPrice":{"Amount":18.99,"Currency":"EUR","DisplayAmount":"18,99 €"}}]}},{"ASIN":"B08LY4RBBC","DetailPageURL":"https://www.amazon.es/dp/B08LY4RBBC?tag=topinalambricos-21&linkCode=osi&th=1&psc=1","Images":{"Primary":{"Small":{"Height":56,"URL":"https://m.media-amazon.com/images/I/41QAmjr6ClL._SL75_.jpg","Width":75}}},"ItemInfo":{"ByLineInfo":{"Brand":{"DisplayValue":"Dicora UrbanFit","Label":"Brand","Locale":"es_ES"},"Manufacturer":{"DisplayValue":"Nuvaria Global SL","Label":"Manufacturer","Locale":"es_ES"}},"Title":{"DisplayValue":"Caja 12 sprays hidroalcohólicos para desinfectar las manos formato bolsillo. Aroma Aloe Vera. Caja 12 botes 75 ml rápido secado sin aclarado","Label":"Title","Locale":"es_ES"}},"Offers":{"Summaries":[{"Condition":{"Value":"New"},"LowestPrice":{"Amount":25.89,"Currency":"EUR","DisplayAmount":"25,89 €"}}]}},{"ASIN":"B0733PFDNJ","DetailPageURL":"https://www.amazon.es/dp/B0733PFDNJ?tag=topinalambricos-21&linkCode=osi&th=1&psc=1","Images":{"Primary":{"Small":{"Height":75,"URL":"https://m.media-amazon.com/images/I/41UudFt9I3L._SL75_.jpg","Width":75}}},"ItemInfo":{"ByLineInfo":{"Brand":{"DisplayValue":"AVON","Label":"Brand","Locale":"es_ES"},"Manufacturer":{"DisplayValue":"Avon","Label":"Manufacturer","Locale":"es_ES"}},"Title":{"DisplayValue":"Avon Set de 5 espray de perfume floral/duradero","Label":"Title","Locale":"es_ES"}},"Offers":{"Summaries":[{"Condition":{"Value":"New"},"LowestPrice":{"Amount":29.99,"Currency":"EUR","DisplayAmount":"29,99 € (599,80 € / l)","PricePerUnit":599.8}}]}}],"SearchURL":"https://www.amazon.es/s?k=bolsillo&rh=n%3A6397798031%2Cp_n_availability%3A-1&tag=topinalambricos-21&linkCode=osi","TotalResultCount":1000}},"19":{"SearchResult":{"Items":[{"ASIN":"B0CHSGBF7F","DetailPageURL":"https://www.amazon.es/dp/B0CHSGBF7F?tag=topinalambricos-21&linkCode=osi&th=1&psc=1","Images":{"Primary":{"Small":{"Height":75,"URL":"https://m.media-amazon.com/images/I/51Xnn7fKW9L._SL75_.jpg","Width":73}}},"ItemInfo":{"ByLineInfo":{"Brand":{"DisplayValue":"ETISEN","Label":"Brand","Locale":"es_ES"},"Manufacturer":{"DisplayValue":"china","Label":"Manufacturer","Locale":"es_ES"}},"Title":{"DisplayValue":"ETISEN, 5 PCS 5ML Atomizador Perfume Recargable, Mini botella rociadora portátil, Pulverizador colonia recargable, perfume miniatura sin fugas, frasco. Ideal para salir de fiesta, viajar, citas.","Label":"Title","Locale":"es_ES"}},"Offers":{"Summaries":[{"Condition":{"Value":"New"},"LowestPrice":{"Amount":7.39,"Currency":"EUR","DisplayAmount":"7,39 €"}}]}},{"ASIN":"B0CFW2YVZ7","DetailPageURL":"https://www.amazon.es/dp/B0CFW2YVZ7?tag=topinalambricos-21&linkCode=osi&th=1&psc=1","Images":{"Primary":{"Small":{"Height":75,"URL":"https://m.media-amazon.com/images/I/41vHs2TAnkL._SL75_.jpg","Width":75}}},"ItemInfo":{"ByLineInfo":{"Brand":{"DisplayValue":"R#N","Label":"Brand","Locale":"es_ES"},"Manufacturer":{"DisplayValue":"R#N","Label":"Manufacturer","Locale":"es_ES"}},"Title":{"DisplayValue":"R#N 8PCS 5ML Atomizador Perfume Recargable, Dispensador Perfume Viaje, Frasco Perfume Recargable, Pulverizador Colonia, Porta Perfume Dosificador Recargable (4)","Label":"Title","Locale":"es_ES"}},"Offers":{"Summaries":[{"Condition":{"Value":"New"},"LowestPrice":{"Amount":6.99,"Currency":"EUR","DisplayAmount":"6,99 €"}}]}},{"ASIN":"B0CFZS79Q9","DetailPageURL":"https://www.amazon.es/dp/B0CFZS79Q9?tag=topinalambricos-21&linkCode=osi&th=1&psc=1","Images":{"Primary":{"Small":{"Height":72,"URL":"https://m.media-amazon.com/images/I/51IJUFZ+PML._SL75_.jpg","Width":75}}},"ItemInfo":{"ByLineInfo":{"Brand":{"DisplayValue":"NAYAINOVA","Label":"Brand","Locale":"es_ES"},"Manufacturer":{"DisplayValue":"NAYAINOVA","Label":"Manufacturer","Locale":"es_ES"}},"Title":{"DisplayValue":"NAYAINOVA Atomizador Perfume Recargable 5ML, Mini Botella Rociadora Portátil, Bote Spray Pulverizador Colonia Viaje Rellenable, Perfumadores de Bolso, Bote Rellenable Perfume Viaje","Label":"Title","Locale":"es_ES"}},"Offers":{"Summaries":[{"Condition":{"Value":"New"},"LowestPrice":{"Amount":6.99,"Currency":"EUR","DisplayAmount":"6,99 €"}}]}},{"ASIN":"B0CJV4YBVZ","DetailPageURL":"https://www.amazon.es/dp/B0CJV4YBVZ?tag=topinalambricos-21&linkCode=osi&th=1&psc=1","Images":{"Primary":{"Small":{"Height":75,"URL":"https://m.media-amazon.com/images/I/41lam02VFbL._SL75_.jpg","Width":75}}},"ItemInfo":{"ByLineInfo":{"Brand":{"DisplayValue":"VIVIIHOO","Label":"Brand","Locale":"es_ES"},"Manufacturer":{"DisplayValue":"YML-QXW0036","Label":"Manufacturer","Locale":"es_ES"}},"Title":{"DisplayValue":"VIVIIHOO Atomizador de perfume 5ml 30pcs Mini botella de spray atomizador de bolsillo Recipiente de muestra Perfume Decantación sobre la marcha - ¡Perfecto para viajar!","Label":"Title","Locale":"es_ES"}},"Offers":{"Summaries":[{"Condition":{"Value":"New"},"LowestPrice":{"Amount":10.99,"Currency":"EUR","DisplayAmount":"10,99 €"}}]}},{"ASIN":"B0BZKZLDBG","DetailPageURL":"https://www.amazon.es/dp/B0BZKZLDBG?tag=topinalambricos-21&linkCode=osi&th=1&psc=1","Images":{"Primary":{"Small":{"Height":75,"URL":"https://m.media-amazon.com/images/I/31Kv-FpPrVL._SL75_.jpg","Width":75}}},"ItemInfo":{"ByLineInfo":{"Brand":{"DisplayValue":"Colexy","Label":"Brand","Locale":"es_ES"},"Manufacturer":{"DisplayValue":"Colexy","Label":"Manufacturer","Locale":"es_ES"}},"Title":{"DisplayValue":"Atomizador Perfume Recargable, 5ML Perfume Atomizador, Spray de Perfume Portátil, Mini Botella de Perfume, Perfumador Dispensador de Viaje, Botella Vacío Pulverizador Viaje (Plata)","Label":"Title","Locale":"es_ES"}},"Offers":{"Summaries":[{"Condition":{"Value":"New"},"LowestPrice":{"Amount":9.99,"Currency":"EUR","DisplayAmount":"9,99 €"}}]}},{"ASIN":"B09YY8H7J2","DetailPageURL":"https://www.amazon.es/dp/B09YY8H7J2?tag=topinalambricos-21&linkCode=osi&th=1&psc=1","Images":{"Primary":{"Small":{"Height":75,"URL":"https://m.media-amazon.com/images/I/41eKy4GKHUL._SL75_.jpg","Width":75}}},"ItemInfo":{"ByLineInfo":{"Brand":{"DisplayValue":"SSyang","Label":"Brand","Locale":"es_ES"},"Manufacturer":{"DisplayValue":"SSyang","Label":"Manufacturer","Locale":"es_ES"}},"Title":{"DisplayValue":"SSyang 10ML Porta Perfume de Viaje,2 Piezas Atomizador Perfume Recargable Dispensador de Perfume Portátil Mini Portátil Atomizador,para Viaje Bolso Mano Bolsillo Equipaje","Label":"Title","Locale":"es_ES"}},"Offers":{"Summaries":[{"Condition":{"Value":"New"},"LowestPrice":{"Amount":11.99,"Currency":"EUR","DisplayAmount":"11,99 €"}}]}},{"ASIN":"B0C2HSJ7KZ","DetailPageURL":"https://www.amazon.es/dp/B0C2HSJ7KZ?tag=topinalambricos-21&linkCode=osi&th=1&psc=1","Images":{"Primary":{"Small":{"Height":75,"URL":"https://m.media-amazon.com/images/I/41fNxffZZyL._SL75_.jpg","Width":75}}},"ItemInfo":{"ByLineInfo":{"Brand":{"DisplayValue":"IOSPKKIO","Label":"Brand","Locale":"es_ES"},"Manufacturer":{"DisplayValue":"IOSPKKIO","Label":"Manufacturer","Locale":"es_ES"}},"Title":{"DisplayValue":"IOSPKKIO® Atomizador de Perfume Recargables atomizador portátil Mini pulverizador de Bolsillo para Viajes 5 ml dispensador de Perfume de Piel de, Portátil y Duradero","Label":"Title","Locale":"es_ES"}},"Offers":{"Summaries":[{"Condition":{"Value":"New"},"LowestPrice":{"Amount":12.99,"Currency":"EUR","DisplayAmount":"12,99 €"}}]}},{"ASIN":"B0C5LK6GGN","DetailPageURL":"https://www.amazon.es/dp/B0C5LK6GGN?tag=topinalambricos-21&linkCode=osi&th=1&psc=1","Images":{"Primary":{"Small":{"Height":75,"URL":"https://m.media-amazon.com/images/I/41kz6NAQ6rL._SL75_.jpg","Width":75}}},"ItemInfo":{"ByLineInfo":{"Brand":{"DisplayValue":"Hanmir","Label":"Brand","Locale":"es_ES"},"Manufacturer":{"DisplayValue":"hanmir","Label":"Manufacturer","Locale":"es_ES"}},"Title":{"DisplayValue":"Hanmir Pulverizador de Perfume, 5pcs 8ml Pulverizador de Perfume Recargable Atomizador de Perfume Mini Botella Pulverizadora Portátil para Atomizador de Bolsillo","Label":"Title","Locale":"es_ES"}},"Offers":{"Summaries":[{"Condition":{"Value":"New"},"LowestPrice":{"Amount":18.99,"Currency":"EUR","DisplayAmount":"18,99 €"}}]}},{"ASIN":"B08LY4RBBC","DetailPageURL":"https://www.amazon.es/dp/B08LY4RBBC?tag=topinalambricos-21&linkCode=osi&th=1&psc=1","Images":{"Primary":{"Small":{"Height":56,"URL":"https://m.media-amazon.com/images/I/41QAmjr6ClL._SL75_.jpg","Width":75}}},"ItemInfo":{"ByLineInfo":{"Brand":{"DisplayValue":"Dicora UrbanFit","Label":"Brand","Locale":"es_ES"},"Manufacturer":{"DisplayValue":"Nuvaria Global SL","Label":"Manufacturer","Locale":"es_ES"}},"Title":{"DisplayValue":"Caja 12 sprays hidroalcohólicos para desinfectar las manos formato bolsillo. Aroma Aloe Vera. Caja 12 botes 75 ml rápido secado sin aclarado","Label":"Title","Locale":"es_ES"}},"Offers":{"Summaries":[{"Condition":{"Value":"New"},"LowestPrice":{"Amount":25.89,"Currency":"EUR","DisplayAmount":"25,89 €"}}]}},{"ASIN":"B0733PFDNJ","DetailPageURL":"https://www.amazon.es/dp/B0733PFDNJ?tag=topinalambricos-21&linkCode=osi&th=1&psc=1","Images":{"Primary":{"Small":{"Height":75,"URL":"https://m.media-amazon.com/images/I/41UudFt9I3L._SL75_.jpg","Width":75}}},"ItemInfo":{"ByLineInfo":{"Brand":{"DisplayValue":"AVON","Label":"Brand","Locale":"es_ES"},"Manufacturer":{"DisplayValue":"Avon","Label":"Manufacturer","Locale":"es_ES"}},"Title":{"DisplayValue":"Avon Set de 5 espray de perfume floral/duradero","Label":"Title","Locale":"es_ES"}},"Offers":{"Summaries":[{"Condition":{"Value":"New"},"LowestPrice":{"Amount":29.99,"Currency":"EUR","DisplayAmount":"29,99 € (599,80 € / l)","PricePerUnit":599.8}}]}}],"SearchURL":"https://www.amazon.es/s?k=bolsillo&rh=n%3A6397798031%2Cp_n_availability%3A-1&tag=topinalambricos-21&linkCode=osi","TotalResultCount":1000}},"20":{"SearchResult":{"Items":[{"ASIN":"B0CHSGBF7F","DetailPageURL":"https://www.amazon.es/dp/B0CHSGBF7F?tag=topinalambricos-21&linkCode=osi&th=1&psc=1","Images":{"Primary":{"Small":{"Height":75,"URL":"https://m.media-amazon.com/images/I/51Xnn7fKW9L._SL75_.jpg","Width":73}}},"ItemInfo":{"ByLineInfo":{"Brand":{"DisplayValue":"ETISEN","Label":"Brand","Locale":"es_ES"},"Manufacturer":{"DisplayValue":"china","Label":"Manufacturer","Locale":"es_ES"}},"Title":{"DisplayValue":"ETISEN, 5 PCS 5ML Atomizador Perfume Recargable, Mini botella rociadora portátil, Pulverizador colonia recargable, perfume miniatura sin fugas, frasco. Ideal para salir de fiesta, viajar, citas.","Label":"Title","Locale":"es_ES"}},"Offers":{"Summaries":[{"Condition":{"Value":"New"},"LowestPrice":{"Amount":7.39,"Currency":"EUR","DisplayAmount":"7,39 €"}}]}},{"ASIN":"B0CFW2YVZ7","DetailPageURL":"https://www.amazon.es/dp/B0CFW2YVZ7?tag=topinalambricos-21&linkCode=osi&th=1&psc=1","Images":{"Primary":{"Small":{"Height":75,"URL":"https://m.media-amazon.com/images/I/41vHs2TAnkL._SL75_.jpg","Width":75}}},"ItemInfo":{"ByLineInfo":{"Brand":{"DisplayValue":"R#N","Label":"Brand","Locale":"es_ES"},"Manufacturer":{"DisplayValue":"R#N","Label":"Manufacturer","Locale":"es_ES"}},"Title":{"DisplayValue":"R#N 8PCS 5ML Atomizador Perfume Recargable, Dispensador Perfume Viaje, Frasco Perfume Recargable, Pulverizador Colonia, Porta Perfume Dosificador Recargable (4)","Label":"Title","Locale":"es_ES"}},"Offers":{"Summaries":[{"Condition":{"Value":"New"},"LowestPrice":{"Amount":6.99,"Currency":"EUR","DisplayAmount":"6,99 €"}}]}},{"ASIN":"B0CFZS79Q9","DetailPageURL":"https://www.amazon.es/dp/B0CFZS79Q9?tag=topinalambricos-21&linkCode=osi&th=1&psc=1","Images":{"Primary":{"Small":{"Height":72,"URL":"https://m.media-amazon.com/images/I/51IJUFZ+PML._SL75_.jpg","Width":75}}},"ItemInfo":{"ByLineInfo":{"Brand":{"DisplayValue":"NAYAINOVA","Label":"Brand","Locale":"es_ES"},"Manufacturer":{"DisplayValue":"NAYAINOVA","Label":"Manufacturer","Locale":"es_ES"}},"Title":{"DisplayValue":"NAYAINOVA Atomizador Perfume Recargable 5ML, Mini Botella Rociadora Portátil, Bote Spray Pulverizador Colonia Viaje Rellenable, Perfumadores de Bolso, Bote Rellenable Perfume Viaje","Label":"Title","Locale":"es_ES"}},"Offers":{"Summaries":[{"Condition":{"Value":"New"},"LowestPrice":{"Amount":6.99,"Currency":"EUR","DisplayAmount":"6,99 €"}}]}},{"ASIN":"B0CJV4YBVZ","DetailPageURL":"https://www.amazon.es/dp/B0CJV4YBVZ?tag=topinalambricos-21&linkCode=osi&th=1&psc=1","Images":{"Primary":{"Small":{"Height":75,"URL":"https://m.media-amazon.com/images/I/41lam02VFbL._SL75_.jpg","Width":75}}},"ItemInfo":{"ByLineInfo":{"Brand":{"DisplayValue":"VIVIIHOO","Label":"Brand","Locale":"es_ES"},"Manufacturer":{"DisplayValue":"YML-QXW0036","Label":"Manufacturer","Locale":"es_ES"}},"Title":{"DisplayValue":"VIVIIHOO Atomizador de perfume 5ml 30pcs Mini botella de spray atomizador de bolsillo Recipiente de muestra Perfume Decantación sobre la marcha - ¡Perfecto para viajar!","Label":"Title","Locale":"es_ES"}},"Offers":{"Summaries":[{"Condition":{"Value":"New"},"LowestPrice":{"Amount":10.99,"Currency":"EUR","DisplayAmount":"10,99 €"}}]}},{"ASIN":"B0BZKZLDBG","DetailPageURL":"https://www.amazon.es/dp/B0BZKZLDBG?tag=topinalambricos-21&linkCode=osi&th=1&psc=1","Images":{"Primary":{"Small":{"Height":75,"URL":"https://m.media-amazon.com/images/I/31Kv-FpPrVL._SL75_.jpg","Width":75}}},"ItemInfo":{"ByLineInfo":{"Brand":{"DisplayValue":"Colexy","Label":"Brand","Locale":"es_ES"},"Manufacturer":{"DisplayValue":"Colexy","Label":"Manufacturer","Locale":"es_ES"}},"Title":{"DisplayValue":"Atomizador Perfume Recargable, 5ML Perfume Atomizador, Spray de Perfume Portátil, Mini Botella de Perfume, Perfumador Dispensador de Viaje, Botella Vacío Pulverizador Viaje (Plata)","Label":"Title","Locale":"es_ES"}},"Offers":{"Summaries":[{"Condition":{"Value":"New"},"LowestPrice":{"Amount":9.99,"Currency":"EUR","DisplayAmount":"9,99 €"}}]}},{"ASIN":"B09YY8H7J2","DetailPageURL":"https://www.amazon.es/dp/B09YY8H7J2?tag=topinalambricos-21&linkCode=osi&th=1&psc=1","Images":{"Primary":{"Small":{"Height":75,"URL":"https://m.media-amazon.com/images/I/41eKy4GKHUL._SL75_.jpg","Width":75}}},"ItemInfo":{"ByLineInfo":{"Brand":{"DisplayValue":"SSyang","Label":"Brand","Locale":"es_ES"},"Manufacturer":{"DisplayValue":"SSyang","Label":"Manufacturer","Locale":"es_ES"}},"Title":{"DisplayValue":"SSyang 10ML Porta Perfume de Viaje,2 Piezas Atomizador Perfume Recargable Dispensador de Perfume Portátil Mini Portátil Atomizador,para Viaje Bolso Mano Bolsillo Equipaje","Label":"Title","Locale":"es_ES"}},"Offers":{"Summaries":[{"Condition":{"Value":"New"},"LowestPrice":{"Amount":11.99,"Currency":"EUR","DisplayAmount":"11,99 €"}}]}},{"ASIN":"B0C2HSJ7KZ","DetailPageURL":"https://www.amazon.es/dp/B0C2HSJ7KZ?tag=topinalambricos-21&linkCode=osi&th=1&psc=1","Images":{"Primary":{"Small":{"Height":75,"URL":"https://m.media-amazon.com/images/I/41fNxffZZyL._SL75_.jpg","Width":75}}},"ItemInfo":{"ByLineInfo":{"Brand":{"DisplayValue":"IOSPKKIO","Label":"Brand","Locale":"es_ES"},"Manufacturer":{"DisplayValue":"IOSPKKIO","Label":"Manufacturer","Locale":"es_ES"}},"Title":{"DisplayValue":"IOSPKKIO® Atomizador de Perfume Recargables atomizador portátil Mini pulverizador de Bolsillo para Viajes 5 ml dispensador de Perfume de Piel de, Portátil y Duradero","Label":"Title","Locale":"es_ES"}},"Offers":{"Summaries":[{"Condition":{"Value":"New"},"LowestPrice":{"Amount":12.99,"Currency":"EUR","DisplayAmount":"12,99 €"}}]}},{"ASIN":"B0C5LK6GGN","DetailPageURL":"https://www.amazon.es/dp/B0C5LK6GGN?tag=topinalambricos-21&linkCode=osi&th=1&psc=1","Images":{"Primary":{"Small":{"Height":75,"URL":"https://m.media-amazon.com/images/I/41kz6NAQ6rL._SL75_.jpg","Width":75}}},"ItemInfo":{"ByLineInfo":{"Brand":{"DisplayValue":"Hanmir","Label":"Brand","Locale":"es_ES"},"Manufacturer":{"DisplayValue":"hanmir","Label":"Manufacturer","Locale":"es_ES"}},"Title":{"DisplayValue":"Hanmir Pulverizador de Perfume, 5pcs 8ml Pulverizador de Perfume Recargable Atomizador de Perfume Mini Botella Pulverizadora Portátil para Atomizador de Bolsillo","Label":"Title","Locale":"es_ES"}},"Offers":{"Summaries":[{"Condition":{"Value":"New"},"LowestPrice":{"Amount":18.99,"Currency":"EUR","DisplayAmount":"18,99 €"}}]}},{"ASIN":"B08LY4RBBC","DetailPageURL":"https://www.amazon.es/dp/B08LY4RBBC?tag=topinalambricos-21&linkCode=osi&th=1&psc=1","Images":{"Primary":{"Small":{"Height":56,"URL":"https://m.media-amazon.com/images/I/41QAmjr6ClL._SL75_.jpg","Width":75}}},"ItemInfo":{"ByLineInfo":{"Brand":{"DisplayValue":"Dicora UrbanFit","Label":"Brand","Locale":"es_ES"},"Manufacturer":{"DisplayValue":"Nuvaria Global SL","Label":"Manufacturer","Locale":"es_ES"}},"Title":{"DisplayValue":"Caja 12 sprays hidroalcohólicos para desinfectar las manos formato bolsillo. Aroma Aloe Vera. Caja 12 botes 75 ml rápido secado sin aclarado","Label":"Title","Locale":"es_ES"}},"Offers":{"Summaries":[{"Condition":{"Value":"New"},"LowestPrice":{"Amount":25.89,"Currency":"EUR","DisplayAmount":"25,89 €"}}]}},{"ASIN":"B0733PFDNJ","DetailPageURL":"https://www.amazon.es/dp/B0733PFDNJ?tag=topinalambricos-21&linkCode=osi&th=1&psc=1","Images":{"Primary":{"Small":{"Height":75,"URL":"https://m.media-amazon.com/images/I/41UudFt9I3L._SL75_.jpg","Width":75}}},"ItemInfo":{"ByLineInfo":{"Brand":{"DisplayValue":"AVON","Label":"Brand","Locale":"es_ES"},"Manufacturer":{"DisplayValue":"Avon","Label":"Manufacturer","Locale":"es_ES"}},"Title":{"DisplayValue":"Avon Set de 5 espray de perfume floral/duradero","Label":"Title","Locale":"es_ES"}},"Offers":{"Summaries":[{"Condition":{"Value":"New"},"LowestPrice":{"Amount":29.99,"Currency":"EUR","DisplayAmount":"29,99 € (599,80 € / l)","PricePerUnit":599.8}}]}}],"SearchURL":"https://www.amazon.es/s?k=bolsillo&rh=n%3A6397798031%2Cp_n_availability%3A-1&tag=topinalambricos-21&linkCode=osi","TotalResultCount":1000}},"21":{"SearchResult":{"Items":[{"ASIN":"B0CHSGBF7F","DetailPageURL":"https://www.amazon.es/dp/B0CHSGBF7F?tag=topinalambricos-21&linkCode=osi&th=1&psc=1","Images":{"Primary":{"Small":{"Height":75,"URL":"https://m.media-amazon.com/images/I/51Xnn7fKW9L._SL75_.jpg","Width":73}}},"ItemInfo":{"ByLineInfo":{"Brand":{"DisplayValue":"ETISEN","Label":"Brand","Locale":"es_ES"},"Manufacturer":{"DisplayValue":"china","Label":"Manufacturer","Locale":"es_ES"}},"Title":{"DisplayValue":"ETISEN, 5 PCS 5ML Atomizador Perfume Recargable, Mini botella rociadora portátil, Pulverizador colonia recargable, perfume miniatura sin fugas, frasco. Ideal para salir de fiesta, viajar, citas.","Label":"Title","Locale":"es_ES"}},"Offers":{"Summaries":[{"Condition":{"Value":"New"},"LowestPrice":{"Amount":7.39,"Currency":"EUR","DisplayAmount":"7,39 €"}}]}},{"ASIN":"B0CFW2YVZ7","DetailPageURL":"https://www.amazon.es/dp/B0CFW2YVZ7?tag=topinalambricos-21&linkCode=osi&th=1&psc=1","Images":{"Primary":{"Small":{"Height":75,"URL":"https://m.media-amazon.com/images/I/41vHs2TAnkL._SL75_.jpg","Width":75}}},"ItemInfo":{"ByLineInfo":{"Brand":{"DisplayValue":"R#N","Label":"Brand","Locale":"es_ES"},"Manufacturer":{"DisplayValue":"R#N","Label":"Manufacturer","Locale":"es_ES"}},"Title":{"DisplayValue":"R#N 8PCS 5ML Atomizador Perfume Recargable, Dispensador Perfume Viaje, Frasco Perfume Recargable, Pulverizador Colonia, Porta Perfume Dosificador Recargable (4)","Label":"Title","Locale":"es_ES"}},"Offers":{"Summaries":[{"Condition":{"Value":"New"},"LowestPrice":{"Amount":6.99,"Currency":"EUR","DisplayAmount":"6,99 €"}}]}},{"ASIN":"B0CFZS79Q9","DetailPageURL":"https://www.amazon.es/dp/B0CFZS79Q9?tag=topinalambricos-21&linkCode=osi&th=1&psc=1","Images":{"Primary":{"Small":{"Height":72,"URL":"https://m.media-amazon.com/images/I/51IJUFZ+PML._SL75_.jpg","Width":75}}},"ItemInfo":{"ByLineInfo":{"Brand":{"DisplayValue":"NAYAINOVA","Label":"Brand","Locale":"es_ES"},"Manufacturer":{"DisplayValue":"NAYAINOVA","Label":"Manufacturer","Locale":"es_ES"}},"Title":{"DisplayValue":"NAYAINOVA Atomizador Perfume Recargable 5ML, Mini Botella Rociadora Portátil, Bote Spray Pulverizador Colonia Viaje Rellenable, Perfumadores de Bolso, Bote Rellenable Perfume Viaje","Label":"Title","Locale":"es_ES"}},"Offers":{"Summaries":[{"Condition":{"Value":"New"},"LowestPrice":{"Amount":6.99,"Currency":"EUR","DisplayAmount":"6,99 €"}}]}},{"ASIN":"B0CJV4YBVZ","DetailPageURL":"https://www.amazon.es/dp/B0CJV4YBVZ?tag=topinalambricos-21&linkCode=osi&th=1&psc=1","Images":{"Primary":{"Small":{"Height":75,"URL":"https://m.media-amazon.com/images/I/41lam02VFbL._SL75_.jpg","Width":75}}},"ItemInfo":{"ByLineInfo":{"Brand":{"DisplayValue":"VIVIIHOO","Label":"Brand","Locale":"es_ES"},"Manufacturer":{"DisplayValue":"YML-QXW0036","Label":"Manufacturer","Locale":"es_ES"}},"Title":{"DisplayValue":"VIVIIHOO Atomizador de perfume 5ml 30pcs Mini botella de spray atomizador de bolsillo Recipiente de muestra Perfume Decantación sobre la marcha - ¡Perfecto para viajar!","Label":"Title","Locale":"es_ES"}},"Offers":{"Summaries":[{"Condition":{"Value":"New"},"LowestPrice":{"Amount":10.99,"Currency":"EUR","DisplayAmount":"10,99 €"}}]}},{"ASIN":"B0BZKZLDBG","DetailPageURL":"https://www.amazon.es/dp/B0BZKZLDBG?tag=topinalambricos-21&linkCode=osi&th=1&psc=1","Images":{"Primary":{"Small":{"Height":75,"URL":"https://m.media-amazon.com/images/I/31Kv-FpPrVL._SL75_.jpg","Width":75}}},"ItemInfo":{"ByLineInfo":{"Brand":{"DisplayValue":"Colexy","Label":"Brand","Locale":"es_ES"},"Manufacturer":{"DisplayValue":"Colexy","Label":"Manufacturer","Locale":"es_ES"}},"Title":{"DisplayValue":"Atomizador Perfume Recargable, 5ML Perfume Atomizador, Spray de Perfume Portátil, Mini Botella de Perfume, Perfumador Dispensador de Viaje, Botella Vacío Pulverizador Viaje (Plata)","Label":"Title","Locale":"es_ES"}},"Offers":{"Summaries":[{"Condition":{"Value":"New"},"LowestPrice":{"Amount":9.99,"Currency":"EUR","DisplayAmount":"9,99 €"}}]}},{"ASIN":"B09YY8H7J2","DetailPageURL":"https://www.amazon.es/dp/B09YY8H7J2?tag=topinalambricos-21&linkCode=osi&th=1&psc=1","Images":{"Primary":{"Small":{"Height":75,"URL":"https://m.media-amazon.com/images/I/41eKy4GKHUL._SL75_.jpg","Width":75}}},"ItemInfo":{"ByLineInfo":{"Brand":{"DisplayValue":"SSyang","Label":"Brand","Locale":"es_ES"},"Manufacturer":{"DisplayValue":"SSyang","Label":"Manufacturer","Locale":"es_ES"}},"Title":{"DisplayValue":"SSyang 10ML Porta Perfume de Viaje,2 Piezas Atomizador Perfume Recargable Dispensador de Perfume Portátil Mini Portátil Atomizador,para Viaje Bolso Mano Bolsillo Equipaje","Label":"Title","Locale":"es_ES"}},"Offers":{"Summaries":[{"Condition":{"Value":"New"},"LowestPrice":{"Amount":11.99,"Currency":"EUR","DisplayAmount":"11,99 €"}}]}},{"ASIN":"B0C2HSJ7KZ","DetailPageURL":"https://www.amazon.es/dp/B0C2HSJ7KZ?tag=topinalambricos-21&linkCode=osi&th=1&psc=1","Images":{"Primary":{"Small":{"Height":75,"URL":"https://m.media-amazon.com/images/I/41fNxffZZyL._SL75_.jpg","Width":75}}},"ItemInfo":{"ByLineInfo":{"Brand":{"DisplayValue":"IOSPKKIO","Label":"Brand","Locale":"es_ES"},"Manufacturer":{"DisplayValue":"IOSPKKIO","Label":"Manufacturer","Locale":"es_ES"}},"Title":{"DisplayValue":"IOSPKKIO® Atomizador de Perfume Recargables atomizador portátil Mini pulverizador de Bolsillo para Viajes 5 ml dispensador de Perfume de Piel de, Portátil y Duradero","Label":"Title","Locale":"es_ES"}},"Offers":{"Summaries":[{"Condition":{"Value":"New"},"LowestPrice":{"Amount":12.99,"Currency":"EUR","DisplayAmount":"12,99 €"}}]}},{"ASIN":"B0C5LK6GGN","DetailPageURL":"https://www.amazon.es/dp/B0C5LK6GGN?tag=topinalambricos-21&linkCode=osi&th=1&psc=1","Images":{"Primary":{"Small":{"Height":75,"URL":"https://m.media-amazon.com/images/I/41kz6NAQ6rL._SL75_.jpg","Width":75}}},"ItemInfo":{"ByLineInfo":{"Brand":{"DisplayValue":"Hanmir","Label":"Brand","Locale":"es_ES"},"Manufacturer":{"DisplayValue":"hanmir","Label":"Manufacturer","Locale":"es_ES"}},"Title":{"DisplayValue":"Hanmir Pulverizador de Perfume, 5pcs 8ml Pulverizador de Perfume Recargable Atomizador de Perfume Mini Botella Pulverizadora Portátil para Atomizador de Bolsillo","Label":"Title","Locale":"es_ES"}},"Offers":{"Summaries":[{"Condition":{"Value":"New"},"LowestPrice":{"Amount":18.99,"Currency":"EUR","DisplayAmount":"18,99 €"}}]}},{"ASIN":"B08LY4RBBC","DetailPageURL":"https://www.amazon.es/dp/B08LY4RBBC?tag=topinalambricos-21&linkCode=osi&th=1&psc=1","Images":{"Primary":{"Small":{"Height":56,"URL":"https://m.media-amazon.com/images/I/41QAmjr6ClL._SL75_.jpg","Width":75}}},"ItemInfo":{"ByLineInfo":{"Brand":{"DisplayValue":"Dicora UrbanFit","Label":"Brand","Locale":"es_ES"},"Manufacturer":{"DisplayValue":"Nuvaria Global SL","Label":"Manufacturer","Locale":"es_ES"}},"Title":{"DisplayValue":"Caja 12 sprays hidroalcohólicos para desinfectar las manos formato bolsillo. Aroma Aloe Vera. Caja 12 botes 75 ml rápido secado sin aclarado","Label":"Title","Locale":"es_ES"}},"Offers":{"Summaries":[{"Condition":{"Value":"New"},"LowestPrice":{"Amount":25.89,"Currency":"EUR","DisplayAmount":"25,89 €"}}]}},{"ASIN":"B0733PFDNJ","DetailPageURL":"https://www.amazon.es/dp/B0733PFDNJ?tag=topinalambricos-21&linkCode=osi&th=1&psc=1","Images":{"Primary":{"Small":{"Height":75,"URL":"https://m.media-amazon.com/images/I/41UudFt9I3L._SL75_.jpg","Width":75}}},"ItemInfo":{"ByLineInfo":{"Brand":{"DisplayValue":"AVON","Label":"Brand","Locale":"es_ES"},"Manufacturer":{"DisplayValue":"Avon","Label":"Manufacturer","Locale":"es_ES"}},"Title":{"DisplayValue":"Avon Set de 5 espray de perfume floral/duradero","Label":"Title","Locale":"es_ES"}},"Offers":{"Summaries":[{"Condition":{"Value":"New"},"LowestPrice":{"Amount":29.99,"Currency":"EUR","DisplayAmount":"29,99 € (599,80 € / l)","PricePerUnit":599.8}}]}}],"SearchURL":"https://www.amazon.es/s?k=bolsillo&rh=n%3A6397798031%2Cp_n_availability%3A-1&tag=topinalambricos-21&linkCode=osi","TotalResultCount":1000}},"22":{"SearchResult":{"Items":[{"ASIN":"B0CHSGBF7F","DetailPageURL":"https://www.amazon.es/dp/B0CHSGBF7F?tag=topinalambricos-21&linkCode=osi&th=1&psc=1","Images":{"Primary":{"Small":{"Height":75,"URL":"https://m.media-amazon.com/images/I/51Xnn7fKW9L._SL75_.jpg","Width":73}}},"ItemInfo":{"ByLineInfo":{"Brand":{"DisplayValue":"ETISEN","Label":"Brand","Locale":"es_ES"},"Manufacturer":{"DisplayValue":"china","Label":"Manufacturer","Locale":"es_ES"}},"Title":{"DisplayValue":"ETISEN, 5 PCS 5ML Atomizador Perfume Recargable, Mini botella rociadora portátil, Pulverizador colonia recargable, perfume miniatura sin fugas, frasco. Ideal para salir de fiesta, viajar, citas.","Label":"Title","Locale":"es_ES"}},"Offers":{"Summaries":[{"Condition":{"Value":"New"},"LowestPrice":{"Amount":7.39,"Currency":"EUR","DisplayAmount":"7,39 €"}}]}},{"ASIN":"B0CFW2YVZ7","DetailPageURL":"https://www.amazon.es/dp/B0CFW2YVZ7?tag=topinalambricos-21&linkCode=osi&th=1&psc=1","Images":{"Primary":{"Small":{"Height":75,"URL":"https://m.media-amazon.com/images/I/41vHs2TAnkL._SL75_.jpg","Width":75}}},"ItemInfo":{"ByLineInfo":{"Brand":{"DisplayValue":"R#N","Label":"Brand","Locale":"es_ES"},"Manufacturer":{"DisplayValue":"R#N","Label":"Manufacturer","Locale":"es_ES"}},"Title":{"DisplayValue":"R#N 8PCS 5ML Atomizador Perfume Recargable, Dispensador Perfume Viaje, Frasco Perfume Recargable, Pulverizador Colonia, Porta Perfume Dosificador Recargable (4)","Label":"Title","Locale":"es_ES"}},"Offers":{"Summaries":[{"Condition":{"Value":"New"},"LowestPrice":{"Amount":6.99,"Currency":"EUR","DisplayAmount":"6,99 €"}}]}},{"ASIN":"B0CFZS79Q9","DetailPageURL":"https://www.amazon.es/dp/B0CFZS79Q9?tag=topinalambricos-21&linkCode=osi&th=1&psc=1","Images":{"Primary":{"Small":{"Height":72,"URL":"https://m.media-amazon.com/images/I/51IJUFZ+PML._SL75_.jpg","Width":75}}},"ItemInfo":{"ByLineInfo":{"Brand":{"DisplayValue":"NAYAINOVA","Label":"Brand","Locale":"es_ES"},"Manufacturer":{"DisplayValue":"NAYAINOVA","Label":"Manufacturer","Locale":"es_ES"}},"Title":{"DisplayValue":"NAYAINOVA Atomizador Perfume Recargable 5ML, Mini Botella Rociadora Portátil, Bote Spray Pulverizador Colonia Viaje Rellenable, Perfumadores de Bolso, Bote Rellenable Perfume Viaje","Label":"Title","Locale":"es_ES"}},"Offers":{"Summaries":[{"Condition":{"Value":"New"},"LowestPrice":{"Amount":6.99,"Currency":"EUR","DisplayAmount":"6,99 €"}}]}},{"ASIN":"B0CJV4YBVZ","DetailPageURL":"https://www.amazon.es/dp/B0CJV4YBVZ?tag=topinalambricos-21&linkCode=osi&th=1&psc=1","Images":{"Primary":{"Small":{"Height":75,"URL":"https://m.media-amazon.com/images/I/41lam02VFbL._SL75_.jpg","Width":75}}},"ItemInfo":{"ByLineInfo":{"Brand":{"DisplayValue":"VIVIIHOO","Label":"Brand","Locale":"es_ES"},"Manufacturer":{"DisplayValue":"YML-QXW0036","Label":"Manufacturer","Locale":"es_ES"}},"Title":{"DisplayValue":"VIVIIHOO Atomizador de perfume 5ml 30pcs Mini botella de spray atomizador de bolsillo Recipiente de muestra Perfume Decantación sobre la marcha - ¡Perfecto para viajar!","Label":"Title","Locale":"es_ES"}},"Offers":{"Summaries":[{"Condition":{"Value":"New"},"LowestPrice":{"Amount":10.99,"Currency":"EUR","DisplayAmount":"10,99 €"}}]}},{"ASIN":"B0BZKZLDBG","DetailPageURL":"https://www.amazon.es/dp/B0BZKZLDBG?tag=topinalambricos-21&linkCode=osi&th=1&psc=1","Images":{"Primary":{"Small":{"Height":75,"URL":"https://m.media-amazon.com/images/I/31Kv-FpPrVL._SL75_.jpg","Width":75}}},"ItemInfo":{"ByLineInfo":{"Brand":{"DisplayValue":"Colexy","Label":"Brand","Locale":"es_ES"},"Manufacturer":{"DisplayValue":"Colexy","Label":"Manufacturer","Locale":"es_ES"}},"Title":{"DisplayValue":"Atomizador Perfume Recargable, 5ML Perfume Atomizador, Spray de Perfume Portátil, Mini Botella de Perfume, Perfumador Dispensador de Viaje, Botella Vacío Pulverizador Viaje (Plata)","Label":"Title","Locale":"es_ES"}},"Offers":{"Summaries":[{"Condition":{"Value":"New"},"LowestPrice":{"Amount":9.99,"Currency":"EUR","DisplayAmount":"9,99 €"}}]}},{"ASIN":"B09YY8H7J2","DetailPageURL":"https://www.amazon.es/dp/B09YY8H7J2?tag=topinalambricos-21&linkCode=osi&th=1&psc=1","Images":{"Primary":{"Small":{"Height":75,"URL":"https://m.media-amazon.com/images/I/41eKy4GKHUL._SL75_.jpg","Width":75}}},"ItemInfo":{"ByLineInfo":{"Brand":{"DisplayValue":"SSyang","Label":"Brand","Locale":"es_ES"},"Manufacturer":{"DisplayValue":"SSyang","Label":"Manufacturer","Locale":"es_ES"}},"Title":{"DisplayValue":"SSyang 10ML Porta Perfume de Viaje,2 Piezas Atomizador Perfume Recargable Dispensador de Perfume Portátil Mini Portátil Atomizador,para Viaje Bolso Mano Bolsillo Equipaje","Label":"Title","Locale":"es_ES"}},"Offers":{"Summaries":[{"Condition":{"Value":"New"},"LowestPrice":{"Amount":11.99,"Currency":"EUR","DisplayAmount":"11,99 €"}}]}},{"ASIN":"B0C2HSJ7KZ","DetailPageURL":"https://www.amazon.es/dp/B0C2HSJ7KZ?tag=topinalambricos-21&linkCode=osi&th=1&psc=1","Images":{"Primary":{"Small":{"Height":75,"URL":"https://m.media-amazon.com/images/I/41fNxffZZyL._SL75_.jpg","Width":75}}},"ItemInfo":{"ByLineInfo":{"Brand":{"DisplayValue":"IOSPKKIO","Label":"Brand","Locale":"es_ES"},"Manufacturer":{"DisplayValue":"IOSPKKIO","Label":"Manufacturer","Locale":"es_ES"}},"Title":{"DisplayValue":"IOSPKKIO® Atomizador de Perfume Recargables atomizador portátil Mini pulverizador de Bolsillo para Viajes 5 ml dispensador de Perfume de Piel de, Portátil y Duradero","Label":"Title","Locale":"es_ES"}},"Offers":{"Summaries":[{"Condition":{"Value":"New"},"LowestPrice":{"Amount":12.99,"Currency":"EUR","DisplayAmount":"12,99 €"}}]}},{"ASIN":"B0C5LK6GGN","DetailPageURL":"https://www.amazon.es/dp/B0C5LK6GGN?tag=topinalambricos-21&linkCode=osi&th=1&psc=1","Images":{"Primary":{"Small":{"Height":75,"URL":"https://m.media-amazon.com/images/I/41kz6NAQ6rL._SL75_.jpg","Width":75}}},"ItemInfo":{"ByLineInfo":{"Brand":{"DisplayValue":"Hanmir","Label":"Brand","Locale":"es_ES"},"Manufacturer":{"DisplayValue":"hanmir","Label":"Manufacturer","Locale":"es_ES"}},"Title":{"DisplayValue":"Hanmir Pulverizador de Perfume, 5pcs 8ml Pulverizador de Perfume Recargable Atomizador de Perfume Mini Botella Pulverizadora Portátil para Atomizador de Bolsillo","Label":"Title","Locale":"es_ES"}},"Offers":{"Summaries":[{"Condition":{"Value":"New"},"LowestPrice":{"Amount":18.99,"Currency":"EUR","DisplayAmount":"18,99 €"}}]}},{"ASIN":"B08LY4RBBC","DetailPageURL":"https://www.amazon.es/dp/B08LY4RBBC?tag=topinalambricos-21&linkCode=osi&th=1&psc=1","Images":{"Primary":{"Small":{"Height":56,"URL":"https://m.media-amazon.com/images/I/41QAmjr6ClL._SL75_.jpg","Width":75}}},"ItemInfo":{"ByLineInfo":{"Brand":{"DisplayValue":"Dicora UrbanFit","Label":"Brand","Locale":"es_ES"},"Manufacturer":{"DisplayValue":"Nuvaria Global SL","Label":"Manufacturer","Locale":"es_ES"}},"Title":{"DisplayValue":"Caja 12 sprays hidroalcohólicos para desinfectar las manos formato bolsillo. Aroma Aloe Vera. Caja 12 botes 75 ml rápido secado sin aclarado","Label":"Title","Locale":"es_ES"}},"Offers":{"Summaries":[{"Condition":{"Value":"New"},"LowestPrice":{"Amount":25.89,"Currency":"EUR","DisplayAmount":"25,89 €"}}]}},{"ASIN":"B0733PFDNJ","DetailPageURL":"https://www.amazon.es/dp/B0733PFDNJ?tag=topinalambricos-21&linkCode=osi&th=1&psc=1","Images":{"Primary":{"Small":{"Height":75,"URL":"https://m.media-amazon.com/images/I/41UudFt9I3L._SL75_.jpg","Width":75}}},"ItemInfo":{"ByLineInfo":{"Brand":{"DisplayValue":"AVON","Label":"Brand","Locale":"es_ES"},"Manufacturer":{"DisplayValue":"Avon","Label":"Manufacturer","Locale":"es_ES"}},"Title":{"DisplayValue":"Avon Set de 5 espray de perfume floral/duradero","Label":"Title","Locale":"es_ES"}},"Offers":{"Summaries":[{"Condition":{"Value":"New"},"LowestPrice":{"Amount":29.99,"Currency":"EUR","DisplayAmount":"29,99 € (599,80 € / l)","PricePerUnit":599.8}}]}}],"SearchURL":"https://www.amazon.es/s?k=bolsillo&rh=n%3A6397798031%2Cp_n_availability%3A-1&tag=topinalambricos-21&linkCode=osi","TotalResultCount":1000}},"23":{"SearchResult":{"Items":[{"ASIN":"B0CHSGBF7F","DetailPageURL":"https://www.amazon.es/dp/B0CHSGBF7F?tag=topinalambricos-21&linkCode=osi&th=1&psc=1","Images":{"Primary":{"Small":{"Height":75,"URL":"https://m.media-amazon.com/images/I/51Xnn7fKW9L._SL75_.jpg","Width":73}}},"ItemInfo":{"ByLineInfo":{"Brand":{"DisplayValue":"ETISEN","Label":"Brand","Locale":"es_ES"},"Manufacturer":{"DisplayValue":"china","Label":"Manufacturer","Locale":"es_ES"}},"Title":{"DisplayValue":"ETISEN, 5 PCS 5ML Atomizador Perfume Recargable, Mini botella rociadora portátil, Pulverizador colonia recargable, perfume miniatura sin fugas, frasco. Ideal para salir de fiesta, viajar, citas.","Label":"Title","Locale":"es_ES"}},"Offers":{"Summaries":[{"Condition":{"Value":"New"},"LowestPrice":{"Amount":7.39,"Currency":"EUR","DisplayAmount":"7,39 €"}}]}},{"ASIN":"B0CFW2YVZ7","DetailPageURL":"https://www.amazon.es/dp/B0CFW2YVZ7?tag=topinalambricos-21&linkCode=osi&th=1&psc=1","Images":{"Primary":{"Small":{"Height":75,"URL":"https://m.media-amazon.com/images/I/41vHs2TAnkL._SL75_.jpg","Width":75}}},"ItemInfo":{"ByLineInfo":{"Brand":{"DisplayValue":"R#N","Label":"Brand","Locale":"es_ES"},"Manufacturer":{"DisplayValue":"R#N","Label":"Manufacturer","Locale":"es_ES"}},"Title":{"DisplayValue":"R#N 8PCS 5ML Atomizador Perfume Recargable, Dispensador Perfume Viaje, Frasco Perfume Recargable, Pulverizador Colonia, Porta Perfume Dosificador Recargable (4)","Label":"Title","Locale":"es_ES"}},"Offers":{"Summaries":[{"Condition":{"Value":"New"},"LowestPrice":{"Amount":6.99,"Currency":"EUR","DisplayAmount":"6,99 €"}}]}},{"ASIN":"B0CFZS79Q9","DetailPageURL":"https://www.amazon.es/dp/B0CFZS79Q9?tag=topinalambricos-21&linkCode=osi&th=1&psc=1","Images":{"Primary":{"Small":{"Height":72,"URL":"https://m.media-amazon.com/images/I/51IJUFZ+PML._SL75_.jpg","Width":75}}},"ItemInfo":{"ByLineInfo":{"Brand":{"DisplayValue":"NAYAINOVA","Label":"Brand","Locale":"es_ES"},"Manufacturer":{"DisplayValue":"NAYAINOVA","Label":"Manufacturer","Locale":"es_ES"}},"Title":{"DisplayValue":"NAYAINOVA Atomizador Perfume Recargable 5ML, Mini Botella Rociadora Portátil, Bote Spray Pulverizador Colonia Viaje Rellenable, Perfumadores de Bolso, Bote Rellenable Perfume Viaje","Label":"Title","Locale":"es_ES"}},"Offers":{"Summaries":[{"Condition":{"Value":"New"},"LowestPrice":{"Amount":6.99,"Currency":"EUR","DisplayAmount":"6,99 €"}}]}},{"ASIN":"B0CJV4YBVZ","DetailPageURL":"https://www.amazon.es/dp/B0CJV4YBVZ?tag=topinalambricos-21&linkCode=osi&th=1&psc=1","Images":{"Primary":{"Small":{"Height":75,"URL":"https://m.media-amazon.com/images/I/41lam02VFbL._SL75_.jpg","Width":75}}},"ItemInfo":{"ByLineInfo":{"Brand":{"DisplayValue":"VIVIIHOO","Label":"Brand","Locale":"es_ES"},"Manufacturer":{"DisplayValue":"YML-QXW0036","Label":"Manufacturer","Locale":"es_ES"}},"Title":{"DisplayValue":"VIVIIHOO Atomizador de perfume 5ml 30pcs Mini botella de spray atomizador de bolsillo Recipiente de muestra Perfume Decantación sobre la marcha - ¡Perfecto para viajar!","Label":"Title","Locale":"es_ES"}},"Offers":{"Summaries":[{"Condition":{"Value":"New"},"LowestPrice":{"Amount":10.99,"Currency":"EUR","DisplayAmount":"10,99 €"}}]}},{"ASIN":"B0BZKZLDBG","DetailPageURL":"https://www.amazon.es/dp/B0BZKZLDBG?tag=topinalambricos-21&linkCode=osi&th=1&psc=1","Images":{"Primary":{"Small":{"Height":75,"URL":"https://m.media-amazon.com/images/I/31Kv-FpPrVL._SL75_.jpg","Width":75}}},"ItemInfo":{"ByLineInfo":{"Brand":{"DisplayValue":"Colexy","Label":"Brand","Locale":"es_ES"},"Manufacturer":{"DisplayValue":"Colexy","Label":"Manufacturer","Locale":"es_ES"}},"Title":{"DisplayValue":"Atomizador Perfume Recargable, 5ML Perfume Atomizador, Spray de Perfume Portátil, Mini Botella de Perfume, Perfumador Dispensador de Viaje, Botella Vacío Pulverizador Viaje (Plata)","Label":"Title","Locale":"es_ES"}},"Offers":{"Summaries":[{"Condition":{"Value":"New"},"LowestPrice":{"Amount":9.99,"Currency":"EUR","DisplayAmount":"9,99 €"}}]}},{"ASIN":"B09YY8H7J2","DetailPageURL":"https://www.amazon.es/dp/B09YY8H7J2?tag=topinalambricos-21&linkCode=osi&th=1&psc=1","Images":{"Primary":{"Small":{"Height":75,"URL":"https://m.media-amazon.com/images/I/41eKy4GKHUL._SL75_.jpg","Width":75}}},"ItemInfo":{"ByLineInfo":{"Brand":{"DisplayValue":"SSyang","Label":"Brand","Locale":"es_ES"},"Manufacturer":{"DisplayValue":"SSyang","Label":"Manufacturer","Locale":"es_ES"}},"Title":{"DisplayValue":"SSyang 10ML Porta Perfume de Viaje,2 Piezas Atomizador Perfume Recargable Dispensador de Perfume Portátil Mini Portátil Atomizador,para Viaje Bolso Mano Bolsillo Equipaje","Label":"Title","Locale":"es_ES"}},"Offers":{"Summaries":[{"Condition":{"Value":"New"},"LowestPrice":{"Amount":11.99,"Currency":"EUR","DisplayAmount":"11,99 €"}}]}},{"ASIN":"B0C2HSJ7KZ","DetailPageURL":"https://www.amazon.es/dp/B0C2HSJ7KZ?tag=topinalambricos-21&linkCode=osi&th=1&psc=1","Images":{"Primary":{"Small":{"Height":75,"URL":"https://m.media-amazon.com/images/I/41fNxffZZyL._SL75_.jpg","Width":75}}},"ItemInfo":{"ByLineInfo":{"Brand":{"DisplayValue":"IOSPKKIO","Label":"Brand","Locale":"es_ES"},"Manufacturer":{"DisplayValue":"IOSPKKIO","Label":"Manufacturer","Locale":"es_ES"}},"Title":{"DisplayValue":"IOSPKKIO® Atomizador de Perfume Recargables atomizador portátil Mini pulverizador de Bolsillo para Viajes 5 ml dispensador de Perfume de Piel de, Portátil y Duradero","Label":"Title","Locale":"es_ES"}},"Offers":{"Summaries":[{"Condition":{"Value":"New"},"LowestPrice":{"Amount":12.99,"Currency":"EUR","DisplayAmount":"12,99 €"}}]}},{"ASIN":"B0C5LK6GGN","DetailPageURL":"https://www.amazon.es/dp/B0C5LK6GGN?tag=topinalambricos-21&linkCode=osi&th=1&psc=1","Images":{"Primary":{"Small":{"Height":75,"URL":"https://m.media-amazon.com/images/I/41kz6NAQ6rL._SL75_.jpg","Width":75}}},"ItemInfo":{"ByLineInfo":{"Brand":{"DisplayValue":"Hanmir","Label":"Brand","Locale":"es_ES"},"Manufacturer":{"DisplayValue":"hanmir","Label":"Manufacturer","Locale":"es_ES"}},"Title":{"DisplayValue":"Hanmir Pulverizador de Perfume, 5pcs 8ml Pulverizador de Perfume Recargable Atomizador de Perfume Mini Botella Pulverizadora Portátil para Atomizador de Bolsillo","Label":"Title","Locale":"es_ES"}},"Offers":{"Summaries":[{"Condition":{"Value":"New"},"LowestPrice":{"Amount":18.99,"Currency":"EUR","DisplayAmount":"18,99 €"}}]}},{"ASIN":"B08LY4RBBC","DetailPageURL":"https://www.amazon.es/dp/B08LY4RBBC?tag=topinalambricos-21&linkCode=osi&th=1&psc=1","Images":{"Primary":{"Small":{"Height":56,"URL":"https://m.media-amazon.com/images/I/41QAmjr6ClL._SL75_.jpg","Width":75}}},"ItemInfo":{"ByLineInfo":{"Brand":{"DisplayValue":"Dicora UrbanFit","Label":"Brand","Locale":"es_ES"},"Manufacturer":{"DisplayValue":"Nuvaria Global SL","Label":"Manufacturer","Locale":"es_ES"}},"Title":{"DisplayValue":"Caja 12 sprays hidroalcohólicos para desinfectar las manos formato bolsillo. Aroma Aloe Vera. Caja 12 botes 75 ml rápido secado sin aclarado","Label":"Title","Locale":"es_ES"}},"Offers":{"Summaries":[{"Condition":{"Value":"New"},"LowestPrice":{"Amount":25.89,"Currency":"EUR","DisplayAmount":"25,89 €"}}]}},{"ASIN":"B0733PFDNJ","DetailPageURL":"https://www.amazon.es/dp/B0733PFDNJ?tag=topinalambricos-21&linkCode=osi&th=1&psc=1","Images":{"Primary":{"Small":{"Height":75,"URL":"https://m.media-amazon.com/images/I/41UudFt9I3L._SL75_.jpg","Width":75}}},"ItemInfo":{"ByLineInfo":{"Brand":{"DisplayValue":"AVON","Label":"Brand","Locale":"es_ES"},"Manufacturer":{"DisplayValue":"Avon","Label":"Manufacturer","Locale":"es_ES"}},"Title":{"DisplayValue":"Avon Set de 5 espray de perfume floral/duradero","Label":"Title","Locale":"es_ES"}},"Offers":{"Summaries":[{"Condition":{"Value":"New"},"LowestPrice":{"Amount":29.99,"Currency":"EUR","DisplayAmount":"29,99 € (599,80 € / l)","PricePerUnit":599.8}}]}}],"SearchURL":"https://www.amazon.es/s?k=bolsillo&rh=n%3A6397798031%2Cp_n_availability%3A-1&tag=topinalambricos-21&linkCode=osi","TotalResultCount":1000}},"24":{"SearchResult":{"Items":[{"ASIN":"B0CHSGBF7F","DetailPageURL":"https://www.amazon.es/dp/B0CHSGBF7F?tag=topinalambricos-21&linkCode=osi&th=1&psc=1","Images":{"Primary":{"Small":{"Height":75,"URL":"https://m.media-amazon.com/images/I/51Xnn7fKW9L._SL75_.jpg","Width":73}}},"ItemInfo":{"ByLineInfo":{"Brand":{"DisplayValue":"ETISEN","Label":"Brand","Locale":"es_ES"},"Manufacturer":{"DisplayValue":"china","Label":"Manufacturer","Locale":"es_ES"}},"Title":{"DisplayValue":"ETISEN, 5 PCS 5ML Atomizador Perfume Recargable, Mini botella rociadora portátil, Pulverizador colonia recargable, perfume miniatura sin fugas, frasco. Ideal para salir de fiesta, viajar, citas.","Label":"Title","Locale":"es_ES"}},"Offers":{"Summaries":[{"Condition":{"Value":"New"},"LowestPrice":{"Amount":7.39,"Currency":"EUR","DisplayAmount":"7,39 €"}}]}},{"ASIN":"B0CFW2YVZ7","DetailPageURL":"https://www.amazon.es/dp/B0CFW2YVZ7?tag=topinalambricos-21&linkCode=osi&th=1&psc=1","Images":{"Primary":{"Small":{"Height":75,"URL":"https://m.media-amazon.com/images/I/41vHs2TAnkL._SL75_.jpg","Width":75}}},"ItemInfo":{"ByLineInfo":{"Brand":{"DisplayValue":"R#N","Label":"Brand","Locale":"es_ES"},"Manufacturer":{"DisplayValue":"R#N","Label":"Manufacturer","Locale":"es_ES"}},"Title":{"DisplayValue":"R#N 8PCS 5ML Atomizador Perfume Recargable, Dispensador Perfume Viaje, Frasco Perfume Recargable, Pulverizador Colonia, Porta Perfume Dosificador Recargable (4)","Label":"Title","Locale":"es_ES"}},"Offers":{"Summaries":[{"Condition":{"Value":"New"},"LowestPrice":{"Amount":6.99,"Currency":"EUR","DisplayAmount":"6,99 €"}}]}},{"ASIN":"B0CFZS79Q9","DetailPageURL":"https://www.amazon.es/dp/B0CFZS79Q9?tag=topinalambricos-21&linkCode=osi&th=1&psc=1","Images":{"Primary":{"Small":{"Height":72,"URL":"https://m.media-amazon.com/images/I/51IJUFZ+PML._SL75_.jpg","Width":75}}},"ItemInfo":{"ByLineInfo":{"Brand":{"DisplayValue":"NAYAINOVA","Label":"Brand","Locale":"es_ES"},"Manufacturer":{"DisplayValue":"NAYAINOVA","Label":"Manufacturer","Locale":"es_ES"}},"Title":{"DisplayValue":"NAYAINOVA Atomizador Perfume Recargable 5ML, Mini Botella Rociadora Portátil, Bote Spray Pulverizador Colonia Viaje Rellenable, Perfumadores de Bolso, Bote Rellenable Perfume Viaje","Label":"Title","Locale":"es_ES"}},"Offers":{"Summaries":[{"Condition":{"Value":"New"},"LowestPrice":{"Amount":6.99,"Currency":"EUR","DisplayAmount":"6,99 €"}}]}},{"ASIN":"B0CJV4YBVZ","DetailPageURL":"https://www.amazon.es/dp/B0CJV4YBVZ?tag=topinalambricos-21&linkCode=osi&th=1&psc=1","Images":{"Primary":{"Small":{"Height":75,"URL":"https://m.media-amazon.com/images/I/41lam02VFbL._SL75_.jpg","Width":75}}},"ItemInfo":{"ByLineInfo":{"Brand":{"DisplayValue":"VIVIIHOO","Label":"Brand","Locale":"es_ES"},"Manufacturer":{"DisplayValue":"YML-QXW0036","Label":"Manufacturer","Locale":"es_ES"}},"Title":{"DisplayValue":"VIVIIHOO Atomizador de perfume 5ml 30pcs Mini botella de spray atomizador de bolsillo Recipiente de muestra Perfume Decantación sobre la marcha - ¡Perfecto para viajar!","Label":"Title","Locale":"es_ES"}},"Offers":{"Summaries":[{"Condition":{"Value":"New"},"LowestPrice":{"Amount":10.99,"Currency":"EUR","DisplayAmount":"10,99 €"}}]}},{"ASIN":"B0BZKZLDBG","DetailPageURL":"https://www.amazon.es/dp/B0BZKZLDBG?tag=topinalambricos-21&linkCode=osi&th=1&psc=1","Images":{"Primary":{"Small":{"Height":75,"URL":"https://m.media-amazon.com/images/I/31Kv-FpPrVL._SL75_.jpg","Width":75}}},"ItemInfo":{"ByLineInfo":{"Brand":{"DisplayValue":"Colexy","Label":"Brand","Locale":"es_ES"},"Manufacturer":{"DisplayValue":"Colexy","Label":"Manufacturer","Locale":"es_ES"}},"Title":{"DisplayValue":"Atomizador Perfume Recargable, 5ML Perfume Atomizador, Spray de Perfume Portátil, Mini Botella de Perfume, Perfumador Dispensador de Viaje, Botella Vacío Pulverizador Viaje (Plata)","Label":"Title","Locale":"es_ES"}},"Offers":{"Summaries":[{"Condition":{"Value":"New"},"LowestPrice":{"Amount":9.99,"Currency":"EUR","DisplayAmount":"9,99 €"}}]}},{"ASIN":"B09YY8H7J2","DetailPageURL":"https://www.amazon.es/dp/B09YY8H7J2?tag=topinalambricos-21&linkCode=osi&th=1&psc=1","Images":{"Primary":{"Small":{"Height":75,"URL":"https://m.media-amazon.com/images/I/41eKy4GKHUL._SL75_.jpg","Width":75}}},"ItemInfo":{"ByLineInfo":{"Brand":{"DisplayValue":"SSyang","Label":"Brand","Locale":"es_ES"},"Manufacturer":{"DisplayValue":"SSyang","Label":"Manufacturer","Locale":"es_ES"}},"Title":{"DisplayValue":"SSyang 10ML Porta Perfume de Viaje,2 Piezas Atomizador Perfume Recargable Dispensador de Perfume Portátil Mini Portátil Atomizador,para Viaje Bolso Mano Bolsillo Equipaje","Label":"Title","Locale":"es_ES"}},"Offers":{"Summaries":[{"Condition":{"Value":"New"},"LowestPrice":{"Amount":11.99,"Currency":"EUR","DisplayAmount":"11,99 €"}}]}},{"ASIN":"B0C2HSJ7KZ","DetailPageURL":"https://www.amazon.es/dp/B0C2HSJ7KZ?tag=topinalambricos-21&linkCode=osi&th=1&psc=1","Images":{"Primary":{"Small":{"Height":75,"URL":"https://m.media-amazon.com/images/I/41fNxffZZyL._SL75_.jpg","Width":75}}},"ItemInfo":{"ByLineInfo":{"Brand":{"DisplayValue":"IOSPKKIO","Label":"Brand","Locale":"es_ES"},"Manufacturer":{"DisplayValue":"IOSPKKIO","Label":"Manufacturer","Locale":"es_ES"}},"Title":{"DisplayValue":"IOSPKKIO® Atomizador de Perfume Recargables atomizador portátil Mini pulverizador de Bolsillo para Viajes 5 ml dispensador de Perfume de Piel de, Portátil y Duradero","Label":"Title","Locale":"es_ES"}},"Offers":{"Summaries":[{"Condition":{"Value":"New"},"LowestPrice":{"Amount":12.99,"Currency":"EUR","DisplayAmount":"12,99 €"}}]}},{"ASIN":"B0C5LK6GGN","DetailPageURL":"https://www.amazon.es/dp/B0C5LK6GGN?tag=topinalambricos-21&linkCode=osi&th=1&psc=1","Images":{"Primary":{"Small":{"Height":75,"URL":"https://m.media-amazon.com/images/I/41kz6NAQ6rL._SL75_.jpg","Width":75}}},"ItemInfo":{"ByLineInfo":{"Brand":{"DisplayValue":"Hanmir","Label":"Brand","Locale":"es_ES"},"Manufacturer":{"DisplayValue":"hanmir","Label":"Manufacturer","Locale":"es_ES"}},"Title":{"DisplayValue":"Hanmir Pulverizador de Perfume, 5pcs 8ml Pulverizador de Perfume Recargable Atomizador de Perfume Mini Botella Pulverizadora Portátil para Atomizador de Bolsillo","Label":"Title","Locale":"es_ES"}},"Offers":{"Summaries":[{"Condition":{"Value":"New"},"LowestPrice":{"Amount":18.99,"Currency":"EUR","DisplayAmount":"18,99 €"}}]}},{"ASIN":"B08LY4RBBC","DetailPageURL":"https://www.amazon.es/dp/B08LY4RBBC?tag=topinalambricos-21&linkCode=osi&th=1&psc=1","Images":{"Primary":{"Small":{"Height":56,"URL":"https://m.media-amazon.com/images/I/41QAmjr6ClL._SL75_.jpg","Width":75}}},"ItemInfo":{"ByLineInfo":{"Brand":{"DisplayValue":"Dicora UrbanFit","Label":"Brand","Locale":"es_ES"},"Manufacturer":{"DisplayValue":"Nuvaria Global SL","Label":"Manufacturer","Locale":"es_ES"}},"Title":{"DisplayValue":"Caja 12 sprays hidroalcohólicos para desinfectar las manos formato bolsillo. Aroma Aloe Vera. Caja 12 botes 75 ml rápido secado sin aclarado","Label":"Title","Locale":"es_ES"}},"Offers":{"Summaries":[{"Condition":{"Value":"New"},"LowestPrice":{"Amount":25.89,"Currency":"EUR","DisplayAmount":"25,89 €"}}]}},{"ASIN":"B0733PFDNJ","DetailPageURL":"https://www.amazon.es/dp/B0733PFDNJ?tag=topinalambricos-21&linkCode=osi&th=1&psc=1","Images":{"Primary":{"Small":{"Height":75,"URL":"https://m.media-amazon.com/images/I/41UudFt9I3L._SL75_.jpg","Width":75}}},"ItemInfo":{"ByLineInfo":{"Brand":{"DisplayValue":"AVON","Label":"Brand","Locale":"es_ES"},"Manufacturer":{"DisplayValue":"Avon","Label":"Manufacturer","Locale":"es_ES"}},"Title":{"DisplayValue":"Avon Set de 5 espray de perfume floral/duradero","Label":"Title","Locale":"es_ES"}},"Offers":{"Summaries":[{"Condition":{"Value":"New"},"LowestPrice":{"Amount":29.99,"Currency":"EUR","DisplayAmount":"29,99 € (599,80 € / l)","PricePerUnit":599.8}}]}}],"SearchURL":"https://www.amazon.es/s?k=bolsillo&rh=n%3A6397798031%2Cp_n_availability%3A-1&tag=topinalambricos-21&linkCode=osi","TotalResultCount":1000}},"25":{"SearchResult":{"Items":[{"ASIN":"B0CHSGBF7F","DetailPageURL":"https://www.amazon.es/dp/B0CHSGBF7F?tag=topinalambricos-21&linkCode=osi&th=1&psc=1","Images":{"Primary":{"Small":{"Height":75,"URL":"https://m.media-amazon.com/images/I/51Xnn7fKW9L._SL75_.jpg","Width":73}}},"ItemInfo":{"ByLineInfo":{"Brand":{"DisplayValue":"ETISEN","Label":"Brand","Locale":"es_ES"},"Manufacturer":{"DisplayValue":"china","Label":"Manufacturer","Locale":"es_ES"}},"Title":{"DisplayValue":"ETISEN, 5 PCS 5ML Atomizador Perfume Recargable, Mini botella rociadora portátil, Pulverizador colonia recargable, perfume miniatura sin fugas, frasco. Ideal para salir de fiesta, viajar, citas.","Label":"Title","Locale":"es_ES"}},"Offers":{"Summaries":[{"Condition":{"Value":"New"},"LowestPrice":{"Amount":7.39,"Currency":"EUR","DisplayAmount":"7,39 €"}}]}},{"ASIN":"B0CFW2YVZ7","DetailPageURL":"https://www.amazon.es/dp/B0CFW2YVZ7?tag=topinalambricos-21&linkCode=osi&th=1&psc=1","Images":{"Primary":{"Small":{"Height":75,"URL":"https://m.media-amazon.com/images/I/41vHs2TAnkL._SL75_.jpg","Width":75}}},"ItemInfo":{"ByLineInfo":{"Brand":{"DisplayValue":"R#N","Label":"Brand","Locale":"es_ES"},"Manufacturer":{"DisplayValue":"R#N","Label":"Manufacturer","Locale":"es_ES"}},"Title":{"DisplayValue":"R#N 8PCS 5ML Atomizador Perfume Recargable, Dispensador Perfume Viaje, Frasco Perfume Recargable, Pulverizador Colonia, Porta Perfume Dosificador Recargable (4)","Label":"Title","Locale":"es_ES"}},"Offers":{"Summaries":[{"Condition":{"Value":"New"},"LowestPrice":{"Amount":6.99,"Currency":"EUR","DisplayAmount":"6,99 €"}}]}},{"ASIN":"B0CFZS79Q9","DetailPageURL":"https://www.amazon.es/dp/B0CFZS79Q9?tag=topinalambricos-21&linkCode=osi&th=1&psc=1","Images":{"Primary":{"Small":{"Height":72,"URL":"https://m.media-amazon.com/images/I/51IJUFZ+PML._SL75_.jpg","Width":75}}},"ItemInfo":{"ByLineInfo":{"Brand":{"DisplayValue":"NAYAINOVA","Label":"Brand","Locale":"es_ES"},"Manufacturer":{"DisplayValue":"NAYAINOVA","Label":"Manufacturer","Locale":"es_ES"}},"Title":{"DisplayValue":"NAYAINOVA Atomizador Perfume Recargable 5ML, Mini Botella Rociadora Portátil, Bote Spray Pulverizador Colonia Viaje Rellenable, Perfumadores de Bolso, Bote Rellenable Perfume Viaje","Label":"Title","Locale":"es_ES"}},"Offers":{"Summaries":[{"Condition":{"Value":"New"},"LowestPrice":{"Amount":6.99,"Currency":"EUR","DisplayAmount":"6,99 €"}}]}},{"ASIN":"B0CJV4YBVZ","DetailPageURL":"https://www.amazon.es/dp/B0CJV4YBVZ?tag=topinalambricos-21&linkCode=osi&th=1&psc=1","Images":{"Primary":{"Small":{"Height":75,"URL":"https://m.media-amazon.com/images/I/41lam02VFbL._SL75_.jpg","Width":75}}},"ItemInfo":{"ByLineInfo":{"Brand":{"DisplayValue":"VIVIIHOO","Label":"Brand","Locale":"es_ES"},"Manufacturer":{"DisplayValue":"YML-QXW0036","Label":"Manufacturer","Locale":"es_ES"}},"Title":{"DisplayValue":"VIVIIHOO Atomizador de perfume 5ml 30pcs Mini botella de spray atomizador de bolsillo Recipiente de muestra Perfume Decantación sobre la marcha - ¡Perfecto para viajar!","Label":"Title","Locale":"es_ES"}},"Offers":{"Summaries":[{"Condition":{"Value":"New"},"LowestPrice":{"Amount":10.99,"Currency":"EUR","DisplayAmount":"10,99 €"}}]}},{"ASIN":"B0BZKZLDBG","DetailPageURL":"https://www.amazon.es/dp/B0BZKZLDBG?tag=topinalambricos-21&linkCode=osi&th=1&psc=1","Images":{"Primary":{"Small":{"Height":75,"URL":"https://m.media-amazon.com/images/I/31Kv-FpPrVL._SL75_.jpg","Width":75}}},"ItemInfo":{"ByLineInfo":{"Brand":{"DisplayValue":"Colexy","Label":"Brand","Locale":"es_ES"},"Manufacturer":{"DisplayValue":"Colexy","Label":"Manufacturer","Locale":"es_ES"}},"Title":{"DisplayValue":"Atomizador Perfume Recargable, 5ML Perfume Atomizador, Spray de Perfume Portátil, Mini Botella de Perfume, Perfumador Dispensador de Viaje, Botella Vacío Pulverizador Viaje (Plata)","Label":"Title","Locale":"es_ES"}},"Offers":{"Summaries":[{"Condition":{"Value":"New"},"LowestPrice":{"Amount":9.99,"Currency":"EUR","DisplayAmount":"9,99 €"}}]}},{"ASIN":"B09YY8H7J2","DetailPageURL":"https://www.amazon.es/dp/B09YY8H7J2?tag=topinalambricos-21&linkCode=osi&th=1&psc=1","Images":{"Primary":{"Small":{"Height":75,"URL":"https://m.media-amazon.com/images/I/41eKy4GKHUL._SL75_.jpg","Width":75}}},"ItemInfo":{"ByLineInfo":{"Brand":{"DisplayValue":"SSyang","Label":"Brand","Locale":"es_ES"},"Manufacturer":{"DisplayValue":"SSyang","Label":"Manufacturer","Locale":"es_ES"}},"Title":{"DisplayValue":"SSyang 10ML Porta Perfume de Viaje,2 Piezas Atomizador Perfume Recargable Dispensador de Perfume Portátil Mini Portátil Atomizador,para Viaje Bolso Mano Bolsillo Equipaje","Label":"Title","Locale":"es_ES"}},"Offers":{"Summaries":[{"Condition":{"Value":"New"},"LowestPrice":{"Amount":11.99,"Currency":"EUR","DisplayAmount":"11,99 €"}}]}},{"ASIN":"B0C2HSJ7KZ","DetailPageURL":"https://www.amazon.es/dp/B0C2HSJ7KZ?tag=topinalambricos-21&linkCode=osi&th=1&psc=1","Images":{"Primary":{"Small":{"Height":75,"URL":"https://m.media-amazon.com/images/I/41fNxffZZyL._SL75_.jpg","Width":75}}},"ItemInfo":{"ByLineInfo":{"Brand":{"DisplayValue":"IOSPKKIO","Label":"Brand","Locale":"es_ES"},"Manufacturer":{"DisplayValue":"IOSPKKIO","Label":"Manufacturer","Locale":"es_ES"}},"Title":{"DisplayValue":"IOSPKKIO® Atomizador de Perfume Recargables atomizador portátil Mini pulverizador de Bolsillo para Viajes 5 ml dispensador de Perfume de Piel de, Portátil y Duradero","Label":"Title","Locale":"es_ES"}},"Offers":{"Summaries":[{"Condition":{"Value":"New"},"LowestPrice":{"Amount":12.99,"Currency":"EUR","DisplayAmount":"12,99 €"}}]}},{"ASIN":"B0C5LK6GGN","DetailPageURL":"https://www.amazon.es/dp/B0C5LK6GGN?tag=topinalambricos-21&linkCode=osi&th=1&psc=1","Images":{"Primary":{"Small":{"Height":75,"URL":"https://m.media-amazon.com/images/I/41kz6NAQ6rL._SL75_.jpg","Width":75}}},"ItemInfo":{"ByLineInfo":{"Brand":{"DisplayValue":"Hanmir","Label":"Brand","Locale":"es_ES"},"Manufacturer":{"DisplayValue":"hanmir","Label":"Manufacturer","Locale":"es_ES"}},"Title":{"DisplayValue":"Hanmir Pulverizador de Perfume, 5pcs 8ml Pulverizador de Perfume Recargable Atomizador de Perfume Mini Botella Pulverizadora Portátil para Atomizador de Bolsillo","Label":"Title","Locale":"es_ES"}},"Offers":{"Summaries":[{"Condition":{"Value":"New"},"LowestPrice":{"Amount":18.99,"Currency":"EUR","DisplayAmount":"18,99 €"}}]}},{"ASIN":"B08LY4RBBC","DetailPageURL":"https://www.amazon.es/dp/B08LY4RBBC?tag=topinalambricos-21&linkCode=osi&th=1&psc=1","Images":{"Primary":{"Small":{"Height":56,"URL":"https://m.media-amazon.com/images/I/41QAmjr6ClL._SL75_.jpg","Width":75}}},"ItemInfo":{"ByLineInfo":{"Brand":{"DisplayValue":"Dicora UrbanFit","Label":"Brand","Locale":"es_ES"},"Manufacturer":{"DisplayValue":"Nuvaria Global SL","Label":"Manufacturer","Locale":"es_ES"}},"Title":{"DisplayValue":"Caja 12 sprays hidroalcohólicos para desinfectar las manos formato bolsillo. Aroma Aloe Vera. Caja 12 botes 75 ml rápido secado sin aclarado","Label":"Title","Locale":"es_ES"}},"Offers":{"Summaries":[{"Condition":{"Value":"New"},"LowestPrice":{"Amount":25.89,"Currency":"EUR","DisplayAmount":"25,89 €"}}]}},{"ASIN":"B0733PFDNJ","DetailPageURL":"https://www.amazon.es/dp/B0733PFDNJ?tag=topinalambricos-21&linkCode=osi&th=1&psc=1","Images":{"Primary":{"Small":{"Height":75,"URL":"https://m.media-amazon.com/images/I/41UudFt9I3L._SL75_.jpg","Width":75}}},"ItemInfo":{"ByLineInfo":{"Brand":{"DisplayValue":"AVON","Label":"Brand","Locale":"es_ES"},"Manufacturer":{"DisplayValue":"Avon","Label":"Manufacturer","Locale":"es_ES"}},"Title":{"DisplayValue":"Avon Set de 5 espray de perfume floral/duradero","Label":"Title","Locale":"es_ES"}},"Offers":{"Summaries":[{"Condition":{"Value":"New"},"LowestPrice":{"Amount":29.99,"Currency":"EUR","DisplayAmount":"29,99 € (599,80 € / l)","PricePerUnit":599.8}}]}}],"SearchURL":"https://www.amazon.es/s?k=bolsillo&rh=n%3A6397798031%2Cp_n_availability%3A-1&tag=topinalambricos-21&linkCode=osi","TotalResultCount":1000}},"26":{"SearchResult":{"Items":[{"ASIN":"B0CHSGBF7F","DetailPageURL":"https://www.amazon.es/dp/B0CHSGBF7F?tag=topinalambricos-21&linkCode=osi&th=1&psc=1","Images":{"Primary":{"Small":{"Height":75,"URL":"https://m.media-amazon.com/images/I/51Xnn7fKW9L._SL75_.jpg","Width":73}}},"ItemInfo":{"ByLineInfo":{"Brand":{"DisplayValue":"ETISEN","Label":"Brand","Locale":"es_ES"},"Manufacturer":{"DisplayValue":"china","Label":"Manufacturer","Locale":"es_ES"}},"Title":{"DisplayValue":"ETISEN, 5 PCS 5ML Atomizador Perfume Recargable, Mini botella rociadora portátil, Pulverizador colonia recargable, perfume miniatura sin fugas, frasco. Ideal para salir de fiesta, viajar, citas.","Label":"Title","Locale":"es_ES"}},"Offers":{"Summaries":[{"Condition":{"Value":"New"},"LowestPrice":{"Amount":7.39,"Currency":"EUR","DisplayAmount":"7,39 €"}}]}},{"ASIN":"B0CFW2YVZ7","DetailPageURL":"https://www.amazon.es/dp/B0CFW2YVZ7?tag=topinalambricos-21&linkCode=osi&th=1&psc=1","Images":{"Primary":{"Small":{"Height":75,"URL":"https://m.media-amazon.com/images/I/41vHs2TAnkL._SL75_.jpg","Width":75}}},"ItemInfo":{"ByLineInfo":{"Brand":{"DisplayValue":"R#N","Label":"Brand","Locale":"es_ES"},"Manufacturer":{"DisplayValue":"R#N","Label":"Manufacturer","Locale":"es_ES"}},"Title":{"DisplayValue":"R#N 8PCS 5ML Atomizador Perfume Recargable, Dispensador Perfume Viaje, Frasco Perfume Recargable, Pulverizador Colonia, Porta Perfume Dosificador Recargable (4)","Label":"Title","Locale":"es_ES"}},"Offers":{"Summaries":[{"Condition":{"Value":"New"},"LowestPrice":{"Amount":6.99,"Currency":"EUR","DisplayAmount":"6,99 €"}}]}},{"ASIN":"B0CFZS79Q9","DetailPageURL":"https://www.amazon.es/dp/B0CFZS79Q9?tag=topinalambricos-21&linkCode=osi&th=1&psc=1","Images":{"Primary":{"Small":{"Height":72,"URL":"https://m.media-amazon.com/images/I/51IJUFZ+PML._SL75_.jpg","Width":75}}},"ItemInfo":{"ByLineInfo":{"Brand":{"DisplayValue":"NAYAINOVA","Label":"Brand","Locale":"es_ES"},"Manufacturer":{"DisplayValue":"NAYAINOVA","Label":"Manufacturer","Locale":"es_ES"}},"Title":{"DisplayValue":"NAYAINOVA Atomizador Perfume Recargable 5ML, Mini Botella Rociadora Portátil, Bote Spray Pulverizador Colonia Viaje Rellenable, Perfumadores de Bolso, Bote Rellenable Perfume Viaje","Label":"Title","Locale":"es_ES"}},"Offers":{"Summaries":[{"Condition":{"Value":"New"},"LowestPrice":{"Amount":6.99,"Currency":"EUR","DisplayAmount":"6,99 €"}}]}},{"ASIN":"B0CJV4YBVZ","DetailPageURL":"https://www.amazon.es/dp/B0CJV4YBVZ?tag=topinalambricos-21&linkCode=osi&th=1&psc=1","Images":{"Primary":{"Small":{"Height":75,"URL":"https://m.media-amazon.com/images/I/41lam02VFbL._SL75_.jpg","Width":75}}},"ItemInfo":{"ByLineInfo":{"Brand":{"DisplayValue":"VIVIIHOO","Label":"Brand","Locale":"es_ES"},"Manufacturer":{"DisplayValue":"YML-QXW0036","Label":"Manufacturer","Locale":"es_ES"}},"Title":{"DisplayValue":"VIVIIHOO Atomizador de perfume 5ml 30pcs Mini botella de spray atomizador de bolsillo Recipiente de muestra Perfume Decantación sobre la marcha - ¡Perfecto para viajar!","Label":"Title","Locale":"es_ES"}},"Offers":{"Summaries":[{"Condition":{"Value":"New"},"LowestPrice":{"Amount":10.99,"Currency":"EUR","DisplayAmount":"10,99 €"}}]}},{"ASIN":"B0BZKZLDBG","DetailPageURL":"https://www.amazon.es/dp/B0BZKZLDBG?tag=topinalambricos-21&linkCode=osi&th=1&psc=1","Images":{"Primary":{"Small":{"Height":75,"URL":"https://m.media-amazon.com/images/I/31Kv-FpPrVL._SL75_.jpg","Width":75}}},"ItemInfo":{"ByLineInfo":{"Brand":{"DisplayValue":"Colexy","Label":"Brand","Locale":"es_ES"},"Manufacturer":{"DisplayValue":"Colexy","Label":"Manufacturer","Locale":"es_ES"}},"Title":{"DisplayValue":"Atomizador Perfume Recargable, 5ML Perfume Atomizador, Spray de Perfume Portátil, Mini Botella de Perfume, Perfumador Dispensador de Viaje, Botella Vacío Pulverizador Viaje (Plata)","Label":"Title","Locale":"es_ES"}},"Offers":{"Summaries":[{"Condition":{"Value":"New"},"LowestPrice":{"Amount":9.99,"Currency":"EUR","DisplayAmount":"9,99 €"}}]}},{"ASIN":"B09YY8H7J2","DetailPageURL":"https://www.amazon.es/dp/B09YY8H7J2?tag=topinalambricos-21&linkCode=osi&th=1&psc=1","Images":{"Primary":{"Small":{"Height":75,"URL":"https://m.media-amazon.com/images/I/41eKy4GKHUL._SL75_.jpg","Width":75}}},"ItemInfo":{"ByLineInfo":{"Brand":{"DisplayValue":"SSyang","Label":"Brand","Locale":"es_ES"},"Manufacturer":{"DisplayValue":"SSyang","Label":"Manufacturer","Locale":"es_ES"}},"Title":{"DisplayValue":"SSyang 10ML Porta Perfume de Viaje,2 Piezas Atomizador Perfume Recargable Dispensador de Perfume Portátil Mini Portátil Atomizador,para Viaje Bolso Mano Bolsillo Equipaje","Label":"Title","Locale":"es_ES"}},"Offers":{"Summaries":[{"Condition":{"Value":"New"},"LowestPrice":{"Amount":11.99,"Currency":"EUR","DisplayAmount":"11,99 €"}}]}},{"ASIN":"B0C2HSJ7KZ","DetailPageURL":"https://www.amazon.es/dp/B0C2HSJ7KZ?tag=topinalambricos-21&linkCode=osi&th=1&psc=1","Images":{"Primary":{"Small":{"Height":75,"URL":"https://m.media-amazon.com/images/I/41fNxffZZyL._SL75_.jpg","Width":75}}},"ItemInfo":{"ByLineInfo":{"Brand":{"DisplayValue":"IOSPKKIO","Label":"Brand","Locale":"es_ES"},"Manufacturer":{"DisplayValue":"IOSPKKIO","Label":"Manufacturer","Locale":"es_ES"}},"Title":{"DisplayValue":"IOSPKKIO® Atomizador de Perfume Recargables atomizador portátil Mini pulverizador de Bolsillo para Viajes 5 ml dispensador de Perfume de Piel de, Portátil y Duradero","Label":"Title","Locale":"es_ES"}},"Offers":{"Summaries":[{"Condition":{"Value":"New"},"LowestPrice":{"Amount":12.99,"Currency":"EUR","DisplayAmount":"12,99 €"}}]}},{"ASIN":"B0C5LK6GGN","DetailPageURL":"https://www.amazon.es/dp/B0C5LK6GGN?tag=topinalambricos-21&linkCode=osi&th=1&psc=1","Images":{"Primary":{"Small":{"Height":75,"URL":"https://m.media-amazon.com/images/I/41kz6NAQ6rL._SL75_.jpg","Width":75}}},"ItemInfo":{"ByLineInfo":{"Brand":{"DisplayValue":"Hanmir","Label":"Brand","Locale":"es_ES"},"Manufacturer":{"DisplayValue":"hanmir","Label":"Manufacturer","Locale":"es_ES"}},"Title":{"DisplayValue":"Hanmir Pulverizador de Perfume, 5pcs 8ml Pulverizador de Perfume Recargable Atomizador de Perfume Mini Botella Pulverizadora Portátil para Atomizador de Bolsillo","Label":"Title","Locale":"es_ES"}},"Offers":{"Summaries":[{"Condition":{"Value":"New"},"LowestPrice":{"Amount":18.99,"Currency":"EUR","DisplayAmount":"18,99 €"}}]}},{"ASIN":"B08LY4RBBC","DetailPageURL":"https://www.amazon.es/dp/B08LY4RBBC?tag=topinalambricos-21&linkCode=osi&th=1&psc=1","Images":{"Primary":{"Small":{"Height":56,"URL":"https://m.media-amazon.com/images/I/41QAmjr6ClL._SL75_.jpg","Width":75}}},"ItemInfo":{"ByLineInfo":{"Brand":{"DisplayValue":"Dicora UrbanFit","Label":"Brand","Locale":"es_ES"},"Manufacturer":{"DisplayValue":"Nuvaria Global SL","Label":"Manufacturer","Locale":"es_ES"}},"Title":{"DisplayValue":"Caja 12 sprays hidroalcohólicos para desinfectar las manos formato bolsillo. Aroma Aloe Vera. Caja 12 botes 75 ml rápido secado sin aclarado","Label":"Title","Locale":"es_ES"}},"Offers":{"Summaries":[{"Condition":{"Value":"New"},"LowestPrice":{"Amount":25.89,"Currency":"EUR","DisplayAmount":"25,89 €"}}]}},{"ASIN":"B0733PFDNJ","DetailPageURL":"https://www.amazon.es/dp/B0733PFDNJ?tag=topinalambricos-21&linkCode=osi&th=1&psc=1","Images":{"Primary":{"Small":{"Height":75,"URL":"https://m.media-amazon.com/images/I/41UudFt9I3L._SL75_.jpg","Width":75}}},"ItemInfo":{"ByLineInfo":{"Brand":{"DisplayValue":"AVON","Label":"Brand","Locale":"es_ES"},"Manufacturer":{"DisplayValue":"Avon","Label":"Manufacturer","Locale":"es_ES"}},"Title":{"DisplayValue":"Avon Set de 5 espray de perfume floral/duradero","Label":"Title","Locale":"es_ES"}},"Offers":{"Summaries":[{"Condition":{"Value":"New"},"LowestPrice":{"Amount":29.99,"Currency":"EUR","DisplayAmount":"29,99 € (599,80 € / l)","PricePerUnit":599.8}}]}}],"SearchURL":"https://www.amazon.es/s?k=bolsillo&rh=n%3A6397798031%2Cp_n_availability%3A-1&tag=topinalambricos-21&linkCode=osi","TotalResultCount":1000}},"27":{"SearchResult":{"Items":[{"ASIN":"B0CHSGBF7F","DetailPageURL":"https://www.amazon.es/dp/B0CHSGBF7F?tag=topinalambricos-21&linkCode=osi&th=1&psc=1","Images":{"Primary":{"Small":{"Height":75,"URL":"https://m.media-amazon.com/images/I/51Xnn7fKW9L._SL75_.jpg","Width":73}}},"ItemInfo":{"ByLineInfo":{"Brand":{"DisplayValue":"ETISEN","Label":"Brand","Locale":"es_ES"},"Manufacturer":{"DisplayValue":"china","Label":"Manufacturer","Locale":"es_ES"}},"Title":{"DisplayValue":"ETISEN, 5 PCS 5ML Atomizador Perfume Recargable, Mini botella rociadora portátil, Pulverizador colonia recargable, perfume miniatura sin fugas, frasco. Ideal para salir de fiesta, viajar, citas.","Label":"Title","Locale":"es_ES"}},"Offers":{"Summaries":[{"Condition":{"Value":"New"},"LowestPrice":{"Amount":7.39,"Currency":"EUR","DisplayAmount":"7,39 €"}}]}},{"ASIN":"B0CFW2YVZ7","DetailPageURL":"https://www.amazon.es/dp/B0CFW2YVZ7?tag=topinalambricos-21&linkCode=osi&th=1&psc=1","Images":{"Primary":{"Small":{"Height":75,"URL":"https://m.media-amazon.com/images/I/41vHs2TAnkL._SL75_.jpg","Width":75}}},"ItemInfo":{"ByLineInfo":{"Brand":{"DisplayValue":"R#N","Label":"Brand","Locale":"es_ES"},"Manufacturer":{"DisplayValue":"R#N","Label":"Manufacturer","Locale":"es_ES"}},"Title":{"DisplayValue":"R#N 8PCS 5ML Atomizador Perfume Recargable, Dispensador Perfume Viaje, Frasco Perfume Recargable, Pulverizador Colonia, Porta Perfume Dosificador Recargable (4)","Label":"Title","Locale":"es_ES"}},"Offers":{"Summaries":[{"Condition":{"Value":"New"},"LowestPrice":{"Amount":6.99,"Currency":"EUR","DisplayAmount":"6,99 €"}}]}},{"ASIN":"B0CFZS79Q9","DetailPageURL":"https://www.amazon.es/dp/B0CFZS79Q9?tag=topinalambricos-21&linkCode=osi&th=1&psc=1","Images":{"Primary":{"Small":{"Height":72,"URL":"https://m.media-amazon.com/images/I/51IJUFZ+PML._SL75_.jpg","Width":75}}},"ItemInfo":{"ByLineInfo":{"Brand":{"DisplayValue":"NAYAINOVA","Label":"Brand","Locale":"es_ES"},"Manufacturer":{"DisplayValue":"NAYAINOVA","Label":"Manufacturer","Locale":"es_ES"}},"Title":{"DisplayValue":"NAYAINOVA Atomizador Perfume Recargable 5ML, Mini Botella Rociadora Portátil, Bote Spray Pulverizador Colonia Viaje Rellenable, Perfumadores de Bolso, Bote Rellenable Perfume Viaje","Label":"Title","Locale":"es_ES"}},"Offers":{"Summaries":[{"Condition":{"Value":"New"},"LowestPrice":{"Amount":6.99,"Currency":"EUR","DisplayAmount":"6,99 €"}}]}},{"ASIN":"B0CJV4YBVZ","DetailPageURL":"https://www.amazon.es/dp/B0CJV4YBVZ?tag=topinalambricos-21&linkCode=osi&th=1&psc=1","Images":{"Primary":{"Small":{"Height":75,"URL":"https://m.media-amazon.com/images/I/41lam02VFbL._SL75_.jpg","Width":75}}},"ItemInfo":{"ByLineInfo":{"Brand":{"DisplayValue":"VIVIIHOO","Label":"Brand","Locale":"es_ES"},"Manufacturer":{"DisplayValue":"YML-QXW0036","Label":"Manufacturer","Locale":"es_ES"}},"Title":{"DisplayValue":"VIVIIHOO Atomizador de perfume 5ml 30pcs Mini botella de spray atomizador de bolsillo Recipiente de muestra Perfume Decantación sobre la marcha - ¡Perfecto para viajar!","Label":"Title","Locale":"es_ES"}},"Offers":{"Summaries":[{"Condition":{"Value":"New"},"LowestPrice":{"Amount":10.99,"Currency":"EUR","DisplayAmount":"10,99 €"}}]}},{"ASIN":"B0BZKZLDBG","DetailPageURL":"https://www.amazon.es/dp/B0BZKZLDBG?tag=topinalambricos-21&linkCode=osi&th=1&psc=1","Images":{"Primary":{"Small":{"Height":75,"URL":"https://m.media-amazon.com/images/I/31Kv-FpPrVL._SL75_.jpg","Width":75}}},"ItemInfo":{"ByLineInfo":{"Brand":{"DisplayValue":"Colexy","Label":"Brand","Locale":"es_ES"},"Manufacturer":{"DisplayValue":"Colexy","Label":"Manufacturer","Locale":"es_ES"}},"Title":{"DisplayValue":"Atomizador Perfume Recargable, 5ML Perfume Atomizador, Spray de Perfume Portátil, Mini Botella de Perfume, Perfumador Dispensador de Viaje, Botella Vacío Pulverizador Viaje (Plata)","Label":"Title","Locale":"es_ES"}},"Offers":{"Summaries":[{"Condition":{"Value":"New"},"LowestPrice":{"Amount":9.99,"Currency":"EUR","DisplayAmount":"9,99 €"}}]}},{"ASIN":"B09YY8H7J2","DetailPageURL":"https://www.amazon.es/dp/B09YY8H7J2?tag=topinalambricos-21&linkCode=osi&th=1&psc=1","Images":{"Primary":{"Small":{"Height":75,"URL":"https://m.media-amazon.com/images/I/41eKy4GKHUL._SL75_.jpg","Width":75}}},"ItemInfo":{"ByLineInfo":{"Brand":{"DisplayValue":"SSyang","Label":"Brand","Locale":"es_ES"},"Manufacturer":{"DisplayValue":"SSyang","Label":"Manufacturer","Locale":"es_ES"}},"Title":{"DisplayValue":"SSyang 10ML Porta Perfume de Viaje,2 Piezas Atomizador Perfume Recargable Dispensador de Perfume Portátil Mini Portátil Atomizador,para Viaje Bolso Mano Bolsillo Equipaje","Label":"Title","Locale":"es_ES"}},"Offers":{"Summaries":[{"Condition":{"Value":"New"},"LowestPrice":{"Amount":11.99,"Currency":"EUR","DisplayAmount":"11,99 €"}}]}},{"ASIN":"B0C2HSJ7KZ","DetailPageURL":"https://www.amazon.es/dp/B0C2HSJ7KZ?tag=topinalambricos-21&linkCode=osi&th=1&psc=1","Images":{"Primary":{"Small":{"Height":75,"URL":"https://m.media-amazon.com/images/I/41fNxffZZyL._SL75_.jpg","Width":75}}},"ItemInfo":{"ByLineInfo":{"Brand":{"DisplayValue":"IOSPKKIO","Label":"Brand","Locale":"es_ES"},"Manufacturer":{"DisplayValue":"IOSPKKIO","Label":"Manufacturer","Locale":"es_ES"}},"Title":{"DisplayValue":"IOSPKKIO® Atomizador de Perfume Recargables atomizador portátil Mini pulverizador de Bolsillo para Viajes 5 ml dispensador de Perfume de Piel de, Portátil y Duradero","Label":"Title","Locale":"es_ES"}},"Offers":{"Summaries":[{"Condition":{"Value":"New"},"LowestPrice":{"Amount":12.99,"Currency":"EUR","DisplayAmount":"12,99 €"}}]}},{"ASIN":"B0C5LK6GGN","DetailPageURL":"https://www.amazon.es/dp/B0C5LK6GGN?tag=topinalambricos-21&linkCode=osi&th=1&psc=1","Images":{"Primary":{"Small":{"Height":75,"URL":"https://m.media-amazon.com/images/I/41kz6NAQ6rL._SL75_.jpg","Width":75}}},"ItemInfo":{"ByLineInfo":{"Brand":{"DisplayValue":"Hanmir","Label":"Brand","Locale":"es_ES"},"Manufacturer":{"DisplayValue":"hanmir","Label":"Manufacturer","Locale":"es_ES"}},"Title":{"DisplayValue":"Hanmir Pulverizador de Perfume, 5pcs 8ml Pulverizador de Perfume Recargable Atomizador de Perfume Mini Botella Pulverizadora Portátil para Atomizador de Bolsillo","Label":"Title","Locale":"es_ES"}},"Offers":{"Summaries":[{"Condition":{"Value":"New"},"LowestPrice":{"Amount":18.99,"Currency":"EUR","DisplayAmount":"18,99 €"}}]}},{"ASIN":"B08LY4RBBC","DetailPageURL":"https://www.amazon.es/dp/B08LY4RBBC?tag=topinalambricos-21&linkCode=osi&th=1&psc=1","Images":{"Primary":{"Small":{"Height":56,"URL":"https://m.media-amazon.com/images/I/41QAmjr6ClL._SL75_.jpg","Width":75}}},"ItemInfo":{"ByLineInfo":{"Brand":{"DisplayValue":"Dicora UrbanFit","Label":"Brand","Locale":"es_ES"},"Manufacturer":{"DisplayValue":"Nuvaria Global SL","Label":"Manufacturer","Locale":"es_ES"}},"Title":{"DisplayValue":"Caja 12 sprays hidroalcohólicos para desinfectar las manos formato bolsillo. Aroma Aloe Vera. Caja 12 botes 75 ml rápido secado sin aclarado","Label":"Title","Locale":"es_ES"}},"Offers":{"Summaries":[{"Condition":{"Value":"New"},"LowestPrice":{"Amount":25.89,"Currency":"EUR","DisplayAmount":"25,89 €"}}]}},{"ASIN":"B0733PFDNJ","DetailPageURL":"https://www.amazon.es/dp/B0733PFDNJ?tag=topinalambricos-21&linkCode=osi&th=1&psc=1","Images":{"Primary":{"Small":{"Height":75,"URL":"https://m.media-amazon.com/images/I/41UudFt9I3L._SL75_.jpg","Width":75}}},"ItemInfo":{"ByLineInfo":{"Brand":{"DisplayValue":"AVON","Label":"Brand","Locale":"es_ES"},"Manufacturer":{"DisplayValue":"Avon","Label":"Manufacturer","Locale":"es_ES"}},"Title":{"DisplayValue":"Avon Set de 5 espray de perfume floral/duradero","Label":"Title","Locale":"es_ES"}},"Offers":{"Summaries":[{"Condition":{"Value":"New"},"LowestPrice":{"Amount":29.99,"Currency":"EUR","DisplayAmount":"29,99 € (599,80 € / l)","PricePerUnit":599.8}}]}}],"SearchURL":"https://www.amazon.es/s?k=bolsillo&rh=n%3A6397798031%2Cp_n_availability%3A-1&tag=topinalambricos-21&linkCode=osi","TotalResultCount":1000}},"28":{"SearchResult":{"Items":[{"ASIN":"B0CHSGBF7F","DetailPageURL":"https://www.amazon.es/dp/B0CHSGBF7F?tag=topinalambricos-21&linkCode=osi&th=1&psc=1","Images":{"Primary":{"Small":{"Height":75,"URL":"https://m.media-amazon.com/images/I/51Xnn7fKW9L._SL75_.jpg","Width":73}}},"ItemInfo":{"ByLineInfo":{"Brand":{"DisplayValue":"ETISEN","Label":"Brand","Locale":"es_ES"},"Manufacturer":{"DisplayValue":"china","Label":"Manufacturer","Locale":"es_ES"}},"Title":{"DisplayValue":"ETISEN, 5 PCS 5ML Atomizador Perfume Recargable, Mini botella rociadora portátil, Pulverizador colonia recargable, perfume miniatura sin fugas, frasco. Ideal para salir de fiesta, viajar, citas.","Label":"Title","Locale":"es_ES"}},"Offers":{"Summaries":[{"Condition":{"Value":"New"},"LowestPrice":{"Amount":7.39,"Currency":"EUR","DisplayAmount":"7,39 €"}}]}},{"ASIN":"B0CFW2YVZ7","DetailPageURL":"https://www.amazon.es/dp/B0CFW2YVZ7?tag=topinalambricos-21&linkCode=osi&th=1&psc=1","Images":{"Primary":{"Small":{"Height":75,"URL":"https://m.media-amazon.com/images/I/41vHs2TAnkL._SL75_.jpg","Width":75}}},"ItemInfo":{"ByLineInfo":{"Brand":{"DisplayValue":"R#N","Label":"Brand","Locale":"es_ES"},"Manufacturer":{"DisplayValue":"R#N","Label":"Manufacturer","Locale":"es_ES"}},"Title":{"DisplayValue":"R#N 8PCS 5ML Atomizador Perfume Recargable, Dispensador Perfume Viaje, Frasco Perfume Recargable, Pulverizador Colonia, Porta Perfume Dosificador Recargable (4)","Label":"Title","Locale":"es_ES"}},"Offers":{"Summaries":[{"Condition":{"Value":"New"},"LowestPrice":{"Amount":6.99,"Currency":"EUR","DisplayAmount":"6,99 €"}}]}},{"ASIN":"B0CFZS79Q9","DetailPageURL":"https://www.amazon.es/dp/B0CFZS79Q9?tag=topinalambricos-21&linkCode=osi&th=1&psc=1","Images":{"Primary":{"Small":{"Height":72,"URL":"https://m.media-amazon.com/images/I/51IJUFZ+PML._SL75_.jpg","Width":75}}},"ItemInfo":{"ByLineInfo":{"Brand":{"DisplayValue":"NAYAINOVA","Label":"Brand","Locale":"es_ES"},"Manufacturer":{"DisplayValue":"NAYAINOVA","Label":"Manufacturer","Locale":"es_ES"}},"Title":{"DisplayValue":"NAYAINOVA Atomizador Perfume Recargable 5ML, Mini Botella Rociadora Portátil, Bote Spray Pulverizador Colonia Viaje Rellenable, Perfumadores de Bolso, Bote Rellenable Perfume Viaje","Label":"Title","Locale":"es_ES"}},"Offers":{"Summaries":[{"Condition":{"Value":"New"},"LowestPrice":{"Amount":6.99,"Currency":"EUR","DisplayAmount":"6,99 €"}}]}},{"ASIN":"B0CJV4YBVZ","DetailPageURL":"https://www.amazon.es/dp/B0CJV4YBVZ?tag=topinalambricos-21&linkCode=osi&th=1&psc=1","Images":{"Primary":{"Small":{"Height":75,"URL":"https://m.media-amazon.com/images/I/41lam02VFbL._SL75_.jpg","Width":75}}},"ItemInfo":{"ByLineInfo":{"Brand":{"DisplayValue":"VIVIIHOO","Label":"Brand","Locale":"es_ES"},"Manufacturer":{"DisplayValue":"YML-QXW0036","Label":"Manufacturer","Locale":"es_ES"}},"Title":{"DisplayValue":"VIVIIHOO Atomizador de perfume 5ml 30pcs Mini botella de spray atomizador de bolsillo Recipiente de muestra Perfume Decantación sobre la marcha - ¡Perfecto para viajar!","Label":"Title","Locale":"es_ES"}},"Offers":{"Summaries":[{"Condition":{"Value":"New"},"LowestPrice":{"Amount":10.99,"Currency":"EUR","DisplayAmount":"10,99 €"}}]}},{"ASIN":"B0BZKZLDBG","DetailPageURL":"https://www.amazon.es/dp/B0BZKZLDBG?tag=topinalambricos-21&linkCode=osi&th=1&psc=1","Images":{"Primary":{"Small":{"Height":75,"URL":"https://m.media-amazon.com/images/I/31Kv-FpPrVL._SL75_.jpg","Width":75}}},"ItemInfo":{"ByLineInfo":{"Brand":{"DisplayValue":"Colexy","Label":"Brand","Locale":"es_ES"},"Manufacturer":{"DisplayValue":"Colexy","Label":"Manufacturer","Locale":"es_ES"}},"Title":{"DisplayValue":"Atomizador Perfume Recargable, 5ML Perfume Atomizador, Spray de Perfume Portátil, Mini Botella de Perfume, Perfumador Dispensador de Viaje, Botella Vacío Pulverizador Viaje (Plata)","Label":"Title","Locale":"es_ES"}},"Offers":{"Summaries":[{"Condition":{"Value":"New"},"LowestPrice":{"Amount":9.99,"Currency":"EUR","DisplayAmount":"9,99 €"}}]}},{"ASIN":"B09YY8H7J2","DetailPageURL":"https://www.amazon.es/dp/B09YY8H7J2?tag=topinalambricos-21&linkCode=osi&th=1&psc=1","Images":{"Primary":{"Small":{"Height":75,"URL":"https://m.media-amazon.com/images/I/41eKy4GKHUL._SL75_.jpg","Width":75}}},"ItemInfo":{"ByLineInfo":{"Brand":{"DisplayValue":"SSyang","Label":"Brand","Locale":"es_ES"},"Manufacturer":{"DisplayValue":"SSyang","Label":"Manufacturer","Locale":"es_ES"}},"Title":{"DisplayValue":"SSyang 10ML Porta Perfume de Viaje,2 Piezas Atomizador Perfume Recargable Dispensador de Perfume Portátil Mini Portátil Atomizador,para Viaje Bolso Mano Bolsillo Equipaje","Label":"Title","Locale":"es_ES"}},"Offers":{"Summaries":[{"Condition":{"Value":"New"},"LowestPrice":{"Amount":11.99,"Currency":"EUR","DisplayAmount":"11,99 €"}}]}},{"ASIN":"B0C2HSJ7KZ","DetailPageURL":"https://www.amazon.es/dp/B0C2HSJ7KZ?tag=topinalambricos-21&linkCode=osi&th=1&psc=1","Images":{"Primary":{"Small":{"Height":75,"URL":"https://m.media-amazon.com/images/I/41fNxffZZyL._SL75_.jpg","Width":75}}},"ItemInfo":{"ByLineInfo":{"Brand":{"DisplayValue":"IOSPKKIO","Label":"Brand","Locale":"es_ES"},"Manufacturer":{"DisplayValue":"IOSPKKIO","Label":"Manufacturer","Locale":"es_ES"}},"Title":{"DisplayValue":"IOSPKKIO® Atomizador de Perfume Recargables atomizador portátil Mini pulverizador de Bolsillo para Viajes 5 ml dispensador de Perfume de Piel de, Portátil y Duradero","Label":"Title","Locale":"es_ES"}},"Offers":{"Summaries":[{"Condition":{"Value":"New"},"LowestPrice":{"Amount":12.99,"Currency":"EUR","DisplayAmount":"12,99 €"}}]}},{"ASIN":"B0C5LK6GGN","DetailPageURL":"https://www.amazon.es/dp/B0C5LK6GGN?tag=topinalambricos-21&linkCode=osi&th=1&psc=1","Images":{"Primary":{"Small":{"Height":75,"URL":"https://m.media-amazon.com/images/I/41kz6NAQ6rL._SL75_.jpg","Width":75}}},"ItemInfo":{"ByLineInfo":{"Brand":{"DisplayValue":"Hanmir","Label":"Brand","Locale":"es_ES"},"Manufacturer":{"DisplayValue":"hanmir","Label":"Manufacturer","Locale":"es_ES"}},"Title":{"DisplayValue":"Hanmir Pulverizador de Perfume, 5pcs 8ml Pulverizador de Perfume Recargable Atomizador de Perfume Mini Botella Pulverizadora Portátil para Atomizador de Bolsillo","Label":"Title","Locale":"es_ES"}},"Offers":{"Summaries":[{"Condition":{"Value":"New"},"LowestPrice":{"Amount":18.99,"Currency":"EUR","DisplayAmount":"18,99 €"}}]}},{"ASIN":"B08LY4RBBC","DetailPageURL":"https://www.amazon.es/dp/B08LY4RBBC?tag=topinalambricos-21&linkCode=osi&th=1&psc=1","Images":{"Primary":{"Small":{"Height":56,"URL":"https://m.media-amazon.com/images/I/41QAmjr6ClL._SL75_.jpg","Width":75}}},"ItemInfo":{"ByLineInfo":{"Brand":{"DisplayValue":"Dicora UrbanFit","Label":"Brand","Locale":"es_ES"},"Manufacturer":{"DisplayValue":"Nuvaria Global SL","Label":"Manufacturer","Locale":"es_ES"}},"Title":{"DisplayValue":"Caja 12 sprays hidroalcohólicos para desinfectar las manos formato bolsillo. Aroma Aloe Vera. Caja 12 botes 75 ml rápido secado sin aclarado","Label":"Title","Locale":"es_ES"}},"Offers":{"Summaries":[{"Condition":{"Value":"New"},"LowestPrice":{"Amount":25.89,"Currency":"EUR","DisplayAmount":"25,89 €"}}]}},{"ASIN":"B0733PFDNJ","DetailPageURL":"https://www.amazon.es/dp/B0733PFDNJ?tag=topinalambricos-21&linkCode=osi&th=1&psc=1","Images":{"Primary":{"Small":{"Height":75,"URL":"https://m.media-amazon.com/images/I/41UudFt9I3L._SL75_.jpg","Width":75}}},"ItemInfo":{"ByLineInfo":{"Brand":{"DisplayValue":"AVON","Label":"Brand","Locale":"es_ES"},"Manufacturer":{"DisplayValue":"Avon","Label":"Manufacturer","Locale":"es_ES"}},"Title":{"DisplayValue":"Avon Set de 5 espray de perfume floral/duradero","Label":"Title","Locale":"es_ES"}},"Offers":{"Summaries":[{"Condition":{"Value":"New"},"LowestPrice":{"Amount":29.99,"Currency":"EUR","DisplayAmount":"29,99 € (599,80 € / l)","PricePerUnit":599.8}}]}}],"SearchURL":"https://www.amazon.es/s?k=bolsillo&rh=n%3A6397798031%2Cp_n_availability%3A-1&tag=topinalambricos-21&linkCode=osi","TotalResultCount":1000}},"30":{"SearchResult":{"Items":[{"ASIN":"B0CHSGBF7F","DetailPageURL":"https://www.amazon.es/dp/B0CHSGBF7F?tag=topinalambricos-21&linkCode=osi&th=1&psc=1","Images":{"Primary":{"Small":{"Height":75,"URL":"https://m.media-amazon.com/images/I/51Xnn7fKW9L._SL75_.jpg","Width":73}}},"ItemInfo":{"ByLineInfo":{"Brand":{"DisplayValue":"ETISEN","Label":"Brand","Locale":"es_ES"},"Manufacturer":{"DisplayValue":"china","Label":"Manufacturer","Locale":"es_ES"}},"Title":{"DisplayValue":"ETISEN, 5 PCS 5ML Atomizador Perfume Recargable, Mini botella rociadora portátil, Pulverizador colonia recargable, perfume miniatura sin fugas, frasco. Ideal para salir de fiesta, viajar, citas.","Label":"Title","Locale":"es_ES"}},"Offers":{"Summaries":[{"Condition":{"Value":"New"},"LowestPrice":{"Amount":7.39,"Currency":"EUR","DisplayAmount":"7,39 €"}}]}},{"ASIN":"B0CFW2YVZ7","DetailPageURL":"https://www.amazon.es/dp/B0CFW2YVZ7?tag=topinalambricos-21&linkCode=osi&th=1&psc=1","Images":{"Primary":{"Small":{"Height":75,"URL":"https://m.media-amazon.com/images/I/41vHs2TAnkL._SL75_.jpg","Width":75}}},"ItemInfo":{"ByLineInfo":{"Brand":{"DisplayValue":"R#N","Label":"Brand","Locale":"es_ES"},"Manufacturer":{"DisplayValue":"R#N","Label":"Manufacturer","Locale":"es_ES"}},"Title":{"DisplayValue":"R#N 8PCS 5ML Atomizador Perfume Recargable, Dispensador Perfume Viaje, Frasco Perfume Recargable, Pulverizador Colonia, Porta Perfume Dosificador Recargable (4)","Label":"Title","Locale":"es_ES"}},"Offers":{"Summaries":[{"Condition":{"Value":"New"},"LowestPrice":{"Amount":6.99,"Currency":"EUR","DisplayAmount":"6,99 €"}}]}},{"ASIN":"B0CFZS79Q9","DetailPageURL":"https://www.amazon.es/dp/B0CFZS79Q9?tag=topinalambricos-21&linkCode=osi&th=1&psc=1","Images":{"Primary":{"Small":{"Height":72,"URL":"https://m.media-amazon.com/images/I/51IJUFZ+PML._SL75_.jpg","Width":75}}},"ItemInfo":{"ByLineInfo":{"Brand":{"DisplayValue":"NAYAINOVA","Label":"Brand","Locale":"es_ES"},"Manufacturer":{"DisplayValue":"NAYAINOVA","Label":"Manufacturer","Locale":"es_ES"}},"Title":{"DisplayValue":"NAYAINOVA Atomizador Perfume Recargable 5ML, Mini Botella Rociadora Portátil, Bote Spray Pulverizador Colonia Viaje Rellenable, Perfumadores de Bolso, Bote Rellenable Perfume Viaje","Label":"Title","Locale":"es_ES"}},"Offers":{"Summaries":[{"Condition":{"Value":"New"},"LowestPrice":{"Amount":6.99,"Currency":"EUR","DisplayAmount":"6,99 €"}}]}},{"ASIN":"B0CJV4YBVZ","DetailPageURL":"https://www.amazon.es/dp/B0CJV4YBVZ?tag=topinalambricos-21&linkCode=osi&th=1&psc=1","Images":{"Primary":{"Small":{"Height":75,"URL":"https://m.media-amazon.com/images/I/41lam02VFbL._SL75_.jpg","Width":75}}},"ItemInfo":{"ByLineInfo":{"Brand":{"DisplayValue":"VIVIIHOO","Label":"Brand","Locale":"es_ES"},"Manufacturer":{"DisplayValue":"YML-QXW0036","Label":"Manufacturer","Locale":"es_ES"}},"Title":{"DisplayValue":"VIVIIHOO Atomizador de perfume 5ml 30pcs Mini botella de spray atomizador de bolsillo Recipiente de muestra Perfume Decantación sobre la marcha - ¡Perfecto para viajar!","Label":"Title","Locale":"es_ES"}},"Offers":{"Summaries":[{"Condition":{"Value":"New"},"LowestPrice":{"Amount":10.99,"Currency":"EUR","DisplayAmount":"10,99 €"}}]}},{"ASIN":"B0BZKZLDBG","DetailPageURL":"https://www.amazon.es/dp/B0BZKZLDBG?tag=topinalambricos-21&linkCode=osi&th=1&psc=1","Images":{"Primary":{"Small":{"Height":75,"URL":"https://m.media-amazon.com/images/I/31Kv-FpPrVL._SL75_.jpg","Width":75}}},"ItemInfo":{"ByLineInfo":{"Brand":{"DisplayValue":"Colexy","Label":"Brand","Locale":"es_ES"},"Manufacturer":{"DisplayValue":"Colexy","Label":"Manufacturer","Locale":"es_ES"}},"Title":{"DisplayValue":"Atomizador Perfume Recargable, 5ML Perfume Atomizador, Spray de Perfume Portátil, Mini Botella de Perfume, Perfumador Dispensador de Viaje, Botella Vacío Pulverizador Viaje (Plata)","Label":"Title","Locale":"es_ES"}},"Offers":{"Summaries":[{"Condition":{"Value":"New"},"LowestPrice":{"Amount":9.99,"Currency":"EUR","DisplayAmount":"9,99 €"}}]}},{"ASIN":"B09YY8H7J2","DetailPageURL":"https://www.amazon.es/dp/B09YY8H7J2?tag=topinalambricos-21&linkCode=osi&th=1&psc=1","Images":{"Primary":{"Small":{"Height":75,"URL":"https://m.media-amazon.com/images/I/41eKy4GKHUL._SL75_.jpg","Width":75}}},"ItemInfo":{"ByLineInfo":{"Brand":{"DisplayValue":"SSyang","Label":"Brand","Locale":"es_ES"},"Manufacturer":{"DisplayValue":"SSyang","Label":"Manufacturer","Locale":"es_ES"}},"Title":{"DisplayValue":"SSyang 10ML Porta Perfume de Viaje,2 Piezas Atomizador Perfume Recargable Dispensador de Perfume Portátil Mini Portátil Atomizador,para Viaje Bolso Mano Bolsillo Equipaje","Label":"Title","Locale":"es_ES"}},"Offers":{"Summaries":[{"Condition":{"Value":"New"},"LowestPrice":{"Amount":11.99,"Currency":"EUR","DisplayAmount":"11,99 €"}}]}},{"ASIN":"B0C2HSJ7KZ","DetailPageURL":"https://www.amazon.es/dp/B0C2HSJ7KZ?tag=topinalambricos-21&linkCode=osi&th=1&psc=1","Images":{"Primary":{"Small":{"Height":75,"URL":"https://m.media-amazon.com/images/I/41fNxffZZyL._SL75_.jpg","Width":75}}},"ItemInfo":{"ByLineInfo":{"Brand":{"DisplayValue":"IOSPKKIO","Label":"Brand","Locale":"es_ES"},"Manufacturer":{"DisplayValue":"IOSPKKIO","Label":"Manufacturer","Locale":"es_ES"}},"Title":{"DisplayValue":"IOSPKKIO® Atomizador de Perfume Recargables atomizador portátil Mini pulverizador de Bolsillo para Viajes 5 ml dispensador de Perfume de Piel de, Portátil y Duradero","Label":"Title","Locale":"es_ES"}},"Offers":{"Summaries":[{"Condition":{"Value":"New"},"LowestPrice":{"Amount":12.99,"Currency":"EUR","DisplayAmount":"12,99 €"}}]}},{"ASIN":"B0C5LK6GGN","DetailPageURL":"https://www.amazon.es/dp/B0C5LK6GGN?tag=topinalambricos-21&linkCode=osi&th=1&psc=1","Images":{"Primary":{"Small":{"Height":75,"URL":"https://m.media-amazon.com/images/I/41kz6NAQ6rL._SL75_.jpg","Width":75}}},"ItemInfo":{"ByLineInfo":{"Brand":{"DisplayValue":"Hanmir","Label":"Brand","Locale":"es_ES"},"Manufacturer":{"DisplayValue":"hanmir","Label":"Manufacturer","Locale":"es_ES"}},"Title":{"DisplayValue":"Hanmir Pulverizador de Perfume, 5pcs 8ml Pulverizador de Perfume Recargable Atomizador de Perfume Mini Botella Pulverizadora Portátil para Atomizador de Bolsillo","Label":"Title","Locale":"es_ES"}},"Offers":{"Summaries":[{"Condition":{"Value":"New"},"LowestPrice":{"Amount":18.99,"Currency":"EUR","DisplayAmount":"18,99 €"}}]}},{"ASIN":"B08LY4RBBC","DetailPageURL":"https://www.amazon.es/dp/B08LY4RBBC?tag=topinalambricos-21&linkCode=osi&th=1&psc=1","Images":{"Primary":{"Small":{"Height":56,"URL":"https://m.media-amazon.com/images/I/41QAmjr6ClL._SL75_.jpg","Width":75}}},"ItemInfo":{"ByLineInfo":{"Brand":{"DisplayValue":"Dicora UrbanFit","Label":"Brand","Locale":"es_ES"},"Manufacturer":{"DisplayValue":"Nuvaria Global SL","Label":"Manufacturer","Locale":"es_ES"}},"Title":{"DisplayValue":"Caja 12 sprays hidroalcohólicos para desinfectar las manos formato bolsillo. Aroma Aloe Vera. Caja 12 botes 75 ml rápido secado sin aclarado","Label":"Title","Locale":"es_ES"}},"Offers":{"Summaries":[{"Condition":{"Value":"New"},"LowestPrice":{"Amount":25.89,"Currency":"EUR","DisplayAmount":"25,89 €"}}]}},{"ASIN":"B0733PFDNJ","DetailPageURL":"https://www.amazon.es/dp/B0733PFDNJ?tag=topinalambricos-21&linkCode=osi&th=1&psc=1","Images":{"Primary":{"Small":{"Height":75,"URL":"https://m.media-amazon.com/images/I/41UudFt9I3L._SL75_.jpg","Width":75}}},"ItemInfo":{"ByLineInfo":{"Brand":{"DisplayValue":"AVON","Label":"Brand","Locale":"es_ES"},"Manufacturer":{"DisplayValue":"Avon","Label":"Manufacturer","Locale":"es_ES"}},"Title":{"DisplayValue":"Avon Set de 5 espray de perfume floral/duradero","Label":"Title","Locale":"es_ES"}},"Offers":{"Summaries":[{"Condition":{"Value":"New"},"LowestPrice":{"Amount":29.99,"Currency":"EUR","DisplayAmount":"29,99 € (599,80 € / l)","PricePerUnit":599.8}}]}}],"SearchURL":"https://www.amazon.es/s?k=bolsillo&rh=n%3A6397798031%2Cp_n_availability%3A-1&tag=topinalambricos-21&linkCode=osi","TotalResultCount":1000}},"31":{"SearchResult":{"Items":[{"ASIN":"B0CHSGBF7F","DetailPageURL":"https://www.amazon.es/dp/B0CHSGBF7F?tag=topinalambricos-21&linkCode=osi&th=1&psc=1","Images":{"Primary":{"Small":{"Height":75,"URL":"https://m.media-amazon.com/images/I/51Xnn7fKW9L._SL75_.jpg","Width":73}}},"ItemInfo":{"ByLineInfo":{"Brand":{"DisplayValue":"ETISEN","Label":"Brand","Locale":"es_ES"},"Manufacturer":{"DisplayValue":"china","Label":"Manufacturer","Locale":"es_ES"}},"Title":{"DisplayValue":"ETISEN, 5 PCS 5ML Atomizador Perfume Recargable, Mini botella rociadora portátil, Pulverizador colonia recargable, perfume miniatura sin fugas, frasco. Ideal para salir de fiesta, viajar, citas.","Label":"Title","Locale":"es_ES"}},"Offers":{"Summaries":[{"Condition":{"Value":"New"},"LowestPrice":{"Amount":7.39,"Currency":"EUR","DisplayAmount":"7,39 €"}}]}},{"ASIN":"B0CFW2YVZ7","DetailPageURL":"https://www.amazon.es/dp/B0CFW2YVZ7?tag=topinalambricos-21&linkCode=osi&th=1&psc=1","Images":{"Primary":{"Small":{"Height":75,"URL":"https://m.media-amazon.com/images/I/41vHs2TAnkL._SL75_.jpg","Width":75}}},"ItemInfo":{"ByLineInfo":{"Brand":{"DisplayValue":"R#N","Label":"Brand","Locale":"es_ES"},"Manufacturer":{"DisplayValue":"R#N","Label":"Manufacturer","Locale":"es_ES"}},"Title":{"DisplayValue":"R#N 8PCS 5ML Atomizador Perfume Recargable, Dispensador Perfume Viaje, Frasco Perfume Recargable, Pulverizador Colonia, Porta Perfume Dosificador Recargable (4)","Label":"Title","Locale":"es_ES"}},"Offers":{"Summaries":[{"Condition":{"Value":"New"},"LowestPrice":{"Amount":6.99,"Currency":"EUR","DisplayAmount":"6,99 €"}}]}},{"ASIN":"B0CFZS79Q9","DetailPageURL":"https://www.amazon.es/dp/B0CFZS79Q9?tag=topinalambricos-21&linkCode=osi&th=1&psc=1","Images":{"Primary":{"Small":{"Height":72,"URL":"https://m.media-amazon.com/images/I/51IJUFZ+PML._SL75_.jpg","Width":75}}},"ItemInfo":{"ByLineInfo":{"Brand":{"DisplayValue":"NAYAINOVA","Label":"Brand","Locale":"es_ES"},"Manufacturer":{"DisplayValue":"NAYAINOVA","Label":"Manufacturer","Locale":"es_ES"}},"Title":{"DisplayValue":"NAYAINOVA Atomizador Perfume Recargable 5ML, Mini Botella Rociadora Portátil, Bote Spray Pulverizador Colonia Viaje Rellenable, Perfumadores de Bolso, Bote Rellenable Perfume Viaje","Label":"Title","Locale":"es_ES"}},"Offers":{"Summaries":[{"Condition":{"Value":"New"},"LowestPrice":{"Amount":6.99,"Currency":"EUR","DisplayAmount":"6,99 €"}}]}},{"ASIN":"B0CJV4YBVZ","DetailPageURL":"https://www.amazon.es/dp/B0CJV4YBVZ?tag=topinalambricos-21&linkCode=osi&th=1&psc=1","Images":{"Primary":{"Small":{"Height":75,"URL":"https://m.media-amazon.com/images/I/41lam02VFbL._SL75_.jpg","Width":75}}},"ItemInfo":{"ByLineInfo":{"Brand":{"DisplayValue":"VIVIIHOO","Label":"Brand","Locale":"es_ES"},"Manufacturer":{"DisplayValue":"YML-QXW0036","Label":"Manufacturer","Locale":"es_ES"}},"Title":{"DisplayValue":"VIVIIHOO Atomizador de perfume 5ml 30pcs Mini botella de spray atomizador de bolsillo Recipiente de muestra Perfume Decantación sobre la marcha - ¡Perfecto para viajar!","Label":"Title","Locale":"es_ES"}},"Offers":{"Summaries":[{"Condition":{"Value":"New"},"LowestPrice":{"Amount":10.99,"Currency":"EUR","DisplayAmount":"10,99 €"}}]}},{"ASIN":"B0BZKZLDBG","DetailPageURL":"https://www.amazon.es/dp/B0BZKZLDBG?tag=topinalambricos-21&linkCode=osi&th=1&psc=1","Images":{"Primary":{"Small":{"Height":75,"URL":"https://m.media-amazon.com/images/I/31Kv-FpPrVL._SL75_.jpg","Width":75}}},"ItemInfo":{"ByLineInfo":{"Brand":{"DisplayValue":"Colexy","Label":"Brand","Locale":"es_ES"},"Manufacturer":{"DisplayValue":"Colexy","Label":"Manufacturer","Locale":"es_ES"}},"Title":{"DisplayValue":"Atomizador Perfume Recargable, 5ML Perfume Atomizador, Spray de Perfume Portátil, Mini Botella de Perfume, Perfumador Dispensador de Viaje, Botella Vacío Pulverizador Viaje (Plata)","Label":"Title","Locale":"es_ES"}},"Offers":{"Summaries":[{"Condition":{"Value":"New"},"LowestPrice":{"Amount":9.99,"Currency":"EUR","DisplayAmount":"9,99 €"}}]}},{"ASIN":"B09YY8H7J2","DetailPageURL":"https://www.amazon.es/dp/B09YY8H7J2?tag=topinalambricos-21&linkCode=osi&th=1&psc=1","Images":{"Primary":{"Small":{"Height":75,"URL":"https://m.media-amazon.com/images/I/41eKy4GKHUL._SL75_.jpg","Width":75}}},"ItemInfo":{"ByLineInfo":{"Brand":{"DisplayValue":"SSyang","Label":"Brand","Locale":"es_ES"},"Manufacturer":{"DisplayValue":"SSyang","Label":"Manufacturer","Locale":"es_ES"}},"Title":{"DisplayValue":"SSyang 10ML Porta Perfume de Viaje,2 Piezas Atomizador Perfume Recargable Dispensador de Perfume Portátil Mini Portátil Atomizador,para Viaje Bolso Mano Bolsillo Equipaje","Label":"Title","Locale":"es_ES"}},"Offers":{"Summaries":[{"Condition":{"Value":"New"},"LowestPrice":{"Amount":11.99,"Currency":"EUR","DisplayAmount":"11,99 €"}}]}},{"ASIN":"B0C2HSJ7KZ","DetailPageURL":"https://www.amazon.es/dp/B0C2HSJ7KZ?tag=topinalambricos-21&linkCode=osi&th=1&psc=1","Images":{"Primary":{"Small":{"Height":75,"URL":"https://m.media-amazon.com/images/I/41fNxffZZyL._SL75_.jpg","Width":75}}},"ItemInfo":{"ByLineInfo":{"Brand":{"DisplayValue":"IOSPKKIO","Label":"Brand","Locale":"es_ES"},"Manufacturer":{"DisplayValue":"IOSPKKIO","Label":"Manufacturer","Locale":"es_ES"}},"Title":{"DisplayValue":"IOSPKKIO® Atomizador de Perfume Recargables atomizador portátil Mini pulverizador de Bolsillo para Viajes 5 ml dispensador de Perfume de Piel de, Portátil y Duradero","Label":"Title","Locale":"es_ES"}},"Offers":{"Summaries":[{"Condition":{"Value":"New"},"LowestPrice":{"Amount":12.99,"Currency":"EUR","DisplayAmount":"12,99 €"}}]}},{"ASIN":"B0C5LK6GGN","DetailPageURL":"https://www.amazon.es/dp/B0C5LK6GGN?tag=topinalambricos-21&linkCode=osi&th=1&psc=1","Images":{"Primary":{"Small":{"Height":75,"URL":"https://m.media-amazon.com/images/I/41kz6NAQ6rL._SL75_.jpg","Width":75}}},"ItemInfo":{"ByLineInfo":{"Brand":{"DisplayValue":"Hanmir","Label":"Brand","Locale":"es_ES"},"Manufacturer":{"DisplayValue":"hanmir","Label":"Manufacturer","Locale":"es_ES"}},"Title":{"DisplayValue":"Hanmir Pulverizador de Perfume, 5pcs 8ml Pulverizador de Perfume Recargable Atomizador de Perfume Mini Botella Pulverizadora Portátil para Atomizador de Bolsillo","Label":"Title","Locale":"es_ES"}},"Offers":{"Summaries":[{"Condition":{"Value":"New"},"LowestPrice":{"Amount":18.99,"Currency":"EUR","DisplayAmount":"18,99 €"}}]}},{"ASIN":"B08LY4RBBC","DetailPageURL":"https://www.amazon.es/dp/B08LY4RBBC?tag=topinalambricos-21&linkCode=osi&th=1&psc=1","Images":{"Primary":{"Small":{"Height":56,"URL":"https://m.media-amazon.com/images/I/41QAmjr6ClL._SL75_.jpg","Width":75}}},"ItemInfo":{"ByLineInfo":{"Brand":{"DisplayValue":"Dicora UrbanFit","Label":"Brand","Locale":"es_ES"},"Manufacturer":{"DisplayValue":"Nuvaria Global SL","Label":"Manufacturer","Locale":"es_ES"}},"Title":{"DisplayValue":"Caja 12 sprays hidroalcohólicos para desinfectar las manos formato bolsillo. Aroma Aloe Vera. Caja 12 botes 75 ml rápido secado sin aclarado","Label":"Title","Locale":"es_ES"}},"Offers":{"Summaries":[{"Condition":{"Value":"New"},"LowestPrice":{"Amount":25.89,"Currency":"EUR","DisplayAmount":"25,89 €"}}]}},{"ASIN":"B0733PFDNJ","DetailPageURL":"https://www.amazon.es/dp/B0733PFDNJ?tag=topinalambricos-21&linkCode=osi&th=1&psc=1","Images":{"Primary":{"Small":{"Height":75,"URL":"https://m.media-amazon.com/images/I/41UudFt9I3L._SL75_.jpg","Width":75}}},"ItemInfo":{"ByLineInfo":{"Brand":{"DisplayValue":"AVON","Label":"Brand","Locale":"es_ES"},"Manufacturer":{"DisplayValue":"Avon","Label":"Manufacturer","Locale":"es_ES"}},"Title":{"DisplayValue":"Avon Set de 5 espray de perfume floral/duradero","Label":"Title","Locale":"es_ES"}},"Offers":{"Summaries":[{"Condition":{"Value":"New"},"LowestPrice":{"Amount":29.99,"Currency":"EUR","DisplayAmount":"29,99 € (599,80 € / l)","PricePerUnit":599.8}}]}}],"SearchURL":"https://www.amazon.es/s?k=bolsillo&rh=n%3A6397798031%2Cp_n_availability%3A-1&tag=topinalambricos-21&linkCode=osi","TotalResultCount":1000}},"32":{"SearchResult":{"Items":[{"ASIN":"B0CHSGBF7F","DetailPageURL":"https://www.amazon.es/dp/B0CHSGBF7F?tag=topinalambricos-21&linkCode=osi&th=1&psc=1","Images":{"Primary":{"Small":{"Height":75,"URL":"https://m.media-amazon.com/images/I/51Xnn7fKW9L._SL75_.jpg","Width":73}}},"ItemInfo":{"ByLineInfo":{"Brand":{"DisplayValue":"ETISEN","Label":"Brand","Locale":"es_ES"},"Manufacturer":{"DisplayValue":"china","Label":"Manufacturer","Locale":"es_ES"}},"Title":{"DisplayValue":"ETISEN, 5 PCS 5ML Atomizador Perfume Recargable, Mini botella rociadora portátil, Pulverizador colonia recargable, perfume miniatura sin fugas, frasco. Ideal para salir de fiesta, viajar, citas.","Label":"Title","Locale":"es_ES"}},"Offers":{"Summaries":[{"Condition":{"Value":"New"},"LowestPrice":{"Amount":7.39,"Currency":"EUR","DisplayAmount":"7,39 €"}}]}},{"ASIN":"B0CFW2YVZ7","DetailPageURL":"https://www.amazon.es/dp/B0CFW2YVZ7?tag=topinalambricos-21&linkCode=osi&th=1&psc=1","Images":{"Primary":{"Small":{"Height":75,"URL":"https://m.media-amazon.com/images/I/41vHs2TAnkL._SL75_.jpg","Width":75}}},"ItemInfo":{"ByLineInfo":{"Brand":{"DisplayValue":"R#N","Label":"Brand","Locale":"es_ES"},"Manufacturer":{"DisplayValue":"R#N","Label":"Manufacturer","Locale":"es_ES"}},"Title":{"DisplayValue":"R#N 8PCS 5ML Atomizador Perfume Recargable, Dispensador Perfume Viaje, Frasco Perfume Recargable, Pulverizador Colonia, Porta Perfume Dosificador Recargable (4)","Label":"Title","Locale":"es_ES"}},"Offers":{"Summaries":[{"Condition":{"Value":"New"},"LowestPrice":{"Amount":6.99,"Currency":"EUR","DisplayAmount":"6,99 €"}}]}},{"ASIN":"B0CFZS79Q9","DetailPageURL":"https://www.amazon.es/dp/B0CFZS79Q9?tag=topinalambricos-21&linkCode=osi&th=1&psc=1","Images":{"Primary":{"Small":{"Height":72,"URL":"https://m.media-amazon.com/images/I/51IJUFZ+PML._SL75_.jpg","Width":75}}},"ItemInfo":{"ByLineInfo":{"Brand":{"DisplayValue":"NAYAINOVA","Label":"Brand","Locale":"es_ES"},"Manufacturer":{"DisplayValue":"NAYAINOVA","Label":"Manufacturer","Locale":"es_ES"}},"Title":{"DisplayValue":"NAYAINOVA Atomizador Perfume Recargable 5ML, Mini Botella Rociadora Portátil, Bote Spray Pulverizador Colonia Viaje Rellenable, Perfumadores de Bolso, Bote Rellenable Perfume Viaje","Label":"Title","Locale":"es_ES"}},"Offers":{"Summaries":[{"Condition":{"Value":"New"},"LowestPrice":{"Amount":6.99,"Currency":"EUR","DisplayAmount":"6,99 €"}}]}},{"ASIN":"B0CJV4YBVZ","DetailPageURL":"https://www.amazon.es/dp/B0CJV4YBVZ?tag=topinalambricos-21&linkCode=osi&th=1&psc=1","Images":{"Primary":{"Small":{"Height":75,"URL":"https://m.media-amazon.com/images/I/41lam02VFbL._SL75_.jpg","Width":75}}},"ItemInfo":{"ByLineInfo":{"Brand":{"DisplayValue":"VIVIIHOO","Label":"Brand","Locale":"es_ES"},"Manufacturer":{"DisplayValue":"YML-QXW0036","Label":"Manufacturer","Locale":"es_ES"}},"Title":{"DisplayValue":"VIVIIHOO Atomizador de perfume 5ml 30pcs Mini botella de spray atomizador de bolsillo Recipiente de muestra Perfume Decantación sobre la marcha - ¡Perfecto para viajar!","Label":"Title","Locale":"es_ES"}},"Offers":{"Summaries":[{"Condition":{"Value":"New"},"LowestPrice":{"Amount":10.99,"Currency":"EUR","DisplayAmount":"10,99 €"}}]}},{"ASIN":"B0BZKZLDBG","DetailPageURL":"https://www.amazon.es/dp/B0BZKZLDBG?tag=topinalambricos-21&linkCode=osi&th=1&psc=1","Images":{"Primary":{"Small":{"Height":75,"URL":"https://m.media-amazon.com/images/I/31Kv-FpPrVL._SL75_.jpg","Width":75}}},"ItemInfo":{"ByLineInfo":{"Brand":{"DisplayValue":"Colexy","Label":"Brand","Locale":"es_ES"},"Manufacturer":{"DisplayValue":"Colexy","Label":"Manufacturer","Locale":"es_ES"}},"Title":{"DisplayValue":"Atomizador Perfume Recargable, 5ML Perfume Atomizador, Spray de Perfume Portátil, Mini Botella de Perfume, Perfumador Dispensador de Viaje, Botella Vacío Pulverizador Viaje (Plata)","Label":"Title","Locale":"es_ES"}},"Offers":{"Summaries":[{"Condition":{"Value":"New"},"LowestPrice":{"Amount":9.99,"Currency":"EUR","DisplayAmount":"9,99 €"}}]}},{"ASIN":"B09YY8H7J2","DetailPageURL":"https://www.amazon.es/dp/B09YY8H7J2?tag=topinalambricos-21&linkCode=osi&th=1&psc=1","Images":{"Primary":{"Small":{"Height":75,"URL":"https://m.media-amazon.com/images/I/41eKy4GKHUL._SL75_.jpg","Width":75}}},"ItemInfo":{"ByLineInfo":{"Brand":{"DisplayValue":"SSyang","Label":"Brand","Locale":"es_ES"},"Manufacturer":{"DisplayValue":"SSyang","Label":"Manufacturer","Locale":"es_ES"}},"Title":{"DisplayValue":"SSyang 10ML Porta Perfume de Viaje,2 Piezas Atomizador Perfume Recargable Dispensador de Perfume Portátil Mini Portátil Atomizador,para Viaje Bolso Mano Bolsillo Equipaje","Label":"Title","Locale":"es_ES"}},"Offers":{"Summaries":[{"Condition":{"Value":"New"},"LowestPrice":{"Amount":11.99,"Currency":"EUR","DisplayAmount":"11,99 €"}}]}},{"ASIN":"B0C2HSJ7KZ","DetailPageURL":"https://www.amazon.es/dp/B0C2HSJ7KZ?tag=topinalambricos-21&linkCode=osi&th=1&psc=1","Images":{"Primary":{"Small":{"Height":75,"URL":"https://m.media-amazon.com/images/I/41fNxffZZyL._SL75_.jpg","Width":75}}},"ItemInfo":{"ByLineInfo":{"Brand":{"DisplayValue":"IOSPKKIO","Label":"Brand","Locale":"es_ES"},"Manufacturer":{"DisplayValue":"IOSPKKIO","Label":"Manufacturer","Locale":"es_ES"}},"Title":{"DisplayValue":"IOSPKKIO® Atomizador de Perfume Recargables atomizador portátil Mini pulverizador de Bolsillo para Viajes 5 ml dispensador de Perfume de Piel de, Portátil y Duradero","Label":"Title","Locale":"es_ES"}},"Offers":{"Summaries":[{"Condition":{"Value":"New"},"LowestPrice":{"Amount":12.99,"Currency":"EUR","DisplayAmount":"12,99 €"}}]}},{"ASIN":"B0C5LK6GGN","DetailPageURL":"https://www.amazon.es/dp/B0C5LK6GGN?tag=topinalambricos-21&linkCode=osi&th=1&psc=1","Images":{"Primary":{"Small":{"Height":75,"URL":"https://m.media-amazon.com/images/I/41kz6NAQ6rL._SL75_.jpg","Width":75}}},"ItemInfo":{"ByLineInfo":{"Brand":{"DisplayValue":"Hanmir","Label":"Brand","Locale":"es_ES"},"Manufacturer":{"DisplayValue":"hanmir","Label":"Manufacturer","Locale":"es_ES"}},"Title":{"DisplayValue":"Hanmir Pulverizador de Perfume, 5pcs 8ml Pulverizador de Perfume Recargable Atomizador de Perfume Mini Botella Pulverizadora Portátil para Atomizador de Bolsillo","Label":"Title","Locale":"es_ES"}},"Offers":{"Summaries":[{"Condition":{"Value":"New"},"LowestPrice":{"Amount":18.99,"Currency":"EUR","DisplayAmount":"18,99 €"}}]}},{"ASIN":"B08LY4RBBC","DetailPageURL":"https://www.amazon.es/dp/B08LY4RBBC?tag=topinalambricos-21&linkCode=osi&th=1&psc=1","Images":{"Primary":{"Small":{"Height":56,"URL":"https://m.media-amazon.com/images/I/41QAmjr6ClL._SL75_.jpg","Width":75}}},"ItemInfo":{"ByLineInfo":{"Brand":{"DisplayValue":"Dicora UrbanFit","Label":"Brand","Locale":"es_ES"},"Manufacturer":{"DisplayValue":"Nuvaria Global SL","Label":"Manufacturer","Locale":"es_ES"}},"Title":{"DisplayValue":"Caja 12 sprays hidroalcohólicos para desinfectar las manos formato bolsillo. Aroma Aloe Vera. Caja 12 botes 75 ml rápido secado sin aclarado","Label":"Title","Locale":"es_ES"}},"Offers":{"Summaries":[{"Condition":{"Value":"New"},"LowestPrice":{"Amount":25.89,"Currency":"EUR","DisplayAmount":"25,89 €"}}]}},{"ASIN":"B0733PFDNJ","DetailPageURL":"https://www.amazon.es/dp/B0733PFDNJ?tag=topinalambricos-21&linkCode=osi&th=1&psc=1","Images":{"Primary":{"Small":{"Height":75,"URL":"https://m.media-amazon.com/images/I/41UudFt9I3L._SL75_.jpg","Width":75}}},"ItemInfo":{"ByLineInfo":{"Brand":{"DisplayValue":"AVON","Label":"Brand","Locale":"es_ES"},"Manufacturer":{"DisplayValue":"Avon","Label":"Manufacturer","Locale":"es_ES"}},"Title":{"DisplayValue":"Avon Set de 5 espray de perfume floral/duradero","Label":"Title","Locale":"es_ES"}},"Offers":{"Summaries":[{"Condition":{"Value":"New"},"LowestPrice":{"Amount":29.99,"Currency":"EUR","DisplayAmount":"29,99 € (599,80 € / l)","PricePerUnit":599.8}}]}}],"SearchURL":"https://www.amazon.es/s?k=bolsillo&rh=n%3A6397798031%2Cp_n_availability%3A-1&tag=topinalambricos-21&linkCode=osi","TotalResultCount":1000}},"33":{"SearchResult":{"Items":[{"ASIN":"B0CHSGBF7F","DetailPageURL":"https://www.amazon.es/dp/B0CHSGBF7F?tag=topinalambricos-21&linkCode=osi&th=1&psc=1","Images":{"Primary":{"Small":{"Height":75,"URL":"https://m.media-amazon.com/images/I/51Xnn7fKW9L._SL75_.jpg","Width":73}}},"ItemInfo":{"ByLineInfo":{"Brand":{"DisplayValue":"ETISEN","Label":"Brand","Locale":"es_ES"},"Manufacturer":{"DisplayValue":"china","Label":"Manufacturer","Locale":"es_ES"}},"Title":{"DisplayValue":"ETISEN, 5 PCS 5ML Atomizador Perfume Recargable, Mini botella rociadora portátil, Pulverizador colonia recargable, perfume miniatura sin fugas, frasco. Ideal para salir de fiesta, viajar, citas.","Label":"Title","Locale":"es_ES"}},"Offers":{"Summaries":[{"Condition":{"Value":"New"},"LowestPrice":{"Amount":7.39,"Currency":"EUR","DisplayAmount":"7,39 €"}}]}},{"ASIN":"B0CFW2YVZ7","DetailPageURL":"https://www.amazon.es/dp/B0CFW2YVZ7?tag=topinalambricos-21&linkCode=osi&th=1&psc=1","Images":{"Primary":{"Small":{"Height":75,"URL":"https://m.media-amazon.com/images/I/41vHs2TAnkL._SL75_.jpg","Width":75}}},"ItemInfo":{"ByLineInfo":{"Brand":{"DisplayValue":"R#N","Label":"Brand","Locale":"es_ES"},"Manufacturer":{"DisplayValue":"R#N","Label":"Manufacturer","Locale":"es_ES"}},"Title":{"DisplayValue":"R#N 8PCS 5ML Atomizador Perfume Recargable, Dispensador Perfume Viaje, Frasco Perfume Recargable, Pulverizador Colonia, Porta Perfume Dosificador Recargable (4)","Label":"Title","Locale":"es_ES"}},"Offers":{"Summaries":[{"Condition":{"Value":"New"},"LowestPrice":{"Amount":6.99,"Currency":"EUR","DisplayAmount":"6,99 €"}}]}},{"ASIN":"B0CFZS79Q9","DetailPageURL":"https://www.amazon.es/dp/B0CFZS79Q9?tag=topinalambricos-21&linkCode=osi&th=1&psc=1","Images":{"Primary":{"Small":{"Height":72,"URL":"https://m.media-amazon.com/images/I/51IJUFZ+PML._SL75_.jpg","Width":75}}},"ItemInfo":{"ByLineInfo":{"Brand":{"DisplayValue":"NAYAINOVA","Label":"Brand","Locale":"es_ES"},"Manufacturer":{"DisplayValue":"NAYAINOVA","Label":"Manufacturer","Locale":"es_ES"}},"Title":{"DisplayValue":"NAYAINOVA Atomizador Perfume Recargable 5ML, Mini Botella Rociadora Portátil, Bote Spray Pulverizador Colonia Viaje Rellenable, Perfumadores de Bolso, Bote Rellenable Perfume Viaje","Label":"Title","Locale":"es_ES"}},"Offers":{"Summaries":[{"Condition":{"Value":"New"},"LowestPrice":{"Amount":6.99,"Currency":"EUR","DisplayAmount":"6,99 €"}}]}},{"ASIN":"B0CJV4YBVZ","DetailPageURL":"https://www.amazon.es/dp/B0CJV4YBVZ?tag=topinalambricos-21&linkCode=osi&th=1&psc=1","Images":{"Primary":{"Small":{"Height":75,"URL":"https://m.media-amazon.com/images/I/41lam02VFbL._SL75_.jpg","Width":75}}},"ItemInfo":{"ByLineInfo":{"Brand":{"DisplayValue":"VIVIIHOO","Label":"Brand","Locale":"es_ES"},"Manufacturer":{"DisplayValue":"YML-QXW0036","Label":"Manufacturer","Locale":"es_ES"}},"Title":{"DisplayValue":"VIVIIHOO Atomizador de perfume 5ml 30pcs Mini botella de spray atomizador de bolsillo Recipiente de muestra Perfume Decantación sobre la marcha - ¡Perfecto para viajar!","Label":"Title","Locale":"es_ES"}},"Offers":{"Summaries":[{"Condition":{"Value":"New"},"LowestPrice":{"Amount":10.99,"Currency":"EUR","DisplayAmount":"10,99 €"}}]}},{"ASIN":"B0BZKZLDBG","DetailPageURL":"https://www.amazon.es/dp/B0BZKZLDBG?tag=topinalambricos-21&linkCode=osi&th=1&psc=1","Images":{"Primary":{"Small":{"Height":75,"URL":"https://m.media-amazon.com/images/I/31Kv-FpPrVL._SL75_.jpg","Width":75}}},"ItemInfo":{"ByLineInfo":{"Brand":{"DisplayValue":"Colexy","Label":"Brand","Locale":"es_ES"},"Manufacturer":{"DisplayValue":"Colexy","Label":"Manufacturer","Locale":"es_ES"}},"Title":{"DisplayValue":"Atomizador Perfume Recargable, 5ML Perfume Atomizador, Spray de Perfume Portátil, Mini Botella de Perfume, Perfumador Dispensador de Viaje, Botella Vacío Pulverizador Viaje (Plata)","Label":"Title","Locale":"es_ES"}},"Offers":{"Summaries":[{"Condition":{"Value":"New"},"LowestPrice":{"Amount":9.99,"Currency":"EUR","DisplayAmount":"9,99 €"}}]}},{"ASIN":"B09YY8H7J2","DetailPageURL":"https://www.amazon.es/dp/B09YY8H7J2?tag=topinalambricos-21&linkCode=osi&th=1&psc=1","Images":{"Primary":{"Small":{"Height":75,"URL":"https://m.media-amazon.com/images/I/41eKy4GKHUL._SL75_.jpg","Width":75}}},"ItemInfo":{"ByLineInfo":{"Brand":{"DisplayValue":"SSyang","Label":"Brand","Locale":"es_ES"},"Manufacturer":{"DisplayValue":"SSyang","Label":"Manufacturer","Locale":"es_ES"}},"Title":{"DisplayValue":"SSyang 10ML Porta Perfume de Viaje,2 Piezas Atomizador Perfume Recargable Dispensador de Perfume Portátil Mini Portátil Atomizador,para Viaje Bolso Mano Bolsillo Equipaje","Label":"Title","Locale":"es_ES"}},"Offers":{"Summaries":[{"Condition":{"Value":"New"},"LowestPrice":{"Amount":11.99,"Currency":"EUR","DisplayAmount":"11,99 €"}}]}},{"ASIN":"B0C2HSJ7KZ","DetailPageURL":"https://www.amazon.es/dp/B0C2HSJ7KZ?tag=topinalambricos-21&linkCode=osi&th=1&psc=1","Images":{"Primary":{"Small":{"Height":75,"URL":"https://m.media-amazon.com/images/I/41fNxffZZyL._SL75_.jpg","Width":75}}},"ItemInfo":{"ByLineInfo":{"Brand":{"DisplayValue":"IOSPKKIO","Label":"Brand","Locale":"es_ES"},"Manufacturer":{"DisplayValue":"IOSPKKIO","Label":"Manufacturer","Locale":"es_ES"}},"Title":{"DisplayValue":"IOSPKKIO® Atomizador de Perfume Recargables atomizador portátil Mini pulverizador de Bolsillo para Viajes 5 ml dispensador de Perfume de Piel de, Portátil y Duradero","Label":"Title","Locale":"es_ES"}},"Offers":{"Summaries":[{"Condition":{"Value":"New"},"LowestPrice":{"Amount":12.99,"Currency":"EUR","DisplayAmount":"12,99 €"}}]}},{"ASIN":"B0C5LK6GGN","DetailPageURL":"https://www.amazon.es/dp/B0C5LK6GGN?tag=topinalambricos-21&linkCode=osi&th=1&psc=1","Images":{"Primary":{"Small":{"Height":75,"URL":"https://m.media-amazon.com/images/I/41kz6NAQ6rL._SL75_.jpg","Width":75}}},"ItemInfo":{"ByLineInfo":{"Brand":{"DisplayValue":"Hanmir","Label":"Brand","Locale":"es_ES"},"Manufacturer":{"DisplayValue":"hanmir","Label":"Manufacturer","Locale":"es_ES"}},"Title":{"DisplayValue":"Hanmir Pulverizador de Perfume, 5pcs 8ml Pulverizador de Perfume Recargable Atomizador de Perfume Mini Botella Pulverizadora Portátil para Atomizador de Bolsillo","Label":"Title","Locale":"es_ES"}},"Offers":{"Summaries":[{"Condition":{"Value":"New"},"LowestPrice":{"Amount":18.99,"Currency":"EUR","DisplayAmount":"18,99 €"}}]}},{"ASIN":"B08LY4RBBC","DetailPageURL":"https://www.amazon.es/dp/B08LY4RBBC?tag=topinalambricos-21&linkCode=osi&th=1&psc=1","Images":{"Primary":{"Small":{"Height":56,"URL":"https://m.media-amazon.com/images/I/41QAmjr6ClL._SL75_.jpg","Width":75}}},"ItemInfo":{"ByLineInfo":{"Brand":{"DisplayValue":"Dicora UrbanFit","Label":"Brand","Locale":"es_ES"},"Manufacturer":{"DisplayValue":"Nuvaria Global SL","Label":"Manufacturer","Locale":"es_ES"}},"Title":{"DisplayValue":"Caja 12 sprays hidroalcohólicos para desinfectar las manos formato bolsillo. Aroma Aloe Vera. Caja 12 botes 75 ml rápido secado sin aclarado","Label":"Title","Locale":"es_ES"}},"Offers":{"Summaries":[{"Condition":{"Value":"New"},"LowestPrice":{"Amount":25.89,"Currency":"EUR","DisplayAmount":"25,89 €"}}]}},{"ASIN":"B0733PFDNJ","DetailPageURL":"https://www.amazon.es/dp/B0733PFDNJ?tag=topinalambricos-21&linkCode=osi&th=1&psc=1","Images":{"Primary":{"Small":{"Height":75,"URL":"https://m.media-amazon.com/images/I/41UudFt9I3L._SL75_.jpg","Width":75}}},"ItemInfo":{"ByLineInfo":{"Brand":{"DisplayValue":"AVON","Label":"Brand","Locale":"es_ES"},"Manufacturer":{"DisplayValue":"Avon","Label":"Manufacturer","Locale":"es_ES"}},"Title":{"DisplayValue":"Avon Set de 5 espray de perfume floral/duradero","Label":"Title","Locale":"es_ES"}},"Offers":{"Summaries":[{"Condition":{"Value":"New"},"LowestPrice":{"Amount":29.99,"Currency":"EUR","DisplayAmount":"29,99 € (599,80 € / l)","PricePerUnit":599.8}}]}}],"SearchURL":"https://www.amazon.es/s?k=bolsillo&rh=n%3A6397798031%2Cp_n_availability%3A-1&tag=topinalambricos-21&linkCode=osi","TotalResultCount":1000}},"34":{"SearchResult":{"Items":[{"ASIN":"B0CHSGBF7F","DetailPageURL":"https://www.amazon.es/dp/B0CHSGBF7F?tag=topinalambricos-21&linkCode=osi&th=1&psc=1","Images":{"Primary":{"Small":{"Height":75,"URL":"https://m.media-amazon.com/images/I/51Xnn7fKW9L._SL75_.jpg","Width":73}}},"ItemInfo":{"ByLineInfo":{"Brand":{"DisplayValue":"ETISEN","Label":"Brand","Locale":"es_ES"},"Manufacturer":{"DisplayValue":"china","Label":"Manufacturer","Locale":"es_ES"}},"Title":{"DisplayValue":"ETISEN, 5 PCS 5ML Atomizador Perfume Recargable, Mini botella rociadora portátil, Pulverizador colonia recargable, perfume miniatura sin fugas, frasco. Ideal para salir de fiesta, viajar, citas.","Label":"Title","Locale":"es_ES"}},"Offers":{"Summaries":[{"Condition":{"Value":"New"},"LowestPrice":{"Amount":7.39,"Currency":"EUR","DisplayAmount":"7,39 €"}}]}},{"ASIN":"B0CFW2YVZ7","DetailPageURL":"https://www.amazon.es/dp/B0CFW2YVZ7?tag=topinalambricos-21&linkCode=osi&th=1&psc=1","Images":{"Primary":{"Small":{"Height":75,"URL":"https://m.media-amazon.com/images/I/41vHs2TAnkL._SL75_.jpg","Width":75}}},"ItemInfo":{"ByLineInfo":{"Brand":{"DisplayValue":"R#N","Label":"Brand","Locale":"es_ES"},"Manufacturer":{"DisplayValue":"R#N","Label":"Manufacturer","Locale":"es_ES"}},"Title":{"DisplayValue":"R#N 8PCS 5ML Atomizador Perfume Recargable, Dispensador Perfume Viaje, Frasco Perfume Recargable, Pulverizador Colonia, Porta Perfume Dosificador Recargable (4)","Label":"Title","Locale":"es_ES"}},"Offers":{"Summaries":[{"Condition":{"Value":"New"},"LowestPrice":{"Amount":6.99,"Currency":"EUR","DisplayAmount":"6,99 €"}}]}},{"ASIN":"B0CFZS79Q9","DetailPageURL":"https://www.amazon.es/dp/B0CFZS79Q9?tag=topinalambricos-21&linkCode=osi&th=1&psc=1","Images":{"Primary":{"Small":{"Height":72,"URL":"https://m.media-amazon.com/images/I/51IJUFZ+PML._SL75_.jpg","Width":75}}},"ItemInfo":{"ByLineInfo":{"Brand":{"DisplayValue":"NAYAINOVA","Label":"Brand","Locale":"es_ES"},"Manufacturer":{"DisplayValue":"NAYAINOVA","Label":"Manufacturer","Locale":"es_ES"}},"Title":{"DisplayValue":"NAYAINOVA Atomizador Perfume Recargable 5ML, Mini Botella Rociadora Portátil, Bote Spray Pulverizador Colonia Viaje Rellenable, Perfumadores de Bolso, Bote Rellenable Perfume Viaje","Label":"Title","Locale":"es_ES"}},"Offers":{"Summaries":[{"Condition":{"Value":"New"},"LowestPrice":{"Amount":6.99,"Currency":"EUR","DisplayAmount":"6,99 €"}}]}},{"ASIN":"B0CJV4YBVZ","DetailPageURL":"https://www.amazon.es/dp/B0CJV4YBVZ?tag=topinalambricos-21&linkCode=osi&th=1&psc=1","Images":{"Primary":{"Small":{"Height":75,"URL":"https://m.media-amazon.com/images/I/41lam02VFbL._SL75_.jpg","Width":75}}},"ItemInfo":{"ByLineInfo":{"Brand":{"DisplayValue":"VIVIIHOO","Label":"Brand","Locale":"es_ES"},"Manufacturer":{"DisplayValue":"YML-QXW0036","Label":"Manufacturer","Locale":"es_ES"}},"Title":{"DisplayValue":"VIVIIHOO Atomizador de perfume 5ml 30pcs Mini botella de spray atomizador de bolsillo Recipiente de muestra Perfume Decantación sobre la marcha - ¡Perfecto para viajar!","Label":"Title","Locale":"es_ES"}},"Offers":{"Summaries":[{"Condition":{"Value":"New"},"LowestPrice":{"Amount":10.99,"Currency":"EUR","DisplayAmount":"10,99 €"}}]}},{"ASIN":"B0BZKZLDBG","DetailPageURL":"https://www.amazon.es/dp/B0BZKZLDBG?tag=topinalambricos-21&linkCode=osi&th=1&psc=1","Images":{"Primary":{"Small":{"Height":75,"URL":"https://m.media-amazon.com/images/I/31Kv-FpPrVL._SL75_.jpg","Width":75}}},"ItemInfo":{"ByLineInfo":{"Brand":{"DisplayValue":"Colexy","Label":"Brand","Locale":"es_ES"},"Manufacturer":{"DisplayValue":"Colexy","Label":"Manufacturer","Locale":"es_ES"}},"Title":{"DisplayValue":"Atomizador Perfume Recargable, 5ML Perfume Atomizador, Spray de Perfume Portátil, Mini Botella de Perfume, Perfumador Dispensador de Viaje, Botella Vacío Pulverizador Viaje (Plata)","Label":"Title","Locale":"es_ES"}},"Offers":{"Summaries":[{"Condition":{"Value":"New"},"LowestPrice":{"Amount":9.99,"Currency":"EUR","DisplayAmount":"9,99 €"}}]}},{"ASIN":"B09YY8H7J2","DetailPageURL":"https://www.amazon.es/dp/B09YY8H7J2?tag=topinalambricos-21&linkCode=osi&th=1&psc=1","Images":{"Primary":{"Small":{"Height":75,"URL":"https://m.media-amazon.com/images/I/41eKy4GKHUL._SL75_.jpg","Width":75}}},"ItemInfo":{"ByLineInfo":{"Brand":{"DisplayValue":"SSyang","Label":"Brand","Locale":"es_ES"},"Manufacturer":{"DisplayValue":"SSyang","Label":"Manufacturer","Locale":"es_ES"}},"Title":{"DisplayValue":"SSyang 10ML Porta Perfume de Viaje,2 Piezas Atomizador Perfume Recargable Dispensador de Perfume Portátil Mini Portátil Atomizador,para Viaje Bolso Mano Bolsillo Equipaje","Label":"Title","Locale":"es_ES"}},"Offers":{"Summaries":[{"Condition":{"Value":"New"},"LowestPrice":{"Amount":11.99,"Currency":"EUR","DisplayAmount":"11,99 €"}}]}},{"ASIN":"B0C2HSJ7KZ","DetailPageURL":"https://www.amazon.es/dp/B0C2HSJ7KZ?tag=topinalambricos-21&linkCode=osi&th=1&psc=1","Images":{"Primary":{"Small":{"Height":75,"URL":"https://m.media-amazon.com/images/I/41fNxffZZyL._SL75_.jpg","Width":75}}},"ItemInfo":{"ByLineInfo":{"Brand":{"DisplayValue":"IOSPKKIO","Label":"Brand","Locale":"es_ES"},"Manufacturer":{"DisplayValue":"IOSPKKIO","Label":"Manufacturer","Locale":"es_ES"}},"Title":{"DisplayValue":"IOSPKKIO® Atomizador de Perfume Recargables atomizador portátil Mini pulverizador de Bolsillo para Viajes 5 ml dispensador de Perfume de Piel de, Portátil y Duradero","Label":"Title","Locale":"es_ES"}},"Offers":{"Summaries":[{"Condition":{"Value":"New"},"LowestPrice":{"Amount":12.99,"Currency":"EUR","DisplayAmount":"12,99 €"}}]}},{"ASIN":"B0C5LK6GGN","DetailPageURL":"https://www.amazon.es/dp/B0C5LK6GGN?tag=topinalambricos-21&linkCode=osi&th=1&psc=1","Images":{"Primary":{"Small":{"Height":75,"URL":"https://m.media-amazon.com/images/I/41kz6NAQ6rL._SL75_.jpg","Width":75}}},"ItemInfo":{"ByLineInfo":{"Brand":{"DisplayValue":"Hanmir","Label":"Brand","Locale":"es_ES"},"Manufacturer":{"DisplayValue":"hanmir","Label":"Manufacturer","Locale":"es_ES"}},"Title":{"DisplayValue":"Hanmir Pulverizador de Perfume, 5pcs 8ml Pulverizador de Perfume Recargable Atomizador de Perfume Mini Botella Pulverizadora Portátil para Atomizador de Bolsillo","Label":"Title","Locale":"es_ES"}},"Offers":{"Summaries":[{"Condition":{"Value":"New"},"LowestPrice":{"Amount":18.99,"Currency":"EUR","DisplayAmount":"18,99 €"}}]}},{"ASIN":"B08LY4RBBC","DetailPageURL":"https://www.amazon.es/dp/B08LY4RBBC?tag=topinalambricos-21&linkCode=osi&th=1&psc=1","Images":{"Primary":{"Small":{"Height":56,"URL":"https://m.media-amazon.com/images/I/41QAmjr6ClL._SL75_.jpg","Width":75}}},"ItemInfo":{"ByLineInfo":{"Brand":{"DisplayValue":"Dicora UrbanFit","Label":"Brand","Locale":"es_ES"},"Manufacturer":{"DisplayValue":"Nuvaria Global SL","Label":"Manufacturer","Locale":"es_ES"}},"Title":{"DisplayValue":"Caja 12 sprays hidroalcohólicos para desinfectar las manos formato bolsillo. Aroma Aloe Vera. Caja 12 botes 75 ml rápido secado sin aclarado","Label":"Title","Locale":"es_ES"}},"Offers":{"Summaries":[{"Condition":{"Value":"New"},"LowestPrice":{"Amount":25.89,"Currency":"EUR","DisplayAmount":"25,89 €"}}]}},{"ASIN":"B0733PFDNJ","DetailPageURL":"https://www.amazon.es/dp/B0733PFDNJ?tag=topinalambricos-21&linkCode=osi&th=1&psc=1","Images":{"Primary":{"Small":{"Height":75,"URL":"https://m.media-amazon.com/images/I/41UudFt9I3L._SL75_.jpg","Width":75}}},"ItemInfo":{"ByLineInfo":{"Brand":{"DisplayValue":"AVON","Label":"Brand","Locale":"es_ES"},"Manufacturer":{"DisplayValue":"Avon","Label":"Manufacturer","Locale":"es_ES"}},"Title":{"DisplayValue":"Avon Set de 5 espray de perfume floral/duradero","Label":"Title","Locale":"es_ES"}},"Offers":{"Summaries":[{"Condition":{"Value":"New"},"LowestPrice":{"Amount":29.99,"Currency":"EUR","DisplayAmount":"29,99 € (599,80 € / l)","PricePerUnit":599.8}}]}}],"SearchURL":"https://www.amazon.es/s?k=bolsillo&rh=n%3A6397798031%2Cp_n_availability%3A-1&tag=topinalambricos-21&linkCode=osi","TotalResultCount":1000}},"35":{"SearchResult":{"Items":[{"ASIN":"B0CHSGBF7F","DetailPageURL":"https://www.amazon.es/dp/B0CHSGBF7F?tag=topinalambricos-21&linkCode=osi&th=1&psc=1","Images":{"Primary":{"Small":{"Height":75,"URL":"https://m.media-amazon.com/images/I/51Xnn7fKW9L._SL75_.jpg","Width":73}}},"ItemInfo":{"ByLineInfo":{"Brand":{"DisplayValue":"ETISEN","Label":"Brand","Locale":"es_ES"},"Manufacturer":{"DisplayValue":"china","Label":"Manufacturer","Locale":"es_ES"}},"Title":{"DisplayValue":"ETISEN, 5 PCS 5ML Atomizador Perfume Recargable, Mini botella rociadora portátil, Pulverizador colonia recargable, perfume miniatura sin fugas, frasco. Ideal para salir de fiesta, viajar, citas.","Label":"Title","Locale":"es_ES"}},"Offers":{"Summaries":[{"Condition":{"Value":"New"},"LowestPrice":{"Amount":7.39,"Currency":"EUR","DisplayAmount":"7,39 €"}}]}},{"ASIN":"B0CFW2YVZ7","DetailPageURL":"https://www.amazon.es/dp/B0CFW2YVZ7?tag=topinalambricos-21&linkCode=osi&th=1&psc=1","Images":{"Primary":{"Small":{"Height":75,"URL":"https://m.media-amazon.com/images/I/41vHs2TAnkL._SL75_.jpg","Width":75}}},"ItemInfo":{"ByLineInfo":{"Brand":{"DisplayValue":"R#N","Label":"Brand","Locale":"es_ES"},"Manufacturer":{"DisplayValue":"R#N","Label":"Manufacturer","Locale":"es_ES"}},"Title":{"DisplayValue":"R#N 8PCS 5ML Atomizador Perfume Recargable, Dispensador Perfume Viaje, Frasco Perfume Recargable, Pulverizador Colonia, Porta Perfume Dosificador Recargable (4)","Label":"Title","Locale":"es_ES"}},"Offers":{"Summaries":[{"Condition":{"Value":"New"},"LowestPrice":{"Amount":6.99,"Currency":"EUR","DisplayAmount":"6,99 €"}}]}},{"ASIN":"B0CFZS79Q9","DetailPageURL":"https://www.amazon.es/dp/B0CFZS79Q9?tag=topinalambricos-21&linkCode=osi&th=1&psc=1","Images":{"Primary":{"Small":{"Height":72,"URL":"https://m.media-amazon.com/images/I/51IJUFZ+PML._SL75_.jpg","Width":75}}},"ItemInfo":{"ByLineInfo":{"Brand":{"DisplayValue":"NAYAINOVA","Label":"Brand","Locale":"es_ES"},"Manufacturer":{"DisplayValue":"NAYAINOVA","Label":"Manufacturer","Locale":"es_ES"}},"Title":{"DisplayValue":"NAYAINOVA Atomizador Perfume Recargable 5ML, Mini Botella Rociadora Portátil, Bote Spray Pulverizador Colonia Viaje Rellenable, Perfumadores de Bolso, Bote Rellenable Perfume Viaje","Label":"Title","Locale":"es_ES"}},"Offers":{"Summaries":[{"Condition":{"Value":"New"},"LowestPrice":{"Amount":6.99,"Currency":"EUR","DisplayAmount":"6,99 €"}}]}},{"ASIN":"B0CJV4YBVZ","DetailPageURL":"https://www.amazon.es/dp/B0CJV4YBVZ?tag=topinalambricos-21&linkCode=osi&th=1&psc=1","Images":{"Primary":{"Small":{"Height":75,"URL":"https://m.media-amazon.com/images/I/41lam02VFbL._SL75_.jpg","Width":75}}},"ItemInfo":{"ByLineInfo":{"Brand":{"DisplayValue":"VIVIIHOO","Label":"Brand","Locale":"es_ES"},"Manufacturer":{"DisplayValue":"YML-QXW0036","Label":"Manufacturer","Locale":"es_ES"}},"Title":{"DisplayValue":"VIVIIHOO Atomizador de perfume 5ml 30pcs Mini botella de spray atomizador de bolsillo Recipiente de muestra Perfume Decantación sobre la marcha - ¡Perfecto para viajar!","Label":"Title","Locale":"es_ES"}},"Offers":{"Summaries":[{"Condition":{"Value":"New"},"LowestPrice":{"Amount":10.99,"Currency":"EUR","DisplayAmount":"10,99 €"}}]}},{"ASIN":"B0BZKZLDBG","DetailPageURL":"https://www.amazon.es/dp/B0BZKZLDBG?tag=topinalambricos-21&linkCode=osi&th=1&psc=1","Images":{"Primary":{"Small":{"Height":75,"URL":"https://m.media-amazon.com/images/I/31Kv-FpPrVL._SL75_.jpg","Width":75}}},"ItemInfo":{"ByLineInfo":{"Brand":{"DisplayValue":"Colexy","Label":"Brand","Locale":"es_ES"},"Manufacturer":{"DisplayValue":"Colexy","Label":"Manufacturer","Locale":"es_ES"}},"Title":{"DisplayValue":"Atomizador Perfume Recargable, 5ML Perfume Atomizador, Spray de Perfume Portátil, Mini Botella de Perfume, Perfumador Dispensador de Viaje, Botella Vacío Pulverizador Viaje (Plata)","Label":"Title","Locale":"es_ES"}},"Offers":{"Summaries":[{"Condition":{"Value":"New"},"LowestPrice":{"Amount":9.99,"Currency":"EUR","DisplayAmount":"9,99 €"}}]}},{"ASIN":"B09YY8H7J2","DetailPageURL":"https://www.amazon.es/dp/B09YY8H7J2?tag=topinalambricos-21&linkCode=osi&th=1&psc=1","Images":{"Primary":{"Small":{"Height":75,"URL":"https://m.media-amazon.com/images/I/41eKy4GKHUL._SL75_.jpg","Width":75}}},"ItemInfo":{"ByLineInfo":{"Brand":{"DisplayValue":"SSyang","Label":"Brand","Locale":"es_ES"},"Manufacturer":{"DisplayValue":"SSyang","Label":"Manufacturer","Locale":"es_ES"}},"Title":{"DisplayValue":"SSyang 10ML Porta Perfume de Viaje,2 Piezas Atomizador Perfume Recargable Dispensador de Perfume Portátil Mini Portátil Atomizador,para Viaje Bolso Mano Bolsillo Equipaje","Label":"Title","Locale":"es_ES"}},"Offers":{"Summaries":[{"Condition":{"Value":"New"},"LowestPrice":{"Amount":11.99,"Currency":"EUR","DisplayAmount":"11,99 €"}}]}},{"ASIN":"B0C2HSJ7KZ","DetailPageURL":"https://www.amazon.es/dp/B0C2HSJ7KZ?tag=topinalambricos-21&linkCode=osi&th=1&psc=1","Images":{"Primary":{"Small":{"Height":75,"URL":"https://m.media-amazon.com/images/I/41fNxffZZyL._SL75_.jpg","Width":75}}},"ItemInfo":{"ByLineInfo":{"Brand":{"DisplayValue":"IOSPKKIO","Label":"Brand","Locale":"es_ES"},"Manufacturer":{"DisplayValue":"IOSPKKIO","Label":"Manufacturer","Locale":"es_ES"}},"Title":{"DisplayValue":"IOSPKKIO® Atomizador de Perfume Recargables atomizador portátil Mini pulverizador de Bolsillo para Viajes 5 ml dispensador de Perfume de Piel de, Portátil y Duradero","Label":"Title","Locale":"es_ES"}},"Offers":{"Summaries":[{"Condition":{"Value":"New"},"LowestPrice":{"Amount":12.99,"Currency":"EUR","DisplayAmount":"12,99 €"}}]}},{"ASIN":"B0C5LK6GGN","DetailPageURL":"https://www.amazon.es/dp/B0C5LK6GGN?tag=topinalambricos-21&linkCode=osi&th=1&psc=1","Images":{"Primary":{"Small":{"Height":75,"URL":"https://m.media-amazon.com/images/I/41kz6NAQ6rL._SL75_.jpg","Width":75}}},"ItemInfo":{"ByLineInfo":{"Brand":{"DisplayValue":"Hanmir","Label":"Brand","Locale":"es_ES"},"Manufacturer":{"DisplayValue":"hanmir","Label":"Manufacturer","Locale":"es_ES"}},"Title":{"DisplayValue":"Hanmir Pulverizador de Perfume, 5pcs 8ml Pulverizador de Perfume Recargable Atomizador de Perfume Mini Botella Pulverizadora Portátil para Atomizador de Bolsillo","Label":"Title","Locale":"es_ES"}},"Offers":{"Summaries":[{"Condition":{"Value":"New"},"LowestPrice":{"Amount":18.99,"Currency":"EUR","DisplayAmount":"18,99 €"}}]}},{"ASIN":"B08LY4RBBC","DetailPageURL":"https://www.amazon.es/dp/B08LY4RBBC?tag=topinalambricos-21&linkCode=osi&th=1&psc=1","Images":{"Primary":{"Small":{"Height":56,"URL":"https://m.media-amazon.com/images/I/41QAmjr6ClL._SL75_.jpg","Width":75}}},"ItemInfo":{"ByLineInfo":{"Brand":{"DisplayValue":"Dicora UrbanFit","Label":"Brand","Locale":"es_ES"},"Manufacturer":{"DisplayValue":"Nuvaria Global SL","Label":"Manufacturer","Locale":"es_ES"}},"Title":{"DisplayValue":"Caja 12 sprays hidroalcohólicos para desinfectar las manos formato bolsillo. Aroma Aloe Vera. Caja 12 botes 75 ml rápido secado sin aclarado","Label":"Title","Locale":"es_ES"}},"Offers":{"Summaries":[{"Condition":{"Value":"New"},"LowestPrice":{"Amount":25.89,"Currency":"EUR","DisplayAmount":"25,89 €"}}]}},{"ASIN":"B0733PFDNJ","DetailPageURL":"https://www.amazon.es/dp/B0733PFDNJ?tag=topinalambricos-21&linkCode=osi&th=1&psc=1","Images":{"Primary":{"Small":{"Height":75,"URL":"https://m.media-amazon.com/images/I/41UudFt9I3L._SL75_.jpg","Width":75}}},"ItemInfo":{"ByLineInfo":{"Brand":{"DisplayValue":"AVON","Label":"Brand","Locale":"es_ES"},"Manufacturer":{"DisplayValue":"Avon","Label":"Manufacturer","Locale":"es_ES"}},"Title":{"DisplayValue":"Avon Set de 5 espray de perfume floral/duradero","Label":"Title","Locale":"es_ES"}},"Offers":{"Summaries":[{"Condition":{"Value":"New"},"LowestPrice":{"Amount":29.99,"Currency":"EUR","DisplayAmount":"29,99 € (599,80 € / l)","PricePerUnit":599.8}}]}}],"SearchURL":"https://www.amazon.es/s?k=bolsillo&rh=n%3A6397798031%2Cp_n_availability%3A-1&tag=topinalambricos-21&linkCode=osi","TotalResultCount":1000}},"36":{"SearchResult":{"Items":[{"ASIN":"B0CHSGBF7F","DetailPageURL":"https://www.amazon.es/dp/B0CHSGBF7F?tag=topinalambricos-21&linkCode=osi&th=1&psc=1","Images":{"Primary":{"Small":{"Height":75,"URL":"https://m.media-amazon.com/images/I/51Xnn7fKW9L._SL75_.jpg","Width":73}}},"ItemInfo":{"ByLineInfo":{"Brand":{"DisplayValue":"ETISEN","Label":"Brand","Locale":"es_ES"},"Manufacturer":{"DisplayValue":"china","Label":"Manufacturer","Locale":"es_ES"}},"Title":{"DisplayValue":"ETISEN, 5 PCS 5ML Atomizador Perfume Recargable, Mini botella rociadora portátil, Pulverizador colonia recargable, perfume miniatura sin fugas, frasco. Ideal para salir de fiesta, viajar, citas.","Label":"Title","Locale":"es_ES"}},"Offers":{"Summaries":[{"Condition":{"Value":"New"},"LowestPrice":{"Amount":7.39,"Currency":"EUR","DisplayAmount":"7,39 €"}}]}},{"ASIN":"B0CFW2YVZ7","DetailPageURL":"https://www.amazon.es/dp/B0CFW2YVZ7?tag=topinalambricos-21&linkCode=osi&th=1&psc=1","Images":{"Primary":{"Small":{"Height":75,"URL":"https://m.media-amazon.com/images/I/41vHs2TAnkL._SL75_.jpg","Width":75}}},"ItemInfo":{"ByLineInfo":{"Brand":{"DisplayValue":"R#N","Label":"Brand","Locale":"es_ES"},"Manufacturer":{"DisplayValue":"R#N","Label":"Manufacturer","Locale":"es_ES"}},"Title":{"DisplayValue":"R#N 8PCS 5ML Atomizador Perfume Recargable, Dispensador Perfume Viaje, Frasco Perfume Recargable, Pulverizador Colonia, Porta Perfume Dosificador Recargable (4)","Label":"Title","Locale":"es_ES"}},"Offers":{"Summaries":[{"Condition":{"Value":"New"},"LowestPrice":{"Amount":6.99,"Currency":"EUR","DisplayAmount":"6,99 €"}}]}},{"ASIN":"B0CFZS79Q9","DetailPageURL":"https://www.amazon.es/dp/B0CFZS79Q9?tag=topinalambricos-21&linkCode=osi&th=1&psc=1","Images":{"Primary":{"Small":{"Height":72,"URL":"https://m.media-amazon.com/images/I/51IJUFZ+PML._SL75_.jpg","Width":75}}},"ItemInfo":{"ByLineInfo":{"Brand":{"DisplayValue":"NAYAINOVA","Label":"Brand","Locale":"es_ES"},"Manufacturer":{"DisplayValue":"NAYAINOVA","Label":"Manufacturer","Locale":"es_ES"}},"Title":{"DisplayValue":"NAYAINOVA Atomizador Perfume Recargable 5ML, Mini Botella Rociadora Portátil, Bote Spray Pulverizador Colonia Viaje Rellenable, Perfumadores de Bolso, Bote Rellenable Perfume Viaje","Label":"Title","Locale":"es_ES"}},"Offers":{"Summaries":[{"Condition":{"Value":"New"},"LowestPrice":{"Amount":6.99,"Currency":"EUR","DisplayAmount":"6,99 €"}}]}},{"ASIN":"B0CJV4YBVZ","DetailPageURL":"https://www.amazon.es/dp/B0CJV4YBVZ?tag=topinalambricos-21&linkCode=osi&th=1&psc=1","Images":{"Primary":{"Small":{"Height":75,"URL":"https://m.media-amazon.com/images/I/41lam02VFbL._SL75_.jpg","Width":75}}},"ItemInfo":{"ByLineInfo":{"Brand":{"DisplayValue":"VIVIIHOO","Label":"Brand","Locale":"es_ES"},"Manufacturer":{"DisplayValue":"YML-QXW0036","Label":"Manufacturer","Locale":"es_ES"}},"Title":{"DisplayValue":"VIVIIHOO Atomizador de perfume 5ml 30pcs Mini botella de spray atomizador de bolsillo Recipiente de muestra Perfume Decantación sobre la marcha - ¡Perfecto para viajar!","Label":"Title","Locale":"es_ES"}},"Offers":{"Summaries":[{"Condition":{"Value":"New"},"LowestPrice":{"Amount":10.99,"Currency":"EUR","DisplayAmount":"10,99 €"}}]}},{"ASIN":"B0BZKZLDBG","DetailPageURL":"https://www.amazon.es/dp/B0BZKZLDBG?tag=topinalambricos-21&linkCode=osi&th=1&psc=1","Images":{"Primary":{"Small":{"Height":75,"URL":"https://m.media-amazon.com/images/I/31Kv-FpPrVL._SL75_.jpg","Width":75}}},"ItemInfo":{"ByLineInfo":{"Brand":{"DisplayValue":"Colexy","Label":"Brand","Locale":"es_ES"},"Manufacturer":{"DisplayValue":"Colexy","Label":"Manufacturer","Locale":"es_ES"}},"Title":{"DisplayValue":"Atomizador Perfume Recargable, 5ML Perfume Atomizador, Spray de Perfume Portátil, Mini Botella de Perfume, Perfumador Dispensador de Viaje, Botella Vacío Pulverizador Viaje (Plata)","Label":"Title","Locale":"es_ES"}},"Offers":{"Summaries":[{"Condition":{"Value":"New"},"LowestPrice":{"Amount":9.99,"Currency":"EUR","DisplayAmount":"9,99 €"}}]}},{"ASIN":"B09YY8H7J2","DetailPageURL":"https://www.amazon.es/dp/B09YY8H7J2?tag=topinalambricos-21&linkCode=osi&th=1&psc=1","Images":{"Primary":{"Small":{"Height":75,"URL":"https://m.media-amazon.com/images/I/41eKy4GKHUL._SL75_.jpg","Width":75}}},"ItemInfo":{"ByLineInfo":{"Brand":{"DisplayValue":"SSyang","Label":"Brand","Locale":"es_ES"},"Manufacturer":{"DisplayValue":"SSyang","Label":"Manufacturer","Locale":"es_ES"}},"Title":{"DisplayValue":"SSyang 10ML Porta Perfume de Viaje,2 Piezas Atomizador Perfume Recargable Dispensador de Perfume Portátil Mini Portátil Atomizador,para Viaje Bolso Mano Bolsillo Equipaje","Label":"Title","Locale":"es_ES"}},"Offers":{"Summaries":[{"Condition":{"Value":"New"},"LowestPrice":{"Amount":11.99,"Currency":"EUR","DisplayAmount":"11,99 €"}}]}},{"ASIN":"B0C2HSJ7KZ","DetailPageURL":"https://www.amazon.es/dp/B0C2HSJ7KZ?tag=topinalambricos-21&linkCode=osi&th=1&psc=1","Images":{"Primary":{"Small":{"Height":75,"URL":"https://m.media-amazon.com/images/I/41fNxffZZyL._SL75_.jpg","Width":75}}},"ItemInfo":{"ByLineInfo":{"Brand":{"DisplayValue":"IOSPKKIO","Label":"Brand","Locale":"es_ES"},"Manufacturer":{"DisplayValue":"IOSPKKIO","Label":"Manufacturer","Locale":"es_ES"}},"Title":{"DisplayValue":"IOSPKKIO® Atomizador de Perfume Recargables atomizador portátil Mini pulverizador de Bolsillo para Viajes 5 ml dispensador de Perfume de Piel de, Portátil y Duradero","Label":"Title","Locale":"es_ES"}},"Offers":{"Summaries":[{"Condition":{"Value":"New"},"LowestPrice":{"Amount":12.99,"Currency":"EUR","DisplayAmount":"12,99 €"}}]}},{"ASIN":"B0C5LK6GGN","DetailPageURL":"https://www.amazon.es/dp/B0C5LK6GGN?tag=topinalambricos-21&linkCode=osi&th=1&psc=1","Images":{"Primary":{"Small":{"Height":75,"URL":"https://m.media-amazon.com/images/I/41kz6NAQ6rL._SL75_.jpg","Width":75}}},"ItemInfo":{"ByLineInfo":{"Brand":{"DisplayValue":"Hanmir","Label":"Brand","Locale":"es_ES"},"Manufacturer":{"DisplayValue":"hanmir","Label":"Manufacturer","Locale":"es_ES"}},"Title":{"DisplayValue":"Hanmir Pulverizador de Perfume, 5pcs 8ml Pulverizador de Perfume Recargable Atomizador de Perfume Mini Botella Pulverizadora Portátil para Atomizador de Bolsillo","Label":"Title","Locale":"es_ES"}},"Offers":{"Summaries":[{"Condition":{"Value":"New"},"LowestPrice":{"Amount":18.99,"Currency":"EUR","DisplayAmount":"18,99 €"}}]}},{"ASIN":"B08LY4RBBC","DetailPageURL":"https://www.amazon.es/dp/B08LY4RBBC?tag=topinalambricos-21&linkCode=osi&th=1&psc=1","Images":{"Primary":{"Small":{"Height":56,"URL":"https://m.media-amazon.com/images/I/41QAmjr6ClL._SL75_.jpg","Width":75}}},"ItemInfo":{"ByLineInfo":{"Brand":{"DisplayValue":"Dicora UrbanFit","Label":"Brand","Locale":"es_ES"},"Manufacturer":{"DisplayValue":"Nuvaria Global SL","Label":"Manufacturer","Locale":"es_ES"}},"Title":{"DisplayValue":"Caja 12 sprays hidroalcohólicos para desinfectar las manos formato bolsillo. Aroma Aloe Vera. Caja 12 botes 75 ml rápido secado sin aclarado","Label":"Title","Locale":"es_ES"}},"Offers":{"Summaries":[{"Condition":{"Value":"New"},"LowestPrice":{"Amount":25.89,"Currency":"EUR","DisplayAmount":"25,89 €"}}]}},{"ASIN":"B0733PFDNJ","DetailPageURL":"https://www.amazon.es/dp/B0733PFDNJ?tag=topinalambricos-21&linkCode=osi&th=1&psc=1","Images":{"Primary":{"Small":{"Height":75,"URL":"https://m.media-amazon.com/images/I/41UudFt9I3L._SL75_.jpg","Width":75}}},"ItemInfo":{"ByLineInfo":{"Brand":{"DisplayValue":"AVON","Label":"Brand","Locale":"es_ES"},"Manufacturer":{"DisplayValue":"Avon","Label":"Manufacturer","Locale":"es_ES"}},"Title":{"DisplayValue":"Avon Set de 5 espray de perfume floral/duradero","Label":"Title","Locale":"es_ES"}},"Offers":{"Summaries":[{"Condition":{"Value":"New"},"LowestPrice":{"Amount":29.99,"Currency":"EUR","DisplayAmount":"29,99 € (599,80 € / l)","PricePerUnit":599.8}}]}}],"SearchURL":"https://www.amazon.es/s?k=bolsillo&rh=n%3A6397798031%2Cp_n_availability%3A-1&tag=topinalambricos-21&linkCode=osi","TotalResultCount":1000}},"37":{"SearchResult":{"Items":[{"ASIN":"B0CHSGBF7F","DetailPageURL":"https://www.amazon.es/dp/B0CHSGBF7F?tag=topinalambricos-21&linkCode=osi&th=1&psc=1","Images":{"Primary":{"Small":{"Height":75,"URL":"https://m.media-amazon.com/images/I/51Xnn7fKW9L._SL75_.jpg","Width":73}}},"ItemInfo":{"ByLineInfo":{"Brand":{"DisplayValue":"ETISEN","Label":"Brand","Locale":"es_ES"},"Manufacturer":{"DisplayValue":"china","Label":"Manufacturer","Locale":"es_ES"}},"Title":{"DisplayValue":"ETISEN, 5 PCS 5ML Atomizador Perfume Recargable, Mini botella rociadora portátil, Pulverizador colonia recargable, perfume miniatura sin fugas, frasco. Ideal para salir de fiesta, viajar, citas.","Label":"Title","Locale":"es_ES"}},"Offers":{"Summaries":[{"Condition":{"Value":"New"},"LowestPrice":{"Amount":7.39,"Currency":"EUR","DisplayAmount":"7,39 €"}}]}},{"ASIN":"B0CFW2YVZ7","DetailPageURL":"https://www.amazon.es/dp/B0CFW2YVZ7?tag=topinalambricos-21&linkCode=osi&th=1&psc=1","Images":{"Primary":{"Small":{"Height":75,"URL":"https://m.media-amazon.com/images/I/41vHs2TAnkL._SL75_.jpg","Width":75}}},"ItemInfo":{"ByLineInfo":{"Brand":{"DisplayValue":"R#N","Label":"Brand","Locale":"es_ES"},"Manufacturer":{"DisplayValue":"R#N","Label":"Manufacturer","Locale":"es_ES"}},"Title":{"DisplayValue":"R#N 8PCS 5ML Atomizador Perfume Recargable, Dispensador Perfume Viaje, Frasco Perfume Recargable, Pulverizador Colonia, Porta Perfume Dosificador Recargable (4)","Label":"Title","Locale":"es_ES"}},"Offers":{"Summaries":[{"Condition":{"Value":"New"},"LowestPrice":{"Amount":6.99,"Currency":"EUR","DisplayAmount":"6,99 €"}}]}},{"ASIN":"B0CFZS79Q9","DetailPageURL":"https://www.amazon.es/dp/B0CFZS79Q9?tag=topinalambricos-21&linkCode=osi&th=1&psc=1","Images":{"Primary":{"Small":{"Height":72,"URL":"https://m.media-amazon.com/images/I/51IJUFZ+PML._SL75_.jpg","Width":75}}},"ItemInfo":{"ByLineInfo":{"Brand":{"DisplayValue":"NAYAINOVA","Label":"Brand","Locale":"es_ES"},"Manufacturer":{"DisplayValue":"NAYAINOVA","Label":"Manufacturer","Locale":"es_ES"}},"Title":{"DisplayValue":"NAYAINOVA Atomizador Perfume Recargable 5ML, Mini Botella Rociadora Portátil, Bote Spray Pulverizador Colonia Viaje Rellenable, Perfumadores de Bolso, Bote Rellenable Perfume Viaje","Label":"Title","Locale":"es_ES"}},"Offers":{"Summaries":[{"Condition":{"Value":"New"},"LowestPrice":{"Amount":6.99,"Currency":"EUR","DisplayAmount":"6,99 €"}}]}},{"ASIN":"B0CJV4YBVZ","DetailPageURL":"https://www.amazon.es/dp/B0CJV4YBVZ?tag=topinalambricos-21&linkCode=osi&th=1&psc=1","Images":{"Primary":{"Small":{"Height":75,"URL":"https://m.media-amazon.com/images/I/41lam02VFbL._SL75_.jpg","Width":75}}},"ItemInfo":{"ByLineInfo":{"Brand":{"DisplayValue":"VIVIIHOO","Label":"Brand","Locale":"es_ES"},"Manufacturer":{"DisplayValue":"YML-QXW0036","Label":"Manufacturer","Locale":"es_ES"}},"Title":{"DisplayValue":"VIVIIHOO Atomizador de perfume 5ml 30pcs Mini botella de spray atomizador de bolsillo Recipiente de muestra Perfume Decantación sobre la marcha - ¡Perfecto para viajar!","Label":"Title","Locale":"es_ES"}},"Offers":{"Summaries":[{"Condition":{"Value":"New"},"LowestPrice":{"Amount":10.99,"Currency":"EUR","DisplayAmount":"10,99 €"}}]}},{"ASIN":"B0BZKZLDBG","DetailPageURL":"https://www.amazon.es/dp/B0BZKZLDBG?tag=topinalambricos-21&linkCode=osi&th=1&psc=1","Images":{"Primary":{"Small":{"Height":75,"URL":"https://m.media-amazon.com/images/I/31Kv-FpPrVL._SL75_.jpg","Width":75}}},"ItemInfo":{"ByLineInfo":{"Brand":{"DisplayValue":"Colexy","Label":"Brand","Locale":"es_ES"},"Manufacturer":{"DisplayValue":"Colexy","Label":"Manufacturer","Locale":"es_ES"}},"Title":{"DisplayValue":"Atomizador Perfume Recargable, 5ML Perfume Atomizador, Spray de Perfume Portátil, Mini Botella de Perfume, Perfumador Dispensador de Viaje, Botella Vacío Pulverizador Viaje (Plata)","Label":"Title","Locale":"es_ES"}},"Offers":{"Summaries":[{"Condition":{"Value":"New"},"LowestPrice":{"Amount":9.99,"Currency":"EUR","DisplayAmount":"9,99 €"}}]}},{"ASIN":"B09YY8H7J2","DetailPageURL":"https://www.amazon.es/dp/B09YY8H7J2?tag=topinalambricos-21&linkCode=osi&th=1&psc=1","Images":{"Primary":{"Small":{"Height":75,"URL":"https://m.media-amazon.com/images/I/41eKy4GKHUL._SL75_.jpg","Width":75}}},"ItemInfo":{"ByLineInfo":{"Brand":{"DisplayValue":"SSyang","Label":"Brand","Locale":"es_ES"},"Manufacturer":{"DisplayValue":"SSyang","Label":"Manufacturer","Locale":"es_ES"}},"Title":{"DisplayValue":"SSyang 10ML Porta Perfume de Viaje,2 Piezas Atomizador Perfume Recargable Dispensador de Perfume Portátil Mini Portátil Atomizador,para Viaje Bolso Mano Bolsillo Equipaje","Label":"Title","Locale":"es_ES"}},"Offers":{"Summaries":[{"Condition":{"Value":"New"},"LowestPrice":{"Amount":11.99,"Currency":"EUR","DisplayAmount":"11,99 €"}}]}},{"ASIN":"B0C2HSJ7KZ","DetailPageURL":"https://www.amazon.es/dp/B0C2HSJ7KZ?tag=topinalambricos-21&linkCode=osi&th=1&psc=1","Images":{"Primary":{"Small":{"Height":75,"URL":"https://m.media-amazon.com/images/I/41fNxffZZyL._SL75_.jpg","Width":75}}},"ItemInfo":{"ByLineInfo":{"Brand":{"DisplayValue":"IOSPKKIO","Label":"Brand","Locale":"es_ES"},"Manufacturer":{"DisplayValue":"IOSPKKIO","Label":"Manufacturer","Locale":"es_ES"}},"Title":{"DisplayValue":"IOSPKKIO® Atomizador de Perfume Recargables atomizador portátil Mini pulverizador de Bolsillo para Viajes 5 ml dispensador de Perfume de Piel de, Portátil y Duradero","Label":"Title","Locale":"es_ES"}},"Offers":{"Summaries":[{"Condition":{"Value":"New"},"LowestPrice":{"Amount":12.99,"Currency":"EUR","DisplayAmount":"12,99 €"}}]}},{"ASIN":"B0C5LK6GGN","DetailPageURL":"https://www.amazon.es/dp/B0C5LK6GGN?tag=topinalambricos-21&linkCode=osi&th=1&psc=1","Images":{"Primary":{"Small":{"Height":75,"URL":"https://m.media-amazon.com/images/I/41kz6NAQ6rL._SL75_.jpg","Width":75}}},"ItemInfo":{"ByLineInfo":{"Brand":{"DisplayValue":"Hanmir","Label":"Brand","Locale":"es_ES"},"Manufacturer":{"DisplayValue":"hanmir","Label":"Manufacturer","Locale":"es_ES"}},"Title":{"DisplayValue":"Hanmir Pulverizador de Perfume, 5pcs 8ml Pulverizador de Perfume Recargable Atomizador de Perfume Mini Botella Pulverizadora Portátil para Atomizador de Bolsillo","Label":"Title","Locale":"es_ES"}},"Offers":{"Summaries":[{"Condition":{"Value":"New"},"LowestPrice":{"Amount":18.99,"Currency":"EUR","DisplayAmount":"18,99 €"}}]}},{"ASIN":"B08LY4RBBC","DetailPageURL":"https://www.amazon.es/dp/B08LY4RBBC?tag=topinalambricos-21&linkCode=osi&th=1&psc=1","Images":{"Primary":{"Small":{"Height":56,"URL":"https://m.media-amazon.com/images/I/41QAmjr6ClL._SL75_.jpg","Width":75}}},"ItemInfo":{"ByLineInfo":{"Brand":{"DisplayValue":"Dicora UrbanFit","Label":"Brand","Locale":"es_ES"},"Manufacturer":{"DisplayValue":"Nuvaria Global SL","Label":"Manufacturer","Locale":"es_ES"}},"Title":{"DisplayValue":"Caja 12 sprays hidroalcohólicos para desinfectar las manos formato bolsillo. Aroma Aloe Vera. Caja 12 botes 75 ml rápido secado sin aclarado","Label":"Title","Locale":"es_ES"}},"Offers":{"Summaries":[{"Condition":{"Value":"New"},"LowestPrice":{"Amount":25.89,"Currency":"EUR","DisplayAmount":"25,89 €"}}]}},{"ASIN":"B0733PFDNJ","DetailPageURL":"https://www.amazon.es/dp/B0733PFDNJ?tag=topinalambricos-21&linkCode=osi&th=1&psc=1","Images":{"Primary":{"Small":{"Height":75,"URL":"https://m.media-amazon.com/images/I/41UudFt9I3L._SL75_.jpg","Width":75}}},"ItemInfo":{"ByLineInfo":{"Brand":{"DisplayValue":"AVON","Label":"Brand","Locale":"es_ES"},"Manufacturer":{"DisplayValue":"Avon","Label":"Manufacturer","Locale":"es_ES"}},"Title":{"DisplayValue":"Avon Set de 5 espray de perfume floral/duradero","Label":"Title","Locale":"es_ES"}},"Offers":{"Summaries":[{"Condition":{"Value":"New"},"LowestPrice":{"Amount":29.99,"Currency":"EUR","DisplayAmount":"29,99 € (599,80 € / l)","PricePerUnit":599.8}}]}}],"SearchURL":"https://www.amazon.es/s?k=bolsillo&rh=n%3A6397798031%2Cp_n_availability%3A-1&tag=topinalambricos-21&linkCode=osi","TotalResultCount":1000}},"38":{"SearchResult":{"Items":[{"ASIN":"B0CHSGBF7F","DetailPageURL":"https://www.amazon.es/dp/B0CHSGBF7F?tag=topinalambricos-21&linkCode=osi&th=1&psc=1","Images":{"Primary":{"Small":{"Height":75,"URL":"https://m.media-amazon.com/images/I/51Xnn7fKW9L._SL75_.jpg","Width":73}}},"ItemInfo":{"ByLineInfo":{"Brand":{"DisplayValue":"ETISEN","Label":"Brand","Locale":"es_ES"},"Manufacturer":{"DisplayValue":"china","Label":"Manufacturer","Locale":"es_ES"}},"Title":{"DisplayValue":"ETISEN, 5 PCS 5ML Atomizador Perfume Recargable, Mini botella rociadora portátil, Pulverizador colonia recargable, perfume miniatura sin fugas, frasco. Ideal para salir de fiesta, viajar, citas.","Label":"Title","Locale":"es_ES"}},"Offers":{"Summaries":[{"Condition":{"Value":"New"},"LowestPrice":{"Amount":7.39,"Currency":"EUR","DisplayAmount":"7,39 €"}}]}},{"ASIN":"B0CFW2YVZ7","DetailPageURL":"https://www.amazon.es/dp/B0CFW2YVZ7?tag=topinalambricos-21&linkCode=osi&th=1&psc=1","Images":{"Primary":{"Small":{"Height":75,"URL":"https://m.media-amazon.com/images/I/41vHs2TAnkL._SL75_.jpg","Width":75}}},"ItemInfo":{"ByLineInfo":{"Brand":{"DisplayValue":"R#N","Label":"Brand","Locale":"es_ES"},"Manufacturer":{"DisplayValue":"R#N","Label":"Manufacturer","Locale":"es_ES"}},"Title":{"DisplayValue":"R#N 8PCS 5ML Atomizador Perfume Recargable, Dispensador Perfume Viaje, Frasco Perfume Recargable, Pulverizador Colonia, Porta Perfume Dosificador Recargable (4)","Label":"Title","Locale":"es_ES"}},"Offers":{"Summaries":[{"Condition":{"Value":"New"},"LowestPrice":{"Amount":6.99,"Currency":"EUR","DisplayAmount":"6,99 €"}}]}},{"ASIN":"B0CFZS79Q9","DetailPageURL":"https://www.amazon.es/dp/B0CFZS79Q9?tag=topinalambricos-21&linkCode=osi&th=1&psc=1","Images":{"Primary":{"Small":{"Height":72,"URL":"https://m.media-amazon.com/images/I/51IJUFZ+PML._SL75_.jpg","Width":75}}},"ItemInfo":{"ByLineInfo":{"Brand":{"DisplayValue":"NAYAINOVA","Label":"Brand","Locale":"es_ES"},"Manufacturer":{"DisplayValue":"NAYAINOVA","Label":"Manufacturer","Locale":"es_ES"}},"Title":{"DisplayValue":"NAYAINOVA Atomizador Perfume Recargable 5ML, Mini Botella Rociadora Portátil, Bote Spray Pulverizador Colonia Viaje Rellenable, Perfumadores de Bolso, Bote Rellenable Perfume Viaje","Label":"Title","Locale":"es_ES"}},"Offers":{"Summaries":[{"Condition":{"Value":"New"},"LowestPrice":{"Amount":6.99,"Currency":"EUR","DisplayAmount":"6,99 €"}}]}},{"ASIN":"B0CJV4YBVZ","DetailPageURL":"https://www.amazon.es/dp/B0CJV4YBVZ?tag=topinalambricos-21&linkCode=osi&th=1&psc=1","Images":{"Primary":{"Small":{"Height":75,"URL":"https://m.media-amazon.com/images/I/41lam02VFbL._SL75_.jpg","Width":75}}},"ItemInfo":{"ByLineInfo":{"Brand":{"DisplayValue":"VIVIIHOO","Label":"Brand","Locale":"es_ES"},"Manufacturer":{"DisplayValue":"YML-QXW0036","Label":"Manufacturer","Locale":"es_ES"}},"Title":{"DisplayValue":"VIVIIHOO Atomizador de perfume 5ml 30pcs Mini botella de spray atomizador de bolsillo Recipiente de muestra Perfume Decantación sobre la marcha - ¡Perfecto para viajar!","Label":"Title","Locale":"es_ES"}},"Offers":{"Summaries":[{"Condition":{"Value":"New"},"LowestPrice":{"Amount":10.99,"Currency":"EUR","DisplayAmount":"10,99 €"}}]}},{"ASIN":"B0BZKZLDBG","DetailPageURL":"https://www.amazon.es/dp/B0BZKZLDBG?tag=topinalambricos-21&linkCode=osi&th=1&psc=1","Images":{"Primary":{"Small":{"Height":75,"URL":"https://m.media-amazon.com/images/I/31Kv-FpPrVL._SL75_.jpg","Width":75}}},"ItemInfo":{"ByLineInfo":{"Brand":{"DisplayValue":"Colexy","Label":"Brand","Locale":"es_ES"},"Manufacturer":{"DisplayValue":"Colexy","Label":"Manufacturer","Locale":"es_ES"}},"Title":{"DisplayValue":"Atomizador Perfume Recargable, 5ML Perfume Atomizador, Spray de Perfume Portátil, Mini Botella de Perfume, Perfumador Dispensador de Viaje, Botella Vacío Pulverizador Viaje (Plata)","Label":"Title","Locale":"es_ES"}},"Offers":{"Summaries":[{"Condition":{"Value":"New"},"LowestPrice":{"Amount":9.99,"Currency":"EUR","DisplayAmount":"9,99 €"}}]}},{"ASIN":"B09YY8H7J2","DetailPageURL":"https://www.amazon.es/dp/B09YY8H7J2?tag=topinalambricos-21&linkCode=osi&th=1&psc=1","Images":{"Primary":{"Small":{"Height":75,"URL":"https://m.media-amazon.com/images/I/41eKy4GKHUL._SL75_.jpg","Width":75}}},"ItemInfo":{"ByLineInfo":{"Brand":{"DisplayValue":"SSyang","Label":"Brand","Locale":"es_ES"},"Manufacturer":{"DisplayValue":"SSyang","Label":"Manufacturer","Locale":"es_ES"}},"Title":{"DisplayValue":"SSyang 10ML Porta Perfume de Viaje,2 Piezas Atomizador Perfume Recargable Dispensador de Perfume Portátil Mini Portátil Atomizador,para Viaje Bolso Mano Bolsillo Equipaje","Label":"Title","Locale":"es_ES"}},"Offers":{"Summaries":[{"Condition":{"Value":"New"},"LowestPrice":{"Amount":11.99,"Currency":"EUR","DisplayAmount":"11,99 €"}}]}},{"ASIN":"B0C2HSJ7KZ","DetailPageURL":"https://www.amazon.es/dp/B0C2HSJ7KZ?tag=topinalambricos-21&linkCode=osi&th=1&psc=1","Images":{"Primary":{"Small":{"Height":75,"URL":"https://m.media-amazon.com/images/I/41fNxffZZyL._SL75_.jpg","Width":75}}},"ItemInfo":{"ByLineInfo":{"Brand":{"DisplayValue":"IOSPKKIO","Label":"Brand","Locale":"es_ES"},"Manufacturer":{"DisplayValue":"IOSPKKIO","Label":"Manufacturer","Locale":"es_ES"}},"Title":{"DisplayValue":"IOSPKKIO® Atomizador de Perfume Recargables atomizador portátil Mini pulverizador de Bolsillo para Viajes 5 ml dispensador de Perfume de Piel de, Portátil y Duradero","Label":"Title","Locale":"es_ES"}},"Offers":{"Summaries":[{"Condition":{"Value":"New"},"LowestPrice":{"Amount":12.99,"Currency":"EUR","DisplayAmount":"12,99 €"}}]}},{"ASIN":"B0C5LK6GGN","DetailPageURL":"https://www.amazon.es/dp/B0C5LK6GGN?tag=topinalambricos-21&linkCode=osi&th=1&psc=1","Images":{"Primary":{"Small":{"Height":75,"URL":"https://m.media-amazon.com/images/I/41kz6NAQ6rL._SL75_.jpg","Width":75}}},"ItemInfo":{"ByLineInfo":{"Brand":{"DisplayValue":"Hanmir","Label":"Brand","Locale":"es_ES"},"Manufacturer":{"DisplayValue":"hanmir","Label":"Manufacturer","Locale":"es_ES"}},"Title":{"DisplayValue":"Hanmir Pulverizador de Perfume, 5pcs 8ml Pulverizador de Perfume Recargable Atomizador de Perfume Mini Botella Pulverizadora Portátil para Atomizador de Bolsillo","Label":"Title","Locale":"es_ES"}},"Offers":{"Summaries":[{"Condition":{"Value":"New"},"LowestPrice":{"Amount":18.99,"Currency":"EUR","DisplayAmount":"18,99 €"}}]}},{"ASIN":"B08LY4RBBC","DetailPageURL":"https://www.amazon.es/dp/B08LY4RBBC?tag=topinalambricos-21&linkCode=osi&th=1&psc=1","Images":{"Primary":{"Small":{"Height":56,"URL":"https://m.media-amazon.com/images/I/41QAmjr6ClL._SL75_.jpg","Width":75}}},"ItemInfo":{"ByLineInfo":{"Brand":{"DisplayValue":"Dicora UrbanFit","Label":"Brand","Locale":"es_ES"},"Manufacturer":{"DisplayValue":"Nuvaria Global SL","Label":"Manufacturer","Locale":"es_ES"}},"Title":{"DisplayValue":"Caja 12 sprays hidroalcohólicos para desinfectar las manos formato bolsillo. Aroma Aloe Vera. Caja 12 botes 75 ml rápido secado sin aclarado","Label":"Title","Locale":"es_ES"}},"Offers":{"Summaries":[{"Condition":{"Value":"New"},"LowestPrice":{"Amount":25.89,"Currency":"EUR","DisplayAmount":"25,89 €"}}]}},{"ASIN":"B0733PFDNJ","DetailPageURL":"https://www.amazon.es/dp/B0733PFDNJ?tag=topinalambricos-21&linkCode=osi&th=1&psc=1","Images":{"Primary":{"Small":{"Height":75,"URL":"https://m.media-amazon.com/images/I/41UudFt9I3L._SL75_.jpg","Width":75}}},"ItemInfo":{"ByLineInfo":{"Brand":{"DisplayValue":"AVON","Label":"Brand","Locale":"es_ES"},"Manufacturer":{"DisplayValue":"Avon","Label":"Manufacturer","Locale":"es_ES"}},"Title":{"DisplayValue":"Avon Set de 5 espray de perfume floral/duradero","Label":"Title","Locale":"es_ES"}},"Offers":{"Summaries":[{"Condition":{"Value":"New"},"LowestPrice":{"Amount":29.99,"Currency":"EUR","DisplayAmount":"29,99 € (599,80 € / l)","PricePerUnit":599.8}}]}}],"SearchURL":"https://www.amazon.es/s?k=bolsillo&rh=n%3A6397798031%2Cp_n_availability%3A-1&tag=topinalambricos-21&linkCode=osi","TotalResultCount":1000}},"39":{"SearchResult":{"Items":[{"ASIN":"B09ZP2FTBG","DetailPageURL":"https://www.amazon.es/dp/B09ZP2FTBG?tag=topinalambricos-21&linkCode=osi&th=1&psc=1","Images":{"Primary":{"Small":{"Height":75,"URL":"https://m.media-amazon.com/images/I/51KEPJ5ifkL._SL75_.jpg","Width":75}}},"ItemInfo":{"ByLineInfo":{"Brand":{"DisplayValue":"Bipily","Label":"Brand","Locale":"es_ES"}},"Title":{"DisplayValue":"Bipily Camiseta para Mujer Blusa de Encaje con Cuello en V de Gasa Manga Larga Elegante y Básica Color Sólido Tops(Blanco,S)","Label":"Title","Locale":"es_ES"}},"Offers":{"Summaries":[{"Condition":{"Value":"New"},"LowestPrice":{"Amount":26.99,"Currency":"EUR","DisplayAmount":"26,99 €"}}]}},{"ASIN":"B09XPWJG16","DetailPageURL":"https://www.amazon.es/dp/B09XPWJG16?tag=topinalambricos-21&linkCode=osi&th=1&psc=1","Images":{"Primary":{"Small":{"Height":75,"URL":"https://m.media-amazon.com/images/I/51a1JfNqP4L._SL75_.jpg","Width":59}}},"ItemInfo":{"ByLineInfo":{"Brand":{"DisplayValue":"PANOZON","Label":"Brand","Locale":"es_ES"}},"Title":{"DisplayValue":"PANOZON Mujer Camiseta de Encaje sin Mangas Top Elástico Cuello V Sexy Camisola Cami Casual (L, A-Negro)","Label":"Title","Locale":"es_ES"}},"Offers":{"Summaries":[{"Condition":{"Value":"New"},"LowestPrice":{"Amount":12.99,"Currency":"EUR","DisplayAmount":"12,99 €"}}]}},{"ASIN":"B0BRFZWTQ8","DetailPageURL":"https://www.amazon.es/dp/B0BRFZWTQ8?tag=topinalambricos-21&linkCode=osi&th=1&psc=1","Images":{"Primary":{"Small":{"Height":75,"URL":"https://m.media-amazon.com/images/I/41-vYGBGBiL._SL75_.jpg","Width":58}}},"ItemInfo":{"ByLineInfo":{"Brand":{"DisplayValue":"GRACE KARIN","Label":"Brand","Locale":"es_ES"}},"Title":{"DisplayValue":"Blusa Elegante de Encaje con Manga 3/4 para Mujer Blusa de Color para Primavera y Verano Color Blanco 2XL","Label":"Title","Locale":"es_ES"}},"Offers":{"Summaries":[{"Condition":{"Value":"New"},"LowestPrice":{"Amount":27.99,"Currency":"EUR","DisplayAmount":"27,99 €"}}]}},{"ASIN":"B085R4TJ4J","DetailPageURL":"https://www.amazon.es/dp/B085R4TJ4J?tag=topinalambricos-21&linkCode=osi&th=1&psc=1","Images":{"Primary":{"Small":{"Height":75,"URL":"https://m.media-amazon.com/images/I/41cR4jz1LpS._SL75_.jpg","Width":57}}},"ItemInfo":{"ByLineInfo":{"Brand":{"DisplayValue":"JDY","Label":"Brand","Locale":"es_ES"},"Manufacturer":{"DisplayValue":"JdY","Label":"Manufacturer","Locale":"es_ES"}},"Title":{"DisplayValue":"JDY Jdyblond S/l Top Jrs Noos Blusas, Bailarina De La Nube, XL para Mujer","Label":"Title","Locale":"es_ES"}},"Offers":{"Summaries":[{"Condition":{"Value":"New"},"LowestPrice":{"Amount":9.0,"Currency":"EUR","DisplayAmount":"9,00 €"}}]}},{"ASIN":"B0BNBLDHHP","DetailPageURL":"https://www.amazon.es/dp/B0BNBLDHHP?tag=topinalambricos-21&linkCode=osi&th=1&psc=1","Images":{"Primary":{"Small":{"Height":75,"URL":"https://m.media-amazon.com/images/I/51+17SOyARL._SL75_.jpg","Width":56}}},"ItemInfo":{"ByLineInfo":{"Brand":{"DisplayValue":"GORGLITTER","Label":"Brand","Locale":"es_ES"}},"Title":{"DisplayValue":"GORGLITTER Blusa elegante para mujer, cuello alto, camiseta de manga larga, encaje, túnica con mangas de farol, Blanco, M","Label":"Title","Locale":"es_ES"}},"Offers":{"Summaries":[{"Condition":{"Value":"New"},"LowestPrice":{"Amount":32.19,"Currency":"EUR","DisplayAmount":"32,19 €"}}]}},{"ASIN":"B07G4CYFW3","DetailPageURL":"https://www.amazon.es/dp/B07G4CYFW3?tag=topinalambricos-21&linkCode=osi&th=1&psc=1","Images":{"Primary":{"Small":{"Height":75,"URL":"https://m.media-amazon.com/images/I/51xBN5FTCtL._SL75_.jpg","Width":75}}},"ItemInfo":{"ByLineInfo":{"Brand":{"DisplayValue":"SHOBDW Camisetas de manga larga","Label":"Brand","Locale":"es_ES"}},"Title":{"DisplayValue":"SHOBDW Mujeres Gasa Sólida O Cuello Sexy Encaje Elegante Otoño Tops Casual Blusa Camiseta Camisa de Manga Larga (Blanco,M)","Label":"Title","Locale":"es_ES"}},"Offers":{"Summaries":[{"Condition":{"Value":"New"},"LowestPrice":{"Amount":10.99,"Currency":"EUR","DisplayAmount":"10,99 €"}}]}},{"ASIN":"B0B51T51HB","DetailPageURL":"https://www.amazon.es/dp/B0B51T51HB?tag=topinalambricos-21&linkCode=osi&th=1&psc=1","Images":{"Primary":{"Small":{"Height":75,"URL":"https://m.media-amazon.com/images/I/41Y2dmoUzbL._SL75_.jpg","Width":57}}},"ItemInfo":{"ByLineInfo":{"Brand":{"DisplayValue":"Tuopuda","Label":"Brand","Locale":"es_ES"},"Manufacturer":{"DisplayValue":"GHF-Direct","Label":"Manufacturer","Locale":"es_ES"}},"Title":{"DisplayValue":"Tuopuda Camisetas de Manga Larga para Mujeres Camiseta de Encaje Waffle de Cuello Redondo Casual Sueltas Blusas Tops(Blanco,S)","Label":"Title","Locale":"es_ES"}},"Offers":{"Summaries":[{"Condition":{"Value":"New"},"LowestPrice":{"Amount":19.99,"Currency":"EUR","DisplayAmount":"19,99 €"}}]}},{"ASIN":"B0C4Y4J22J","DetailPageURL":"https://www.amazon.es/dp/B0C4Y4J22J?tag=topinalambricos-21&linkCode=osi&th=1&psc=1","Images":{"Primary":{"Small":{"Height":75,"URL":"https://m.media-amazon.com/images/I/41-8kXZMqAL._SL75_.jpg","Width":56}}},"ItemInfo":{"ByLineInfo":{"Brand":{"DisplayValue":"GORGLITTER","Label":"Brand","Locale":"es_ES"}},"Title":{"DisplayValue":"GORGLITTER Elegante blusa de encaje para mujer, túnica de oficina, blusa de encaje, blusa con volantes, Blanco, XL","Label":"Title","Locale":"es_ES"}},"Offers":{"Summaries":[{"Condition":{"Value":"New"},"LowestPrice":{"Amount":33.28,"Currency":"EUR","DisplayAmount":"33,28 €"}}]}},{"ASIN":"B08RJ9TCN9","DetailPageURL":"https://www.amazon.es/dp/B08RJ9TCN9?tag=topinalambricos-21&linkCode=osi&th=1&psc=1","Images":{"Primary":{"Small":{"Height":75,"URL":"https://m.media-amazon.com/images/I/31N5XuLVTZS._SL75_.jpg","Width":57}}},"ItemInfo":{"ByLineInfo":{"Brand":{"DisplayValue":"SCARLET DARKNESS","Label":"Brand","Locale":"es_ES"}},"Title":{"DisplayValue":"SCARLET DARKNESS Blusa Vintage de Encaje Combinados con Cuello Pico para Mujer S Albaricoque","Label":"Title","Locale":"es_ES"}},"Offers":{"Summaries":[{"Condition":{"Value":"New"},"LowestPrice":{"Amount":29.99,"Currency":"EUR","DisplayAmount":"29,99 €"}}]}},{"ASIN":"B08B1BK4LN","DetailPageURL":"https://www.amazon.es/dp/B08B1BK4LN?tag=topinalambricos-21&linkCode=osi&th=1&psc=1","Images":{"Primary":{"Small":{"Height":75,"URL":"https://m.media-amazon.com/images/I/51WMHsRSCCL._SL75_.jpg","Width":75}}},"ItemInfo":{"ByLineInfo":{"Brand":{"DisplayValue":"Allegra K","Label":"Brand","Locale":"es_ES"},"Manufacturer":{"DisplayValue":"Allegra K","Label":"Manufacturer","Locale":"es_ES"}},"Title":{"DisplayValue":"Allegra K Blusa de Encaje Elegante Floral con Cuello de Volantes de Ganchillo para Mujer Blanco L","Label":"Title","Locale":"es_ES"}},"Offers":{"Summaries":[{"Condition":{"Value":"New"},"LowestPrice":{"Amount":34.99,"Currency":"EUR","DisplayAmount":"34,99 €"}}]}}],"SearchURL":"https://www.amazon.es/s?k=blusa+encaje&rh=n%3A3074055031%2Cp_n_availability%3A-1&tag=topinalambricos-21&linkCode=osi","TotalResultCount":1000}},"40":{"SearchResult":{"Items":[{"ASIN":"B09ZP2FTBG","DetailPageURL":"https://www.amazon.es/dp/B09ZP2FTBG?tag=topinalambricos-21&linkCode=osi&th=1&psc=1","Images":{"Primary":{"Small":{"Height":75,"URL":"https://m.media-amazon.com/images/I/51KEPJ5ifkL._SL75_.jpg","Width":75}}},"ItemInfo":{"ByLineInfo":{"Brand":{"DisplayValue":"Bipily","Label":"Brand","Locale":"es_ES"}},"Title":{"DisplayValue":"Bipily Camiseta para Mujer Blusa de Encaje con Cuello en V de Gasa Manga Larga Elegante y Básica Color Sólido Tops(Blanco,S)","Label":"Title","Locale":"es_ES"}},"Offers":{"Summaries":[{"Condition":{"Value":"New"},"LowestPrice":{"Amount":26.99,"Currency":"EUR","DisplayAmount":"26,99 €"}}]}},{"ASIN":"B09XPWJG16","DetailPageURL":"https://www.amazon.es/dp/B09XPWJG16?tag=topinalambricos-21&linkCode=osi&th=1&psc=1","Images":{"Primary":{"Small":{"Height":75,"URL":"https://m.media-amazon.com/images/I/51a1JfNqP4L._SL75_.jpg","Width":59}}},"ItemInfo":{"ByLineInfo":{"Brand":{"DisplayValue":"PANOZON","Label":"Brand","Locale":"es_ES"}},"Title":{"DisplayValue":"PANOZON Mujer Camiseta de Encaje sin Mangas Top Elástico Cuello V Sexy Camisola Cami Casual (L, A-Negro)","Label":"Title","Locale":"es_ES"}},"Offers":{"Summaries":[{"Condition":{"Value":"New"},"LowestPrice":{"Amount":12.99,"Currency":"EUR","DisplayAmount":"12,99 €"}}]}},{"ASIN":"B0BRFZWTQ8","DetailPageURL":"https://www.amazon.es/dp/B0BRFZWTQ8?tag=topinalambricos-21&linkCode=osi&th=1&psc=1","Images":{"Primary":{"Small":{"Height":75,"URL":"https://m.media-amazon.com/images/I/41-vYGBGBiL._SL75_.jpg","Width":58}}},"ItemInfo":{"ByLineInfo":{"Brand":{"DisplayValue":"GRACE KARIN","Label":"Brand","Locale":"es_ES"}},"Title":{"DisplayValue":"Blusa Elegante de Encaje con Manga 3/4 para Mujer Blusa de Color para Primavera y Verano Color Blanco 2XL","Label":"Title","Locale":"es_ES"}},"Offers":{"Summaries":[{"Condition":{"Value":"New"},"LowestPrice":{"Amount":27.99,"Currency":"EUR","DisplayAmount":"27,99 €"}}]}},{"ASIN":"B085R4TJ4J","DetailPageURL":"https://www.amazon.es/dp/B085R4TJ4J?tag=topinalambricos-21&linkCode=osi&th=1&psc=1","Images":{"Primary":{"Small":{"Height":75,"URL":"https://m.media-amazon.com/images/I/41cR4jz1LpS._SL75_.jpg","Width":57}}},"ItemInfo":{"ByLineInfo":{"Brand":{"DisplayValue":"JDY","Label":"Brand","Locale":"es_ES"},"Manufacturer":{"DisplayValue":"JdY","Label":"Manufacturer","Locale":"es_ES"}},"Title":{"DisplayValue":"JDY Jdyblond S/l Top Jrs Noos Blusas, Bailarina De La Nube, XL para Mujer","Label":"Title","Locale":"es_ES"}},"Offers":{"Summaries":[{"Condition":{"Value":"New"},"LowestPrice":{"Amount":9.0,"Currency":"EUR","DisplayAmount":"9,00 €"}}]}},{"ASIN":"B0BNBLDHHP","DetailPageURL":"https://www.amazon.es/dp/B0BNBLDHHP?tag=topinalambricos-21&linkCode=osi&th=1&psc=1","Images":{"Primary":{"Small":{"Height":75,"URL":"https://m.media-amazon.com/images/I/51+17SOyARL._SL75_.jpg","Width":56}}},"ItemInfo":{"ByLineInfo":{"Brand":{"DisplayValue":"GORGLITTER","Label":"Brand","Locale":"es_ES"}},"Title":{"DisplayValue":"GORGLITTER Blusa elegante para mujer, cuello alto, camiseta de manga larga, encaje, túnica con mangas de farol, Blanco, M","Label":"Title","Locale":"es_ES"}},"Offers":{"Summaries":[{"Condition":{"Value":"New"},"LowestPrice":{"Amount":32.19,"Currency":"EUR","DisplayAmount":"32,19 €"}}]}},{"ASIN":"B07G4CYFW3","DetailPageURL":"https://www.amazon.es/dp/B07G4CYFW3?tag=topinalambricos-21&linkCode=osi&th=1&psc=1","Images":{"Primary":{"Small":{"Height":75,"URL":"https://m.media-amazon.com/images/I/51xBN5FTCtL._SL75_.jpg","Width":75}}},"ItemInfo":{"ByLineInfo":{"Brand":{"DisplayValue":"SHOBDW Camisetas de manga larga","Label":"Brand","Locale":"es_ES"}},"Title":{"DisplayValue":"SHOBDW Mujeres Gasa Sólida O Cuello Sexy Encaje Elegante Otoño Tops Casual Blusa Camiseta Camisa de Manga Larga (Blanco,M)","Label":"Title","Locale":"es_ES"}},"Offers":{"Summaries":[{"Condition":{"Value":"New"},"LowestPrice":{"Amount":10.99,"Currency":"EUR","DisplayAmount":"10,99 €"}}]}},{"ASIN":"B0B51T51HB","DetailPageURL":"https://www.amazon.es/dp/B0B51T51HB?tag=topinalambricos-21&linkCode=osi&th=1&psc=1","Images":{"Primary":{"Small":{"Height":75,"URL":"https://m.media-amazon.com/images/I/41Y2dmoUzbL._SL75_.jpg","Width":57}}},"ItemInfo":{"ByLineInfo":{"Brand":{"DisplayValue":"Tuopuda","Label":"Brand","Locale":"es_ES"},"Manufacturer":{"DisplayValue":"GHF-Direct","Label":"Manufacturer","Locale":"es_ES"}},"Title":{"DisplayValue":"Tuopuda Camisetas de Manga Larga para Mujeres Camiseta de Encaje Waffle de Cuello Redondo Casual Sueltas Blusas Tops(Blanco,S)","Label":"Title","Locale":"es_ES"}},"Offers":{"Summaries":[{"Condition":{"Value":"New"},"LowestPrice":{"Amount":19.99,"Currency":"EUR","DisplayAmount":"19,99 €"}}]}},{"ASIN":"B0C4Y4J22J","DetailPageURL":"https://www.amazon.es/dp/B0C4Y4J22J?tag=topinalambricos-21&linkCode=osi&th=1&psc=1","Images":{"Primary":{"Small":{"Height":75,"URL":"https://m.media-amazon.com/images/I/41-8kXZMqAL._SL75_.jpg","Width":56}}},"ItemInfo":{"ByLineInfo":{"Brand":{"DisplayValue":"GORGLITTER","Label":"Brand","Locale":"es_ES"}},"Title":{"DisplayValue":"GORGLITTER Elegante blusa de encaje para mujer, túnica de oficina, blusa de encaje, blusa con volantes, Blanco, XL","Label":"Title","Locale":"es_ES"}},"Offers":{"Summaries":[{"Condition":{"Value":"New"},"LowestPrice":{"Amount":33.28,"Currency":"EUR","DisplayAmount":"33,28 €"}}]}},{"ASIN":"B08RJ9TCN9","DetailPageURL":"https://www.amazon.es/dp/B08RJ9TCN9?tag=topinalambricos-21&linkCode=osi&th=1&psc=1","Images":{"Primary":{"Small":{"Height":75,"URL":"https://m.media-amazon.com/images/I/31N5XuLVTZS._SL75_.jpg","Width":57}}},"ItemInfo":{"ByLineInfo":{"Brand":{"DisplayValue":"SCARLET DARKNESS","Label":"Brand","Locale":"es_ES"}},"Title":{"DisplayValue":"SCARLET DARKNESS Blusa Vintage de Encaje Combinados con Cuello Pico para Mujer S Albaricoque","Label":"Title","Locale":"es_ES"}},"Offers":{"Summaries":[{"Condition":{"Value":"New"},"LowestPrice":{"Amount":29.99,"Currency":"EUR","DisplayAmount":"29,99 €"}}]}},{"ASIN":"B08B1BK4LN","DetailPageURL":"https://www.amazon.es/dp/B08B1BK4LN?tag=topinalambricos-21&linkCode=osi&th=1&psc=1","Images":{"Primary":{"Small":{"Height":75,"URL":"https://m.media-amazon.com/images/I/51WMHsRSCCL._SL75_.jpg","Width":75}}},"ItemInfo":{"ByLineInfo":{"Brand":{"DisplayValue":"Allegra K","Label":"Brand","Locale":"es_ES"},"Manufacturer":{"DisplayValue":"Allegra K","Label":"Manufacturer","Locale":"es_ES"}},"Title":{"DisplayValue":"Allegra K Blusa de Encaje Elegante Floral con Cuello de Volantes de Ganchillo para Mujer Blanco L","Label":"Title","Locale":"es_ES"}},"Offers":{"Summaries":[{"Condition":{"Value":"New"},"LowestPrice":{"Amount":34.99,"Currency":"EUR","DisplayAmount":"34,99 €"}}]}}],"SearchURL":"https://www.amazon.es/s?k=blusa+encaje&rh=n%3A3074055031%2Cp_n_availability%3A-1&tag=topinalambricos-21&linkCode=osi","TotalResultCount":1000}},"41":{"SearchResult":{"Items":[{"ASIN":"B09ZP2FTBG","DetailPageURL":"https://www.amazon.es/dp/B09ZP2FTBG?tag=topinalambricos-21&linkCode=osi&th=1&psc=1","Images":{"Primary":{"Small":{"Height":75,"URL":"https://m.media-amazon.com/images/I/51KEPJ5ifkL._SL75_.jpg","Width":75}}},"ItemInfo":{"ByLineInfo":{"Brand":{"DisplayValue":"Bipily","Label":"Brand","Locale":"es_ES"}},"Title":{"DisplayValue":"Bipily Camiseta para Mujer Blusa de Encaje con Cuello en V de Gasa Manga Larga Elegante y Básica Color Sólido Tops(Blanco,S)","Label":"Title","Locale":"es_ES"}},"Offers":{"Summaries":[{"Condition":{"Value":"New"},"LowestPrice":{"Amount":26.99,"Currency":"EUR","DisplayAmount":"26,99 €"}}]}},{"ASIN":"B09XPWJG16","DetailPageURL":"https://www.amazon.es/dp/B09XPWJG16?tag=topinalambricos-21&linkCode=osi&th=1&psc=1","Images":{"Primary":{"Small":{"Height":75,"URL":"https://m.media-amazon.com/images/I/51a1JfNqP4L._SL75_.jpg","Width":59}}},"ItemInfo":{"ByLineInfo":{"Brand":{"DisplayValue":"PANOZON","Label":"Brand","Locale":"es_ES"}},"Title":{"DisplayValue":"PANOZON Mujer Camiseta de Encaje sin Mangas Top Elástico Cuello V Sexy Camisola Cami Casual (L, A-Negro)","Label":"Title","Locale":"es_ES"}},"Offers":{"Summaries":[{"Condition":{"Value":"New"},"LowestPrice":{"Amount":12.99,"Currency":"EUR","DisplayAmount":"12,99 €"}}]}},{"ASIN":"B0BRFZWTQ8","DetailPageURL":"https://www.amazon.es/dp/B0BRFZWTQ8?tag=topinalambricos-21&linkCode=osi&th=1&psc=1","Images":{"Primary":{"Small":{"Height":75,"URL":"https://m.media-amazon.com/images/I/41-vYGBGBiL._SL75_.jpg","Width":58}}},"ItemInfo":{"ByLineInfo":{"Brand":{"DisplayValue":"GRACE KARIN","Label":"Brand","Locale":"es_ES"}},"Title":{"DisplayValue":"Blusa Elegante de Encaje con Manga 3/4 para Mujer Blusa de Color para Primavera y Verano Color Blanco 2XL","Label":"Title","Locale":"es_ES"}},"Offers":{"Summaries":[{"Condition":{"Value":"New"},"LowestPrice":{"Amount":27.99,"Currency":"EUR","DisplayAmount":"27,99 €"}}]}},{"ASIN":"B085R4TJ4J","DetailPageURL":"https://www.amazon.es/dp/B085R4TJ4J?tag=topinalambricos-21&linkCode=osi&th=1&psc=1","Images":{"Primary":{"Small":{"Height":75,"URL":"https://m.media-amazon.com/images/I/41cR4jz1LpS._SL75_.jpg","Width":57}}},"ItemInfo":{"ByLineInfo":{"Brand":{"DisplayValue":"JDY","Label":"Brand","Locale":"es_ES"},"Manufacturer":{"DisplayValue":"JdY","Label":"Manufacturer","Locale":"es_ES"}},"Title":{"DisplayValue":"JDY Jdyblond S/l Top Jrs Noos Blusas, Bailarina De La Nube, XL para Mujer","Label":"Title","Locale":"es_ES"}},"Offers":{"Summaries":[{"Condition":{"Value":"New"},"LowestPrice":{"Amount":9.0,"Currency":"EUR","DisplayAmount":"9,00 €"}}]}},{"ASIN":"B0BNBLDHHP","DetailPageURL":"https://www.amazon.es/dp/B0BNBLDHHP?tag=topinalambricos-21&linkCode=osi&th=1&psc=1","Images":{"Primary":{"Small":{"Height":75,"URL":"https://m.media-amazon.com/images/I/51+17SOyARL._SL75_.jpg","Width":56}}},"ItemInfo":{"ByLineInfo":{"Brand":{"DisplayValue":"GORGLITTER","Label":"Brand","Locale":"es_ES"}},"Title":{"DisplayValue":"GORGLITTER Blusa elegante para mujer, cuello alto, camiseta de manga larga, encaje, túnica con mangas de farol, Blanco, M","Label":"Title","Locale":"es_ES"}},"Offers":{"Summaries":[{"Condition":{"Value":"New"},"LowestPrice":{"Amount":32.19,"Currency":"EUR","DisplayAmount":"32,19 €"}}]}},{"ASIN":"B07G4CYFW3","DetailPageURL":"https://www.amazon.es/dp/B07G4CYFW3?tag=topinalambricos-21&linkCode=osi&th=1&psc=1","Images":{"Primary":{"Small":{"Height":75,"URL":"https://m.media-amazon.com/images/I/51xBN5FTCtL._SL75_.jpg","Width":75}}},"ItemInfo":{"ByLineInfo":{"Brand":{"DisplayValue":"SHOBDW Camisetas de manga larga","Label":"Brand","Locale":"es_ES"}},"Title":{"DisplayValue":"SHOBDW Mujeres Gasa Sólida O Cuello Sexy Encaje Elegante Otoño Tops Casual Blusa Camiseta Camisa de Manga Larga (Blanco,M)","Label":"Title","Locale":"es_ES"}},"Offers":{"Summaries":[{"Condition":{"Value":"New"},"LowestPrice":{"Amount":10.99,"Currency":"EUR","DisplayAmount":"10,99 €"}}]}},{"ASIN":"B0B51T51HB","DetailPageURL":"https://www.amazon.es/dp/B0B51T51HB?tag=topinalambricos-21&linkCode=osi&th=1&psc=1","Images":{"Primary":{"Small":{"Height":75,"URL":"https://m.media-amazon.com/images/I/41Y2dmoUzbL._SL75_.jpg","Width":57}}},"ItemInfo":{"ByLineInfo":{"Brand":{"DisplayValue":"Tuopuda","Label":"Brand","Locale":"es_ES"},"Manufacturer":{"DisplayValue":"GHF-Direct","Label":"Manufacturer","Locale":"es_ES"}},"Title":{"DisplayValue":"Tuopuda Camisetas de Manga Larga para Mujeres Camiseta de Encaje Waffle de Cuello Redondo Casual Sueltas Blusas Tops(Blanco,S)","Label":"Title","Locale":"es_ES"}},"Offers":{"Summaries":[{"Condition":{"Value":"New"},"LowestPrice":{"Amount":19.99,"Currency":"EUR","DisplayAmount":"19,99 €"}}]}},{"ASIN":"B0C4Y4J22J","DetailPageURL":"https://www.amazon.es/dp/B0C4Y4J22J?tag=topinalambricos-21&linkCode=osi&th=1&psc=1","Images":{"Primary":{"Small":{"Height":75,"URL":"https://m.media-amazon.com/images/I/41-8kXZMqAL._SL75_.jpg","Width":56}}},"ItemInfo":{"ByLineInfo":{"Brand":{"DisplayValue":"GORGLITTER","Label":"Brand","Locale":"es_ES"}},"Title":{"DisplayValue":"GORGLITTER Elegante blusa de encaje para mujer, túnica de oficina, blusa de encaje, blusa con volantes, Blanco, XL","Label":"Title","Locale":"es_ES"}},"Offers":{"Summaries":[{"Condition":{"Value":"New"},"LowestPrice":{"Amount":33.28,"Currency":"EUR","DisplayAmount":"33,28 €"}}]}},{"ASIN":"B08RJ9TCN9","DetailPageURL":"https://www.amazon.es/dp/B08RJ9TCN9?tag=topinalambricos-21&linkCode=osi&th=1&psc=1","Images":{"Primary":{"Small":{"Height":75,"URL":"https://m.media-amazon.com/images/I/31N5XuLVTZS._SL75_.jpg","Width":57}}},"ItemInfo":{"ByLineInfo":{"Brand":{"DisplayValue":"SCARLET DARKNESS","Label":"Brand","Locale":"es_ES"}},"Title":{"DisplayValue":"SCARLET DARKNESS Blusa Vintage de Encaje Combinados con Cuello Pico para Mujer S Albaricoque","Label":"Title","Locale":"es_ES"}},"Offers":{"Summaries":[{"Condition":{"Value":"New"},"LowestPrice":{"Amount":29.99,"Currency":"EUR","DisplayAmount":"29,99 €"}}]}},{"ASIN":"B08B1BK4LN","DetailPageURL":"https://www.amazon.es/dp/B08B1BK4LN?tag=topinalambricos-21&linkCode=osi&th=1&psc=1","Images":{"Primary":{"Small":{"Height":75,"URL":"https://m.media-amazon.com/images/I/51WMHsRSCCL._SL75_.jpg","Width":75}}},"ItemInfo":{"ByLineInfo":{"Brand":{"DisplayValue":"Allegra K","Label":"Brand","Locale":"es_ES"},"Manufacturer":{"DisplayValue":"Allegra K","Label":"Manufacturer","Locale":"es_ES"}},"Title":{"DisplayValue":"Allegra K Blusa de Encaje Elegante Floral con Cuello de Volantes de Ganchillo para Mujer Blanco L","Label":"Title","Locale":"es_ES"}},"Offers":{"Summaries":[{"Condition":{"Value":"New"},"LowestPrice":{"Amount":34.99,"Currency":"EUR","DisplayAmount":"34,99 €"}}]}}],"SearchURL":"https://www.amazon.es/s?k=blusa+encaje&rh=n%3A3074055031%2Cp_n_availability%3A-1&tag=topinalambricos-21&linkCode=osi","TotalResultCount":1000}},"42":{"SearchResult":{"Items":[{"ASIN":"B09ZP2FTBG","DetailPageURL":"https://www.amazon.es/dp/B09ZP2FTBG?tag=topinalambricos-21&linkCode=osi&th=1&psc=1","Images":{"Primary":{"Small":{"Height":75,"URL":"https://m.media-amazon.com/images/I/51KEPJ5ifkL._SL75_.jpg","Width":75}}},"ItemInfo":{"ByLineInfo":{"Brand":{"DisplayValue":"Bipily","Label":"Brand","Locale":"es_ES"}},"Title":{"DisplayValue":"Bipily Camiseta para Mujer Blusa de Encaje con Cuello en V de Gasa Manga Larga Elegante y Básica Color Sólido Tops(Blanco,S)","Label":"Title","Locale":"es_ES"}},"Offers":{"Summaries":[{"Condition":{"Value":"New"},"LowestPrice":{"Amount":26.99,"Currency":"EUR","DisplayAmount":"26,99 €"}}]}},{"ASIN":"B09XPWJG16","DetailPageURL":"https://www.amazon.es/dp/B09XPWJG16?tag=topinalambricos-21&linkCode=osi&th=1&psc=1","Images":{"Primary":{"Small":{"Height":75,"URL":"https://m.media-amazon.com/images/I/51a1JfNqP4L._SL75_.jpg","Width":59}}},"ItemInfo":{"ByLineInfo":{"Brand":{"DisplayValue":"PANOZON","Label":"Brand","Locale":"es_ES"}},"Title":{"DisplayValue":"PANOZON Mujer Camiseta de Encaje sin Mangas Top Elástico Cuello V Sexy Camisola Cami Casual (L, A-Negro)","Label":"Title","Locale":"es_ES"}},"Offers":{"Summaries":[{"Condition":{"Value":"New"},"LowestPrice":{"Amount":12.99,"Currency":"EUR","DisplayAmount":"12,99 €"}}]}},{"ASIN":"B0BRFZWTQ8","DetailPageURL":"https://www.amazon.es/dp/B0BRFZWTQ8?tag=topinalambricos-21&linkCode=osi&th=1&psc=1","Images":{"Primary":{"Small":{"Height":75,"URL":"https://m.media-amazon.com/images/I/41-vYGBGBiL._SL75_.jpg","Width":58}}},"ItemInfo":{"ByLineInfo":{"Brand":{"DisplayValue":"GRACE KARIN","Label":"Brand","Locale":"es_ES"}},"Title":{"DisplayValue":"Blusa Elegante de Encaje con Manga 3/4 para Mujer Blusa de Color para Primavera y Verano Color Blanco 2XL","Label":"Title","Locale":"es_ES"}},"Offers":{"Summaries":[{"Condition":{"Value":"New"},"LowestPrice":{"Amount":27.99,"Currency":"EUR","DisplayAmount":"27,99 €"}}]}},{"ASIN":"B085R4TJ4J","DetailPageURL":"https://www.amazon.es/dp/B085R4TJ4J?tag=topinalambricos-21&linkCode=osi&th=1&psc=1","Images":{"Primary":{"Small":{"Height":75,"URL":"https://m.media-amazon.com/images/I/41cR4jz1LpS._SL75_.jpg","Width":57}}},"ItemInfo":{"ByLineInfo":{"Brand":{"DisplayValue":"JDY","Label":"Brand","Locale":"es_ES"},"Manufacturer":{"DisplayValue":"JdY","Label":"Manufacturer","Locale":"es_ES"}},"Title":{"DisplayValue":"JDY Jdyblond S/l Top Jrs Noos Blusas, Bailarina De La Nube, XL para Mujer","Label":"Title","Locale":"es_ES"}},"Offers":{"Summaries":[{"Condition":{"Value":"New"},"LowestPrice":{"Amount":9.0,"Currency":"EUR","DisplayAmount":"9,00 €"}}]}},{"ASIN":"B0BNBLDHHP","DetailPageURL":"https://www.amazon.es/dp/B0BNBLDHHP?tag=topinalambricos-21&linkCode=osi&th=1&psc=1","Images":{"Primary":{"Small":{"Height":75,"URL":"https://m.media-amazon.com/images/I/51+17SOyARL._SL75_.jpg","Width":56}}},"ItemInfo":{"ByLineInfo":{"Brand":{"DisplayValue":"GORGLITTER","Label":"Brand","Locale":"es_ES"}},"Title":{"DisplayValue":"GORGLITTER Blusa elegante para mujer, cuello alto, camiseta de manga larga, encaje, túnica con mangas de farol, Blanco, M","Label":"Title","Locale":"es_ES"}},"Offers":{"Summaries":[{"Condition":{"Value":"New"},"LowestPrice":{"Amount":32.19,"Currency":"EUR","DisplayAmount":"32,19 €"}}]}},{"ASIN":"B07G4CYFW3","DetailPageURL":"https://www.amazon.es/dp/B07G4CYFW3?tag=topinalambricos-21&linkCode=osi&th=1&psc=1","Images":{"Primary":{"Small":{"Height":75,"URL":"https://m.media-amazon.com/images/I/51xBN5FTCtL._SL75_.jpg","Width":75}}},"ItemInfo":{"ByLineInfo":{"Brand":{"DisplayValue":"SHOBDW Camisetas de manga larga","Label":"Brand","Locale":"es_ES"}},"Title":{"DisplayValue":"SHOBDW Mujeres Gasa Sólida O Cuello Sexy Encaje Elegante Otoño Tops Casual Blusa Camiseta Camisa de Manga Larga (Blanco,M)","Label":"Title","Locale":"es_ES"}},"Offers":{"Summaries":[{"Condition":{"Value":"New"},"LowestPrice":{"Amount":10.99,"Currency":"EUR","DisplayAmount":"10,99 €"}}]}},{"ASIN":"B0B51T51HB","DetailPageURL":"https://www.amazon.es/dp/B0B51T51HB?tag=topinalambricos-21&linkCode=osi&th=1&psc=1","Images":{"Primary":{"Small":{"Height":75,"URL":"https://m.media-amazon.com/images/I/41Y2dmoUzbL._SL75_.jpg","Width":57}}},"ItemInfo":{"ByLineInfo":{"Brand":{"DisplayValue":"Tuopuda","Label":"Brand","Locale":"es_ES"},"Manufacturer":{"DisplayValue":"GHF-Direct","Label":"Manufacturer","Locale":"es_ES"}},"Title":{"DisplayValue":"Tuopuda Camisetas de Manga Larga para Mujeres Camiseta de Encaje Waffle de Cuello Redondo Casual Sueltas Blusas Tops(Blanco,S)","Label":"Title","Locale":"es_ES"}},"Offers":{"Summaries":[{"Condition":{"Value":"New"},"LowestPrice":{"Amount":19.99,"Currency":"EUR","DisplayAmount":"19,99 €"}}]}},{"ASIN":"B0C4Y4J22J","DetailPageURL":"https://www.amazon.es/dp/B0C4Y4J22J?tag=topinalambricos-21&linkCode=osi&th=1&psc=1","Images":{"Primary":{"Small":{"Height":75,"URL":"https://m.media-amazon.com/images/I/41-8kXZMqAL._SL75_.jpg","Width":56}}},"ItemInfo":{"ByLineInfo":{"Brand":{"DisplayValue":"GORGLITTER","Label":"Brand","Locale":"es_ES"}},"Title":{"DisplayValue":"GORGLITTER Elegante blusa de encaje para mujer, túnica de oficina, blusa de encaje, blusa con volantes, Blanco, XL","Label":"Title","Locale":"es_ES"}},"Offers":{"Summaries":[{"Condition":{"Value":"New"},"LowestPrice":{"Amount":33.28,"Currency":"EUR","DisplayAmount":"33,28 €"}}]}},{"ASIN":"B08RJ9TCN9","DetailPageURL":"https://www.amazon.es/dp/B08RJ9TCN9?tag=topinalambricos-21&linkCode=osi&th=1&psc=1","Images":{"Primary":{"Small":{"Height":75,"URL":"https://m.media-amazon.com/images/I/31N5XuLVTZS._SL75_.jpg","Width":57}}},"ItemInfo":{"ByLineInfo":{"Brand":{"DisplayValue":"SCARLET DARKNESS","Label":"Brand","Locale":"es_ES"}},"Title":{"DisplayValue":"SCARLET DARKNESS Blusa Vintage de Encaje Combinados con Cuello Pico para Mujer S Albaricoque","Label":"Title","Locale":"es_ES"}},"Offers":{"Summaries":[{"Condition":{"Value":"New"},"LowestPrice":{"Amount":29.99,"Currency":"EUR","DisplayAmount":"29,99 €"}}]}},{"ASIN":"B08B1BK4LN","DetailPageURL":"https://www.amazon.es/dp/B08B1BK4LN?tag=topinalambricos-21&linkCode=osi&th=1&psc=1","Images":{"Primary":{"Small":{"Height":75,"URL":"https://m.media-amazon.com/images/I/51WMHsRSCCL._SL75_.jpg","Width":75}}},"ItemInfo":{"ByLineInfo":{"Brand":{"DisplayValue":"Allegra K","Label":"Brand","Locale":"es_ES"},"Manufacturer":{"DisplayValue":"Allegra K","Label":"Manufacturer","Locale":"es_ES"}},"Title":{"DisplayValue":"Allegra K Blusa de Encaje Elegante Floral con Cuello de Volantes de Ganchillo para Mujer Blanco L","Label":"Title","Locale":"es_ES"}},"Offers":{"Summaries":[{"Condition":{"Value":"New"},"LowestPrice":{"Amount":34.99,"Currency":"EUR","DisplayAmount":"34,99 €"}}]}}],"SearchURL":"https://www.amazon.es/s?k=blusa+encaje&rh=n%3A3074055031%2Cp_n_availability%3A-1&tag=topinalambricos-21&linkCode=osi","TotalResultCount":1000}},"43":{"SearchResult":{"Items":[{"ASIN":"B09ZP2FTBG","DetailPageURL":"https://www.amazon.es/dp/B09ZP2FTBG?tag=topinalambricos-21&linkCode=osi&th=1&psc=1","Images":{"Primary":{"Small":{"Height":75,"URL":"https://m.media-amazon.com/images/I/51KEPJ5ifkL._SL75_.jpg","Width":75}}},"ItemInfo":{"ByLineInfo":{"Brand":{"DisplayValue":"Bipily","Label":"Brand","Locale":"es_ES"}},"Title":{"DisplayValue":"Bipily Camiseta para Mujer Blusa de Encaje con Cuello en V de Gasa Manga Larga Elegante y Básica Color Sólido Tops(Blanco,S)","Label":"Title","Locale":"es_ES"}},"Offers":{"Summaries":[{"Condition":{"Value":"New"},"LowestPrice":{"Amount":26.99,"Currency":"EUR","DisplayAmount":"26,99 €"}}]}},{"ASIN":"B09XPWJG16","DetailPageURL":"https://www.amazon.es/dp/B09XPWJG16?tag=topinalambricos-21&linkCode=osi&th=1&psc=1","Images":{"Primary":{"Small":{"Height":75,"URL":"https://m.media-amazon.com/images/I/51a1JfNqP4L._SL75_.jpg","Width":59}}},"ItemInfo":{"ByLineInfo":{"Brand":{"DisplayValue":"PANOZON","Label":"Brand","Locale":"es_ES"}},"Title":{"DisplayValue":"PANOZON Mujer Camiseta de Encaje sin Mangas Top Elástico Cuello V Sexy Camisola Cami Casual (L, A-Negro)","Label":"Title","Locale":"es_ES"}},"Offers":{"Summaries":[{"Condition":{"Value":"New"},"LowestPrice":{"Amount":12.99,"Currency":"EUR","DisplayAmount":"12,99 €"}}]}},{"ASIN":"B0BRFZWTQ8","DetailPageURL":"https://www.amazon.es/dp/B0BRFZWTQ8?tag=topinalambricos-21&linkCode=osi&th=1&psc=1","Images":{"Primary":{"Small":{"Height":75,"URL":"https://m.media-amazon.com/images/I/41-vYGBGBiL._SL75_.jpg","Width":58}}},"ItemInfo":{"ByLineInfo":{"Brand":{"DisplayValue":"GRACE KARIN","Label":"Brand","Locale":"es_ES"}},"Title":{"DisplayValue":"Blusa Elegante de Encaje con Manga 3/4 para Mujer Blusa de Color para Primavera y Verano Color Blanco 2XL","Label":"Title","Locale":"es_ES"}},"Offers":{"Summaries":[{"Condition":{"Value":"New"},"LowestPrice":{"Amount":27.99,"Currency":"EUR","DisplayAmount":"27,99 €"}}]}},{"ASIN":"B085R4TJ4J","DetailPageURL":"https://www.amazon.es/dp/B085R4TJ4J?tag=topinalambricos-21&linkCode=osi&th=1&psc=1","Images":{"Primary":{"Small":{"Height":75,"URL":"https://m.media-amazon.com/images/I/41cR4jz1LpS._SL75_.jpg","Width":57}}},"ItemInfo":{"ByLineInfo":{"Brand":{"DisplayValue":"JDY","Label":"Brand","Locale":"es_ES"},"Manufacturer":{"DisplayValue":"JdY","Label":"Manufacturer","Locale":"es_ES"}},"Title":{"DisplayValue":"JDY Jdyblond S/l Top Jrs Noos Blusas, Bailarina De La Nube, XL para Mujer","Label":"Title","Locale":"es_ES"}},"Offers":{"Summaries":[{"Condition":{"Value":"New"},"LowestPrice":{"Amount":9.0,"Currency":"EUR","DisplayAmount":"9,00 €"}}]}},{"ASIN":"B0BNBLDHHP","DetailPageURL":"https://www.amazon.es/dp/B0BNBLDHHP?tag=topinalambricos-21&linkCode=osi&th=1&psc=1","Images":{"Primary":{"Small":{"Height":75,"URL":"https://m.media-amazon.com/images/I/51+17SOyARL._SL75_.jpg","Width":56}}},"ItemInfo":{"ByLineInfo":{"Brand":{"DisplayValue":"GORGLITTER","Label":"Brand","Locale":"es_ES"}},"Title":{"DisplayValue":"GORGLITTER Blusa elegante para mujer, cuello alto, camiseta de manga larga, encaje, túnica con mangas de farol, Blanco, M","Label":"Title","Locale":"es_ES"}},"Offers":{"Summaries":[{"Condition":{"Value":"New"},"LowestPrice":{"Amount":32.19,"Currency":"EUR","DisplayAmount":"32,19 €"}}]}},{"ASIN":"B07G4CYFW3","DetailPageURL":"https://www.amazon.es/dp/B07G4CYFW3?tag=topinalambricos-21&linkCode=osi&th=1&psc=1","Images":{"Primary":{"Small":{"Height":75,"URL":"https://m.media-amazon.com/images/I/51xBN5FTCtL._SL75_.jpg","Width":75}}},"ItemInfo":{"ByLineInfo":{"Brand":{"DisplayValue":"SHOBDW Camisetas de manga larga","Label":"Brand","Locale":"es_ES"}},"Title":{"DisplayValue":"SHOBDW Mujeres Gasa Sólida O Cuello Sexy Encaje Elegante Otoño Tops Casual Blusa Camiseta Camisa de Manga Larga (Blanco,M)","Label":"Title","Locale":"es_ES"}},"Offers":{"Summaries":[{"Condition":{"Value":"New"},"LowestPrice":{"Amount":10.99,"Currency":"EUR","DisplayAmount":"10,99 €"}}]}},{"ASIN":"B0B51T51HB","DetailPageURL":"https://www.amazon.es/dp/B0B51T51HB?tag=topinalambricos-21&linkCode=osi&th=1&psc=1","Images":{"Primary":{"Small":{"Height":75,"URL":"https://m.media-amazon.com/images/I/41Y2dmoUzbL._SL75_.jpg","Width":57}}},"ItemInfo":{"ByLineInfo":{"Brand":{"DisplayValue":"Tuopuda","Label":"Brand","Locale":"es_ES"},"Manufacturer":{"DisplayValue":"GHF-Direct","Label":"Manufacturer","Locale":"es_ES"}},"Title":{"DisplayValue":"Tuopuda Camisetas de Manga Larga para Mujeres Camiseta de Encaje Waffle de Cuello Redondo Casual Sueltas Blusas Tops(Blanco,S)","Label":"Title","Locale":"es_ES"}},"Offers":{"Summaries":[{"Condition":{"Value":"New"},"LowestPrice":{"Amount":19.99,"Currency":"EUR","DisplayAmount":"19,99 €"}}]}},{"ASIN":"B0C4Y4J22J","DetailPageURL":"https://www.amazon.es/dp/B0C4Y4J22J?tag=topinalambricos-21&linkCode=osi&th=1&psc=1","Images":{"Primary":{"Small":{"Height":75,"URL":"https://m.media-amazon.com/images/I/41-8kXZMqAL._SL75_.jpg","Width":56}}},"ItemInfo":{"ByLineInfo":{"Brand":{"DisplayValue":"GORGLITTER","Label":"Brand","Locale":"es_ES"}},"Title":{"DisplayValue":"GORGLITTER Elegante blusa de encaje para mujer, túnica de oficina, blusa de encaje, blusa con volantes, Blanco, XL","Label":"Title","Locale":"es_ES"}},"Offers":{"Summaries":[{"Condition":{"Value":"New"},"LowestPrice":{"Amount":33.28,"Currency":"EUR","DisplayAmount":"33,28 €"}}]}},{"ASIN":"B08RJ9TCN9","DetailPageURL":"https://www.amazon.es/dp/B08RJ9TCN9?tag=topinalambricos-21&linkCode=osi&th=1&psc=1","Images":{"Primary":{"Small":{"Height":75,"URL":"https://m.media-amazon.com/images/I/31N5XuLVTZS._SL75_.jpg","Width":57}}},"ItemInfo":{"ByLineInfo":{"Brand":{"DisplayValue":"SCARLET DARKNESS","Label":"Brand","Locale":"es_ES"}},"Title":{"DisplayValue":"SCARLET DARKNESS Blusa Vintage de Encaje Combinados con Cuello Pico para Mujer S Albaricoque","Label":"Title","Locale":"es_ES"}},"Offers":{"Summaries":[{"Condition":{"Value":"New"},"LowestPrice":{"Amount":29.99,"Currency":"EUR","DisplayAmount":"29,99 €"}}]}},{"ASIN":"B08B1BK4LN","DetailPageURL":"https://www.amazon.es/dp/B08B1BK4LN?tag=topinalambricos-21&linkCode=osi&th=1&psc=1","Images":{"Primary":{"Small":{"Height":75,"URL":"https://m.media-amazon.com/images/I/51WMHsRSCCL._SL75_.jpg","Width":75}}},"ItemInfo":{"ByLineInfo":{"Brand":{"DisplayValue":"Allegra K","Label":"Brand","Locale":"es_ES"},"Manufacturer":{"DisplayValue":"Allegra K","Label":"Manufacturer","Locale":"es_ES"}},"Title":{"DisplayValue":"Allegra K Blusa de Encaje Elegante Floral con Cuello de Volantes de Ganchillo para Mujer Blanco L","Label":"Title","Locale":"es_ES"}},"Offers":{"Summaries":[{"Condition":{"Value":"New"},"LowestPrice":{"Amount":34.99,"Currency":"EUR","DisplayAmount":"34,99 €"}}]}}],"SearchURL":"https://www.amazon.es/s?k=blusa+encaje&rh=n%3A3074055031%2Cp_n_availability%3A-1&tag=topinalambricos-21&linkCode=osi","TotalResultCount":1000}},"44":{"SearchResult":{"Items":[{"ASIN":"B09ZP2FTBG","DetailPageURL":"https://www.amazon.es/dp/B09ZP2FTBG?tag=topinalambricos-21&linkCode=osi&th=1&psc=1","Images":{"Primary":{"Small":{"Height":75,"URL":"https://m.media-amazon.com/images/I/51KEPJ5ifkL._SL75_.jpg","Width":75}}},"ItemInfo":{"ByLineInfo":{"Brand":{"DisplayValue":"Bipily","Label":"Brand","Locale":"es_ES"}},"Title":{"DisplayValue":"Bipily Camiseta para Mujer Blusa de Encaje con Cuello en V de Gasa Manga Larga Elegante y Básica Color Sólido Tops(Blanco,S)","Label":"Title","Locale":"es_ES"}},"Offers":{"Summaries":[{"Condition":{"Value":"New"},"LowestPrice":{"Amount":26.99,"Currency":"EUR","DisplayAmount":"26,99 €"}}]}},{"ASIN":"B09XPWJG16","DetailPageURL":"https://www.amazon.es/dp/B09XPWJG16?tag=topinalambricos-21&linkCode=osi&th=1&psc=1","Images":{"Primary":{"Small":{"Height":75,"URL":"https://m.media-amazon.com/images/I/51a1JfNqP4L._SL75_.jpg","Width":59}}},"ItemInfo":{"ByLineInfo":{"Brand":{"DisplayValue":"PANOZON","Label":"Brand","Locale":"es_ES"}},"Title":{"DisplayValue":"PANOZON Mujer Camiseta de Encaje sin Mangas Top Elástico Cuello V Sexy Camisola Cami Casual (L, A-Negro)","Label":"Title","Locale":"es_ES"}},"Offers":{"Summaries":[{"Condition":{"Value":"New"},"LowestPrice":{"Amount":12.99,"Currency":"EUR","DisplayAmount":"12,99 €"}}]}},{"ASIN":"B0BRFZWTQ8","DetailPageURL":"https://www.amazon.es/dp/B0BRFZWTQ8?tag=topinalambricos-21&linkCode=osi&th=1&psc=1","Images":{"Primary":{"Small":{"Height":75,"URL":"https://m.media-amazon.com/images/I/41-vYGBGBiL._SL75_.jpg","Width":58}}},"ItemInfo":{"ByLineInfo":{"Brand":{"DisplayValue":"GRACE KARIN","Label":"Brand","Locale":"es_ES"}},"Title":{"DisplayValue":"Blusa Elegante de Encaje con Manga 3/4 para Mujer Blusa de Color para Primavera y Verano Color Blanco 2XL","Label":"Title","Locale":"es_ES"}},"Offers":{"Summaries":[{"Condition":{"Value":"New"},"LowestPrice":{"Amount":27.99,"Currency":"EUR","DisplayAmount":"27,99 €"}}]}},{"ASIN":"B085R4TJ4J","DetailPageURL":"https://www.amazon.es/dp/B085R4TJ4J?tag=topinalambricos-21&linkCode=osi&th=1&psc=1","Images":{"Primary":{"Small":{"Height":75,"URL":"https://m.media-amazon.com/images/I/41cR4jz1LpS._SL75_.jpg","Width":57}}},"ItemInfo":{"ByLineInfo":{"Brand":{"DisplayValue":"JDY","Label":"Brand","Locale":"es_ES"},"Manufacturer":{"DisplayValue":"JdY","Label":"Manufacturer","Locale":"es_ES"}},"Title":{"DisplayValue":"JDY Jdyblond S/l Top Jrs Noos Blusas, Bailarina De La Nube, XL para Mujer","Label":"Title","Locale":"es_ES"}},"Offers":{"Summaries":[{"Condition":{"Value":"New"},"LowestPrice":{"Amount":9.0,"Currency":"EUR","DisplayAmount":"9,00 €"}}]}},{"ASIN":"B0BNBLDHHP","DetailPageURL":"https://www.amazon.es/dp/B0BNBLDHHP?tag=topinalambricos-21&linkCode=osi&th=1&psc=1","Images":{"Primary":{"Small":{"Height":75,"URL":"https://m.media-amazon.com/images/I/51+17SOyARL._SL75_.jpg","Width":56}}},"ItemInfo":{"ByLineInfo":{"Brand":{"DisplayValue":"GORGLITTER","Label":"Brand","Locale":"es_ES"}},"Title":{"DisplayValue":"GORGLITTER Blusa elegante para mujer, cuello alto, camiseta de manga larga, encaje, túnica con mangas de farol, Blanco, M","Label":"Title","Locale":"es_ES"}},"Offers":{"Summaries":[{"Condition":{"Value":"New"},"LowestPrice":{"Amount":32.19,"Currency":"EUR","DisplayAmount":"32,19 €"}}]}},{"ASIN":"B07G4CYFW3","DetailPageURL":"https://www.amazon.es/dp/B07G4CYFW3?tag=topinalambricos-21&linkCode=osi&th=1&psc=1","Images":{"Primary":{"Small":{"Height":75,"URL":"https://m.media-amazon.com/images/I/51xBN5FTCtL._SL75_.jpg","Width":75}}},"ItemInfo":{"ByLineInfo":{"Brand":{"DisplayValue":"SHOBDW Camisetas de manga larga","Label":"Brand","Locale":"es_ES"}},"Title":{"DisplayValue":"SHOBDW Mujeres Gasa Sólida O Cuello Sexy Encaje Elegante Otoño Tops Casual Blusa Camiseta Camisa de Manga Larga (Blanco,M)","Label":"Title","Locale":"es_ES"}},"Offers":{"Summaries":[{"Condition":{"Value":"New"},"LowestPrice":{"Amount":10.99,"Currency":"EUR","DisplayAmount":"10,99 €"}}]}},{"ASIN":"B0B51T51HB","DetailPageURL":"https://www.amazon.es/dp/B0B51T51HB?tag=topinalambricos-21&linkCode=osi&th=1&psc=1","Images":{"Primary":{"Small":{"Height":75,"URL":"https://m.media-amazon.com/images/I/41Y2dmoUzbL._SL75_.jpg","Width":57}}},"ItemInfo":{"ByLineInfo":{"Brand":{"DisplayValue":"Tuopuda","Label":"Brand","Locale":"es_ES"},"Manufacturer":{"DisplayValue":"GHF-Direct","Label":"Manufacturer","Locale":"es_ES"}},"Title":{"DisplayValue":"Tuopuda Camisetas de Manga Larga para Mujeres Camiseta de Encaje Waffle de Cuello Redondo Casual Sueltas Blusas Tops(Blanco,S)","Label":"Title","Locale":"es_ES"}},"Offers":{"Summaries":[{"Condition":{"Value":"New"},"LowestPrice":{"Amount":19.99,"Currency":"EUR","DisplayAmount":"19,99 €"}}]}},{"ASIN":"B0C4Y4J22J","DetailPageURL":"https://www.amazon.es/dp/B0C4Y4J22J?tag=topinalambricos-21&linkCode=osi&th=1&psc=1","Images":{"Primary":{"Small":{"Height":75,"URL":"https://m.media-amazon.com/images/I/41-8kXZMqAL._SL75_.jpg","Width":56}}},"ItemInfo":{"ByLineInfo":{"Brand":{"DisplayValue":"GORGLITTER","Label":"Brand","Locale":"es_ES"}},"Title":{"DisplayValue":"GORGLITTER Elegante blusa de encaje para mujer, túnica de oficina, blusa de encaje, blusa con volantes, Blanco, XL","Label":"Title","Locale":"es_ES"}},"Offers":{"Summaries":[{"Condition":{"Value":"New"},"LowestPrice":{"Amount":33.28,"Currency":"EUR","DisplayAmount":"33,28 €"}}]}},{"ASIN":"B08RJ9TCN9","DetailPageURL":"https://www.amazon.es/dp/B08RJ9TCN9?tag=topinalambricos-21&linkCode=osi&th=1&psc=1","Images":{"Primary":{"Small":{"Height":75,"URL":"https://m.media-amazon.com/images/I/31N5XuLVTZS._SL75_.jpg","Width":57}}},"ItemInfo":{"ByLineInfo":{"Brand":{"DisplayValue":"SCARLET DARKNESS","Label":"Brand","Locale":"es_ES"}},"Title":{"DisplayValue":"SCARLET DARKNESS Blusa Vintage de Encaje Combinados con Cuello Pico para Mujer S Albaricoque","Label":"Title","Locale":"es_ES"}},"Offers":{"Summaries":[{"Condition":{"Value":"New"},"LowestPrice":{"Amount":29.99,"Currency":"EUR","DisplayAmount":"29,99 €"}}]}},{"ASIN":"B08B1BK4LN","DetailPageURL":"https://www.amazon.es/dp/B08B1BK4LN?tag=topinalambricos-21&linkCode=osi&th=1&psc=1","Images":{"Primary":{"Small":{"Height":75,"URL":"https://m.media-amazon.com/images/I/51WMHsRSCCL._SL75_.jpg","Width":75}}},"ItemInfo":{"ByLineInfo":{"Brand":{"DisplayValue":"Allegra K","Label":"Brand","Locale":"es_ES"},"Manufacturer":{"DisplayValue":"Allegra K","Label":"Manufacturer","Locale":"es_ES"}},"Title":{"DisplayValue":"Allegra K Blusa de Encaje Elegante Floral con Cuello de Volantes de Ganchillo para Mujer Blanco L","Label":"Title","Locale":"es_ES"}},"Offers":{"Summaries":[{"Condition":{"Value":"New"},"LowestPrice":{"Amount":34.99,"Currency":"EUR","DisplayAmount":"34,99 €"}}]}}],"SearchURL":"https://www.amazon.es/s?k=blusa+encaje&rh=n%3A3074055031%2Cp_n_availability%3A-1&tag=topinalambricos-21&linkCode=osi","TotalResultCount":1000}},"45":{"SearchResult":{"Items":[{"ASIN":"B09ZP2FTBG","DetailPageURL":"https://www.amazon.es/dp/B09ZP2FTBG?tag=topinalambricos-21&linkCode=osi&th=1&psc=1","Images":{"Primary":{"Small":{"Height":75,"URL":"https://m.media-amazon.com/images/I/51KEPJ5ifkL._SL75_.jpg","Width":75}}},"ItemInfo":{"ByLineInfo":{"Brand":{"DisplayValue":"Bipily","Label":"Brand","Locale":"es_ES"}},"Title":{"DisplayValue":"Bipily Camiseta para Mujer Blusa de Encaje con Cuello en V de Gasa Manga Larga Elegante y Básica Color Sólido Tops(Blanco,S)","Label":"Title","Locale":"es_ES"}},"Offers":{"Summaries":[{"Condition":{"Value":"New"},"LowestPrice":{"Amount":26.99,"Currency":"EUR","DisplayAmount":"26,99 €"}}]}},{"ASIN":"B09XPWJG16","DetailPageURL":"https://www.amazon.es/dp/B09XPWJG16?tag=topinalambricos-21&linkCode=osi&th=1&psc=1","Images":{"Primary":{"Small":{"Height":75,"URL":"https://m.media-amazon.com/images/I/51a1JfNqP4L._SL75_.jpg","Width":59}}},"ItemInfo":{"ByLineInfo":{"Brand":{"DisplayValue":"PANOZON","Label":"Brand","Locale":"es_ES"}},"Title":{"DisplayValue":"PANOZON Mujer Camiseta de Encaje sin Mangas Top Elástico Cuello V Sexy Camisola Cami Casual (L, A-Negro)","Label":"Title","Locale":"es_ES"}},"Offers":{"Summaries":[{"Condition":{"Value":"New"},"LowestPrice":{"Amount":12.99,"Currency":"EUR","DisplayAmount":"12,99 €"}}]}},{"ASIN":"B0BRFZWTQ8","DetailPageURL":"https://www.amazon.es/dp/B0BRFZWTQ8?tag=topinalambricos-21&linkCode=osi&th=1&psc=1","Images":{"Primary":{"Small":{"Height":75,"URL":"https://m.media-amazon.com/images/I/41-vYGBGBiL._SL75_.jpg","Width":58}}},"ItemInfo":{"ByLineInfo":{"Brand":{"DisplayValue":"GRACE KARIN","Label":"Brand","Locale":"es_ES"}},"Title":{"DisplayValue":"Blusa Elegante de Encaje con Manga 3/4 para Mujer Blusa de Color para Primavera y Verano Color Blanco 2XL","Label":"Title","Locale":"es_ES"}},"Offers":{"Summaries":[{"Condition":{"Value":"New"},"LowestPrice":{"Amount":27.99,"Currency":"EUR","DisplayAmount":"27,99 €"}}]}},{"ASIN":"B085R4TJ4J","DetailPageURL":"https://www.amazon.es/dp/B085R4TJ4J?tag=topinalambricos-21&linkCode=osi&th=1&psc=1","Images":{"Primary":{"Small":{"Height":75,"URL":"https://m.media-amazon.com/images/I/41cR4jz1LpS._SL75_.jpg","Width":57}}},"ItemInfo":{"ByLineInfo":{"Brand":{"DisplayValue":"JDY","Label":"Brand","Locale":"es_ES"},"Manufacturer":{"DisplayValue":"JdY","Label":"Manufacturer","Locale":"es_ES"}},"Title":{"DisplayValue":"JDY Jdyblond S/l Top Jrs Noos Blusas, Bailarina De La Nube, XL para Mujer","Label":"Title","Locale":"es_ES"}},"Offers":{"Summaries":[{"Condition":{"Value":"New"},"LowestPrice":{"Amount":9.0,"Currency":"EUR","DisplayAmount":"9,00 €"}}]}},{"ASIN":"B0BNBLDHHP","DetailPageURL":"https://www.amazon.es/dp/B0BNBLDHHP?tag=topinalambricos-21&linkCode=osi&th=1&psc=1","Images":{"Primary":{"Small":{"Height":75,"URL":"https://m.media-amazon.com/images/I/51+17SOyARL._SL75_.jpg","Width":56}}},"ItemInfo":{"ByLineInfo":{"Brand":{"DisplayValue":"GORGLITTER","Label":"Brand","Locale":"es_ES"}},"Title":{"DisplayValue":"GORGLITTER Blusa elegante para mujer, cuello alto, camiseta de manga larga, encaje, túnica con mangas de farol, Blanco, M","Label":"Title","Locale":"es_ES"}},"Offers":{"Summaries":[{"Condition":{"Value":"New"},"LowestPrice":{"Amount":32.19,"Currency":"EUR","DisplayAmount":"32,19 €"}}]}},{"ASIN":"B07G4CYFW3","DetailPageURL":"https://www.amazon.es/dp/B07G4CYFW3?tag=topinalambricos-21&linkCode=osi&th=1&psc=1","Images":{"Primary":{"Small":{"Height":75,"URL":"https://m.media-amazon.com/images/I/51xBN5FTCtL._SL75_.jpg","Width":75}}},"ItemInfo":{"ByLineInfo":{"Brand":{"DisplayValue":"SHOBDW Camisetas de manga larga","Label":"Brand","Locale":"es_ES"}},"Title":{"DisplayValue":"SHOBDW Mujeres Gasa Sólida O Cuello Sexy Encaje Elegante Otoño Tops Casual Blusa Camiseta Camisa de Manga Larga (Blanco,M)","Label":"Title","Locale":"es_ES"}},"Offers":{"Summaries":[{"Condition":{"Value":"New"},"LowestPrice":{"Amount":10.99,"Currency":"EUR","DisplayAmount":"10,99 €"}}]}},{"ASIN":"B0B51T51HB","DetailPageURL":"https://www.amazon.es/dp/B0B51T51HB?tag=topinalambricos-21&linkCode=osi&th=1&psc=1","Images":{"Primary":{"Small":{"Height":75,"URL":"https://m.media-amazon.com/images/I/41Y2dmoUzbL._SL75_.jpg","Width":57}}},"ItemInfo":{"ByLineInfo":{"Brand":{"DisplayValue":"Tuopuda","Label":"Brand","Locale":"es_ES"},"Manufacturer":{"DisplayValue":"GHF-Direct","Label":"Manufacturer","Locale":"es_ES"}},"Title":{"DisplayValue":"Tuopuda Camisetas de Manga Larga para Mujeres Camiseta de Encaje Waffle de Cuello Redondo Casual Sueltas Blusas Tops(Blanco,S)","Label":"Title","Locale":"es_ES"}},"Offers":{"Summaries":[{"Condition":{"Value":"New"},"LowestPrice":{"Amount":19.99,"Currency":"EUR","DisplayAmount":"19,99 €"}}]}},{"ASIN":"B0C4Y4J22J","DetailPageURL":"https://www.amazon.es/dp/B0C4Y4J22J?tag=topinalambricos-21&linkCode=osi&th=1&psc=1","Images":{"Primary":{"Small":{"Height":75,"URL":"https://m.media-amazon.com/images/I/41-8kXZMqAL._SL75_.jpg","Width":56}}},"ItemInfo":{"ByLineInfo":{"Brand":{"DisplayValue":"GORGLITTER","Label":"Brand","Locale":"es_ES"}},"Title":{"DisplayValue":"GORGLITTER Elegante blusa de encaje para mujer, túnica de oficina, blusa de encaje, blusa con volantes, Blanco, XL","Label":"Title","Locale":"es_ES"}},"Offers":{"Summaries":[{"Condition":{"Value":"New"},"LowestPrice":{"Amount":33.28,"Currency":"EUR","DisplayAmount":"33,28 €"}}]}},{"ASIN":"B08RJ9TCN9","DetailPageURL":"https://www.amazon.es/dp/B08RJ9TCN9?tag=topinalambricos-21&linkCode=osi&th=1&psc=1","Images":{"Primary":{"Small":{"Height":75,"URL":"https://m.media-amazon.com/images/I/31N5XuLVTZS._SL75_.jpg","Width":57}}},"ItemInfo":{"ByLineInfo":{"Brand":{"DisplayValue":"SCARLET DARKNESS","Label":"Brand","Locale":"es_ES"}},"Title":{"DisplayValue":"SCARLET DARKNESS Blusa Vintage de Encaje Combinados con Cuello Pico para Mujer S Albaricoque","Label":"Title","Locale":"es_ES"}},"Offers":{"Summaries":[{"Condition":{"Value":"New"},"LowestPrice":{"Amount":29.99,"Currency":"EUR","DisplayAmount":"29,99 €"}}]}},{"ASIN":"B08B1BK4LN","DetailPageURL":"https://www.amazon.es/dp/B08B1BK4LN?tag=topinalambricos-21&linkCode=osi&th=1&psc=1","Images":{"Primary":{"Small":{"Height":75,"URL":"https://m.media-amazon.com/images/I/51WMHsRSCCL._SL75_.jpg","Width":75}}},"ItemInfo":{"ByLineInfo":{"Brand":{"DisplayValue":"Allegra K","Label":"Brand","Locale":"es_ES"},"Manufacturer":{"DisplayValue":"Allegra K","Label":"Manufacturer","Locale":"es_ES"}},"Title":{"DisplayValue":"Allegra K Blusa de Encaje Elegante Floral con Cuello de Volantes de Ganchillo para Mujer Blanco L","Label":"Title","Locale":"es_ES"}},"Offers":{"Summaries":[{"Condition":{"Value":"New"},"LowestPrice":{"Amount":34.99,"Currency":"EUR","DisplayAmount":"34,99 €"}}]}}],"SearchURL":"https://www.amazon.es/s?k=blusa+encaje&rh=n%3A3074055031%2Cp_n_availability%3A-1&tag=topinalambricos-21&linkCode=osi","TotalResultCount":1000}},"46":{"SearchResult":{"Items":[{"ASIN":"B09ZP2FTBG","DetailPageURL":"https://www.amazon.es/dp/B09ZP2FTBG?tag=topinalambricos-21&linkCode=osi&th=1&psc=1","Images":{"Primary":{"Small":{"Height":75,"URL":"https://m.media-amazon.com/images/I/51KEPJ5ifkL._SL75_.jpg","Width":75}}},"ItemInfo":{"ByLineInfo":{"Brand":{"DisplayValue":"Bipily","Label":"Brand","Locale":"es_ES"}},"Title":{"DisplayValue":"Bipily Camiseta para Mujer Blusa de Encaje con Cuello en V de Gasa Manga Larga Elegante y Básica Color Sólido Tops(Blanco,S)","Label":"Title","Locale":"es_ES"}},"Offers":{"Summaries":[{"Condition":{"Value":"New"},"LowestPrice":{"Amount":26.99,"Currency":"EUR","DisplayAmount":"26,99 €"}}]}},{"ASIN":"B09XPWJG16","DetailPageURL":"https://www.amazon.es/dp/B09XPWJG16?tag=topinalambricos-21&linkCode=osi&th=1&psc=1","Images":{"Primary":{"Small":{"Height":75,"URL":"https://m.media-amazon.com/images/I/51a1JfNqP4L._SL75_.jpg","Width":59}}},"ItemInfo":{"ByLineInfo":{"Brand":{"DisplayValue":"PANOZON","Label":"Brand","Locale":"es_ES"}},"Title":{"DisplayValue":"PANOZON Mujer Camiseta de Encaje sin Mangas Top Elástico Cuello V Sexy Camisola Cami Casual (L, A-Negro)","Label":"Title","Locale":"es_ES"}},"Offers":{"Summaries":[{"Condition":{"Value":"New"},"LowestPrice":{"Amount":12.99,"Currency":"EUR","DisplayAmount":"12,99 €"}}]}},{"ASIN":"B0BRFZWTQ8","DetailPageURL":"https://www.amazon.es/dp/B0BRFZWTQ8?tag=topinalambricos-21&linkCode=osi&th=1&psc=1","Images":{"Primary":{"Small":{"Height":75,"URL":"https://m.media-amazon.com/images/I/41-vYGBGBiL._SL75_.jpg","Width":58}}},"ItemInfo":{"ByLineInfo":{"Brand":{"DisplayValue":"GRACE KARIN","Label":"Brand","Locale":"es_ES"}},"Title":{"DisplayValue":"Blusa Elegante de Encaje con Manga 3/4 para Mujer Blusa de Color para Primavera y Verano Color Blanco 2XL","Label":"Title","Locale":"es_ES"}},"Offers":{"Summaries":[{"Condition":{"Value":"New"},"LowestPrice":{"Amount":27.99,"Currency":"EUR","DisplayAmount":"27,99 €"}}]}},{"ASIN":"B085R4TJ4J","DetailPageURL":"https://www.amazon.es/dp/B085R4TJ4J?tag=topinalambricos-21&linkCode=osi&th=1&psc=1","Images":{"Primary":{"Small":{"Height":75,"URL":"https://m.media-amazon.com/images/I/41cR4jz1LpS._SL75_.jpg","Width":57}}},"ItemInfo":{"ByLineInfo":{"Brand":{"DisplayValue":"JDY","Label":"Brand","Locale":"es_ES"},"Manufacturer":{"DisplayValue":"JdY","Label":"Manufacturer","Locale":"es_ES"}},"Title":{"DisplayValue":"JDY Jdyblond S/l Top Jrs Noos Blusas, Bailarina De La Nube, XL para Mujer","Label":"Title","Locale":"es_ES"}},"Offers":{"Summaries":[{"Condition":{"Value":"New"},"LowestPrice":{"Amount":9.0,"Currency":"EUR","DisplayAmount":"9,00 €"}}]}},{"ASIN":"B0BNBLDHHP","DetailPageURL":"https://www.amazon.es/dp/B0BNBLDHHP?tag=topinalambricos-21&linkCode=osi&th=1&psc=1","Images":{"Primary":{"Small":{"Height":75,"URL":"https://m.media-amazon.com/images/I/51+17SOyARL._SL75_.jpg","Width":56}}},"ItemInfo":{"ByLineInfo":{"Brand":{"DisplayValue":"GORGLITTER","Label":"Brand","Locale":"es_ES"}},"Title":{"DisplayValue":"GORGLITTER Blusa elegante para mujer, cuello alto, camiseta de manga larga, encaje, túnica con mangas de farol, Blanco, M","Label":"Title","Locale":"es_ES"}},"Offers":{"Summaries":[{"Condition":{"Value":"New"},"LowestPrice":{"Amount":32.19,"Currency":"EUR","DisplayAmount":"32,19 €"}}]}},{"ASIN":"B07G4CYFW3","DetailPageURL":"https://www.amazon.es/dp/B07G4CYFW3?tag=topinalambricos-21&linkCode=osi&th=1&psc=1","Images":{"Primary":{"Small":{"Height":75,"URL":"https://m.media-amazon.com/images/I/51xBN5FTCtL._SL75_.jpg","Width":75}}},"ItemInfo":{"ByLineInfo":{"Brand":{"DisplayValue":"SHOBDW Camisetas de manga larga","Label":"Brand","Locale":"es_ES"}},"Title":{"DisplayValue":"SHOBDW Mujeres Gasa Sólida O Cuello Sexy Encaje Elegante Otoño Tops Casual Blusa Camiseta Camisa de Manga Larga (Blanco,M)","Label":"Title","Locale":"es_ES"}},"Offers":{"Summaries":[{"Condition":{"Value":"New"},"LowestPrice":{"Amount":10.99,"Currency":"EUR","DisplayAmount":"10,99 €"}}]}},{"ASIN":"B0B51T51HB","DetailPageURL":"https://www.amazon.es/dp/B0B51T51HB?tag=topinalambricos-21&linkCode=osi&th=1&psc=1","Images":{"Primary":{"Small":{"Height":75,"URL":"https://m.media-amazon.com/images/I/41Y2dmoUzbL._SL75_.jpg","Width":57}}},"ItemInfo":{"ByLineInfo":{"Brand":{"DisplayValue":"Tuopuda","Label":"Brand","Locale":"es_ES"},"Manufacturer":{"DisplayValue":"GHF-Direct","Label":"Manufacturer","Locale":"es_ES"}},"Title":{"DisplayValue":"Tuopuda Camisetas de Manga Larga para Mujeres Camiseta de Encaje Waffle de Cuello Redondo Casual Sueltas Blusas Tops(Blanco,S)","Label":"Title","Locale":"es_ES"}},"Offers":{"Summaries":[{"Condition":{"Value":"New"},"LowestPrice":{"Amount":19.99,"Currency":"EUR","DisplayAmount":"19,99 €"}}]}},{"ASIN":"B0C4Y4J22J","DetailPageURL":"https://www.amazon.es/dp/B0C4Y4J22J?tag=topinalambricos-21&linkCode=osi&th=1&psc=1","Images":{"Primary":{"Small":{"Height":75,"URL":"https://m.media-amazon.com/images/I/41-8kXZMqAL._SL75_.jpg","Width":56}}},"ItemInfo":{"ByLineInfo":{"Brand":{"DisplayValue":"GORGLITTER","Label":"Brand","Locale":"es_ES"}},"Title":{"DisplayValue":"GORGLITTER Elegante blusa de encaje para mujer, túnica de oficina, blusa de encaje, blusa con volantes, Blanco, XL","Label":"Title","Locale":"es_ES"}},"Offers":{"Summaries":[{"Condition":{"Value":"New"},"LowestPrice":{"Amount":33.28,"Currency":"EUR","DisplayAmount":"33,28 €"}}]}},{"ASIN":"B08RJ9TCN9","DetailPageURL":"https://www.amazon.es/dp/B08RJ9TCN9?tag=topinalambricos-21&linkCode=osi&th=1&psc=1","Images":{"Primary":{"Small":{"Height":75,"URL":"https://m.media-amazon.com/images/I/31N5XuLVTZS._SL75_.jpg","Width":57}}},"ItemInfo":{"ByLineInfo":{"Brand":{"DisplayValue":"SCARLET DARKNESS","Label":"Brand","Locale":"es_ES"}},"Title":{"DisplayValue":"SCARLET DARKNESS Blusa Vintage de Encaje Combinados con Cuello Pico para Mujer S Albaricoque","Label":"Title","Locale":"es_ES"}},"Offers":{"Summaries":[{"Condition":{"Value":"New"},"LowestPrice":{"Amount":29.99,"Currency":"EUR","DisplayAmount":"29,99 €"}}]}},{"ASIN":"B08B1BK4LN","DetailPageURL":"https://www.amazon.es/dp/B08B1BK4LN?tag=topinalambricos-21&linkCode=osi&th=1&psc=1","Images":{"Primary":{"Small":{"Height":75,"URL":"https://m.media-amazon.com/images/I/51WMHsRSCCL._SL75_.jpg","Width":75}}},"ItemInfo":{"ByLineInfo":{"Brand":{"DisplayValue":"Allegra K","Label":"Brand","Locale":"es_ES"},"Manufacturer":{"DisplayValue":"Allegra K","Label":"Manufacturer","Locale":"es_ES"}},"Title":{"DisplayValue":"Allegra K Blusa de Encaje Elegante Floral con Cuello de Volantes de Ganchillo para Mujer Blanco L","Label":"Title","Locale":"es_ES"}},"Offers":{"Summaries":[{"Condition":{"Value":"New"},"LowestPrice":{"Amount":34.99,"Currency":"EUR","DisplayAmount":"34,99 €"}}]}}],"SearchURL":"https://www.amazon.es/s?k=blusa+encaje&rh=n%3A3074055031%2Cp_n_availability%3A-1&tag=topinalambricos-21&linkCode=osi","TotalResultCount":1000}},"47":{"SearchResult":{"Items":[{"ASIN":"B09ZP2FTBG","DetailPageURL":"https://www.amazon.es/dp/B09ZP2FTBG?tag=topinalambricos-21&linkCode=osi&th=1&psc=1","Images":{"Primary":{"Small":{"Height":75,"URL":"https://m.media-amazon.com/images/I/51KEPJ5ifkL._SL75_.jpg","Width":75}}},"ItemInfo":{"ByLineInfo":{"Brand":{"DisplayValue":"Bipily","Label":"Brand","Locale":"es_ES"}},"Title":{"DisplayValue":"Bipily Camiseta para Mujer Blusa de Encaje con Cuello en V de Gasa Manga Larga Elegante y Básica Color Sólido Tops(Blanco,S)","Label":"Title","Locale":"es_ES"}},"Offers":{"Summaries":[{"Condition":{"Value":"New"},"LowestPrice":{"Amount":26.99,"Currency":"EUR","DisplayAmount":"26,99 €"}}]}},{"ASIN":"B09XPWJG16","DetailPageURL":"https://www.amazon.es/dp/B09XPWJG16?tag=topinalambricos-21&linkCode=osi&th=1&psc=1","Images":{"Primary":{"Small":{"Height":75,"URL":"https://m.media-amazon.com/images/I/51a1JfNqP4L._SL75_.jpg","Width":59}}},"ItemInfo":{"ByLineInfo":{"Brand":{"DisplayValue":"PANOZON","Label":"Brand","Locale":"es_ES"}},"Title":{"DisplayValue":"PANOZON Mujer Camiseta de Encaje sin Mangas Top Elástico Cuello V Sexy Camisola Cami Casual (L, A-Negro)","Label":"Title","Locale":"es_ES"}},"Offers":{"Summaries":[{"Condition":{"Value":"New"},"LowestPrice":{"Amount":12.99,"Currency":"EUR","DisplayAmount":"12,99 €"}}]}},{"ASIN":"B0BRFZWTQ8","DetailPageURL":"https://www.amazon.es/dp/B0BRFZWTQ8?tag=topinalambricos-21&linkCode=osi&th=1&psc=1","Images":{"Primary":{"Small":{"Height":75,"URL":"https://m.media-amazon.com/images/I/41-vYGBGBiL._SL75_.jpg","Width":58}}},"ItemInfo":{"ByLineInfo":{"Brand":{"DisplayValue":"GRACE KARIN","Label":"Brand","Locale":"es_ES"}},"Title":{"DisplayValue":"Blusa Elegante de Encaje con Manga 3/4 para Mujer Blusa de Color para Primavera y Verano Color Blanco 2XL","Label":"Title","Locale":"es_ES"}},"Offers":{"Summaries":[{"Condition":{"Value":"New"},"LowestPrice":{"Amount":27.99,"Currency":"EUR","DisplayAmount":"27,99 €"}}]}},{"ASIN":"B085R4TJ4J","DetailPageURL":"https://www.amazon.es/dp/B085R4TJ4J?tag=topinalambricos-21&linkCode=osi&th=1&psc=1","Images":{"Primary":{"Small":{"Height":75,"URL":"https://m.media-amazon.com/images/I/41cR4jz1LpS._SL75_.jpg","Width":57}}},"ItemInfo":{"ByLineInfo":{"Brand":{"DisplayValue":"JDY","Label":"Brand","Locale":"es_ES"},"Manufacturer":{"DisplayValue":"JdY","Label":"Manufacturer","Locale":"es_ES"}},"Title":{"DisplayValue":"JDY Jdyblond S/l Top Jrs Noos Blusas, Bailarina De La Nube, XL para Mujer","Label":"Title","Locale":"es_ES"}},"Offers":{"Summaries":[{"Condition":{"Value":"New"},"LowestPrice":{"Amount":9.0,"Currency":"EUR","DisplayAmount":"9,00 €"}}]}},{"ASIN":"B0BNBLDHHP","DetailPageURL":"https://www.amazon.es/dp/B0BNBLDHHP?tag=topinalambricos-21&linkCode=osi&th=1&psc=1","Images":{"Primary":{"Small":{"Height":75,"URL":"https://m.media-amazon.com/images/I/51+17SOyARL._SL75_.jpg","Width":56}}},"ItemInfo":{"ByLineInfo":{"Brand":{"DisplayValue":"GORGLITTER","Label":"Brand","Locale":"es_ES"}},"Title":{"DisplayValue":"GORGLITTER Blusa elegante para mujer, cuello alto, camiseta de manga larga, encaje, túnica con mangas de farol, Blanco, M","Label":"Title","Locale":"es_ES"}},"Offers":{"Summaries":[{"Condition":{"Value":"New"},"LowestPrice":{"Amount":32.19,"Currency":"EUR","DisplayAmount":"32,19 €"}}]}},{"ASIN":"B07G4CYFW3","DetailPageURL":"https://www.amazon.es/dp/B07G4CYFW3?tag=topinalambricos-21&linkCode=osi&th=1&psc=1","Images":{"Primary":{"Small":{"Height":75,"URL":"https://m.media-amazon.com/images/I/51xBN5FTCtL._SL75_.jpg","Width":75}}},"ItemInfo":{"ByLineInfo":{"Brand":{"DisplayValue":"SHOBDW Camisetas de manga larga","Label":"Brand","Locale":"es_ES"}},"Title":{"DisplayValue":"SHOBDW Mujeres Gasa Sólida O Cuello Sexy Encaje Elegante Otoño Tops Casual Blusa Camiseta Camisa de Manga Larga (Blanco,M)","Label":"Title","Locale":"es_ES"}},"Offers":{"Summaries":[{"Condition":{"Value":"New"},"LowestPrice":{"Amount":10.99,"Currency":"EUR","DisplayAmount":"10,99 €"}}]}},{"ASIN":"B0B51T51HB","DetailPageURL":"https://www.amazon.es/dp/B0B51T51HB?tag=topinalambricos-21&linkCode=osi&th=1&psc=1","Images":{"Primary":{"Small":{"Height":75,"URL":"https://m.media-amazon.com/images/I/41Y2dmoUzbL._SL75_.jpg","Width":57}}},"ItemInfo":{"ByLineInfo":{"Brand":{"DisplayValue":"Tuopuda","Label":"Brand","Locale":"es_ES"},"Manufacturer":{"DisplayValue":"GHF-Direct","Label":"Manufacturer","Locale":"es_ES"}},"Title":{"DisplayValue":"Tuopuda Camisetas de Manga Larga para Mujeres Camiseta de Encaje Waffle de Cuello Redondo Casual Sueltas Blusas Tops(Blanco,S)","Label":"Title","Locale":"es_ES"}},"Offers":{"Summaries":[{"Condition":{"Value":"New"},"LowestPrice":{"Amount":19.99,"Currency":"EUR","DisplayAmount":"19,99 €"}}]}},{"ASIN":"B0C4Y4J22J","DetailPageURL":"https://www.amazon.es/dp/B0C4Y4J22J?tag=topinalambricos-21&linkCode=osi&th=1&psc=1","Images":{"Primary":{"Small":{"Height":75,"URL":"https://m.media-amazon.com/images/I/41-8kXZMqAL._SL75_.jpg","Width":56}}},"ItemInfo":{"ByLineInfo":{"Brand":{"DisplayValue":"GORGLITTER","Label":"Brand","Locale":"es_ES"}},"Title":{"DisplayValue":"GORGLITTER Elegante blusa de encaje para mujer, túnica de oficina, blusa de encaje, blusa con volantes, Blanco, XL","Label":"Title","Locale":"es_ES"}},"Offers":{"Summaries":[{"Condition":{"Value":"New"},"LowestPrice":{"Amount":33.28,"Currency":"EUR","DisplayAmount":"33,28 €"}}]}},{"ASIN":"B08RJ9TCN9","DetailPageURL":"https://www.amazon.es/dp/B08RJ9TCN9?tag=topinalambricos-21&linkCode=osi&th=1&psc=1","Images":{"Primary":{"Small":{"Height":75,"URL":"https://m.media-amazon.com/images/I/31N5XuLVTZS._SL75_.jpg","Width":57}}},"ItemInfo":{"ByLineInfo":{"Brand":{"DisplayValue":"SCARLET DARKNESS","Label":"Brand","Locale":"es_ES"}},"Title":{"DisplayValue":"SCARLET DARKNESS Blusa Vintage de Encaje Combinados con Cuello Pico para Mujer S Albaricoque","Label":"Title","Locale":"es_ES"}},"Offers":{"Summaries":[{"Condition":{"Value":"New"},"LowestPrice":{"Amount":29.99,"Currency":"EUR","DisplayAmount":"29,99 €"}}]}},{"ASIN":"B08B1BK4LN","DetailPageURL":"https://www.amazon.es/dp/B08B1BK4LN?tag=topinalambricos-21&linkCode=osi&th=1&psc=1","Images":{"Primary":{"Small":{"Height":75,"URL":"https://m.media-amazon.com/images/I/51WMHsRSCCL._SL75_.jpg","Width":75}}},"ItemInfo":{"ByLineInfo":{"Brand":{"DisplayValue":"Allegra K","Label":"Brand","Locale":"es_ES"},"Manufacturer":{"DisplayValue":"Allegra K","Label":"Manufacturer","Locale":"es_ES"}},"Title":{"DisplayValue":"Allegra K Blusa de Encaje Elegante Floral con Cuello de Volantes de Ganchillo para Mujer Blanco L","Label":"Title","Locale":"es_ES"}},"Offers":{"Summaries":[{"Condition":{"Value":"New"},"LowestPrice":{"Amount":34.99,"Currency":"EUR","DisplayAmount":"34,99 €"}}]}}],"SearchURL":"https://www.amazon.es/s?k=blusa+encaje&rh=n%3A3074055031%2Cp_n_availability%3A-1&tag=topinalambricos-21&linkCode=osi","TotalResultCount":1000}},"48":{"SearchResult":{"Items":[{"ASIN":"B09ZP2FTBG","DetailPageURL":"https://www.amazon.es/dp/B09ZP2FTBG?tag=topinalambricos-21&linkCode=osi&th=1&psc=1","Images":{"Primary":{"Small":{"Height":75,"URL":"https://m.media-amazon.com/images/I/51KEPJ5ifkL._SL75_.jpg","Width":75}}},"ItemInfo":{"ByLineInfo":{"Brand":{"DisplayValue":"Bipily","Label":"Brand","Locale":"es_ES"}},"Title":{"DisplayValue":"Bipily Camiseta para Mujer Blusa de Encaje con Cuello en V de Gasa Manga Larga Elegante y Básica Color Sólido Tops(Blanco,S)","Label":"Title","Locale":"es_ES"}},"Offers":{"Summaries":[{"Condition":{"Value":"New"},"LowestPrice":{"Amount":26.99,"Currency":"EUR","DisplayAmount":"26,99 €"}}]}},{"ASIN":"B09XPWJG16","DetailPageURL":"https://www.amazon.es/dp/B09XPWJG16?tag=topinalambricos-21&linkCode=osi&th=1&psc=1","Images":{"Primary":{"Small":{"Height":75,"URL":"https://m.media-amazon.com/images/I/51a1JfNqP4L._SL75_.jpg","Width":59}}},"ItemInfo":{"ByLineInfo":{"Brand":{"DisplayValue":"PANOZON","Label":"Brand","Locale":"es_ES"}},"Title":{"DisplayValue":"PANOZON Mujer Camiseta de Encaje sin Mangas Top Elástico Cuello V Sexy Camisola Cami Casual (L, A-Negro)","Label":"Title","Locale":"es_ES"}},"Offers":{"Summaries":[{"Condition":{"Value":"New"},"LowestPrice":{"Amount":12.99,"Currency":"EUR","DisplayAmount":"12,99 €"}}]}},{"ASIN":"B0BRFZWTQ8","DetailPageURL":"https://www.amazon.es/dp/B0BRFZWTQ8?tag=topinalambricos-21&linkCode=osi&th=1&psc=1","Images":{"Primary":{"Small":{"Height":75,"URL":"https://m.media-amazon.com/images/I/41-vYGBGBiL._SL75_.jpg","Width":58}}},"ItemInfo":{"ByLineInfo":{"Brand":{"DisplayValue":"GRACE KARIN","Label":"Brand","Locale":"es_ES"}},"Title":{"DisplayValue":"Blusa Elegante de Encaje con Manga 3/4 para Mujer Blusa de Color para Primavera y Verano Color Blanco 2XL","Label":"Title","Locale":"es_ES"}},"Offers":{"Summaries":[{"Condition":{"Value":"New"},"LowestPrice":{"Amount":27.99,"Currency":"EUR","DisplayAmount":"27,99 €"}}]}},{"ASIN":"B085R4TJ4J","DetailPageURL":"https://www.amazon.es/dp/B085R4TJ4J?tag=topinalambricos-21&linkCode=osi&th=1&psc=1","Images":{"Primary":{"Small":{"Height":75,"URL":"https://m.media-amazon.com/images/I/41cR4jz1LpS._SL75_.jpg","Width":57}}},"ItemInfo":{"ByLineInfo":{"Brand":{"DisplayValue":"JDY","Label":"Brand","Locale":"es_ES"},"Manufacturer":{"DisplayValue":"JdY","Label":"Manufacturer","Locale":"es_ES"}},"Title":{"DisplayValue":"JDY Jdyblond S/l Top Jrs Noos Blusas, Bailarina De La Nube, XL para Mujer","Label":"Title","Locale":"es_ES"}},"Offers":{"Summaries":[{"Condition":{"Value":"New"},"LowestPrice":{"Amount":9.0,"Currency":"EUR","DisplayAmount":"9,00 €"}}]}},{"ASIN":"B0BNBLDHHP","DetailPageURL":"https://www.amazon.es/dp/B0BNBLDHHP?tag=topinalambricos-21&linkCode=osi&th=1&psc=1","Images":{"Primary":{"Small":{"Height":75,"URL":"https://m.media-amazon.com/images/I/51+17SOyARL._SL75_.jpg","Width":56}}},"ItemInfo":{"ByLineInfo":{"Brand":{"DisplayValue":"GORGLITTER","Label":"Brand","Locale":"es_ES"}},"Title":{"DisplayValue":"GORGLITTER Blusa elegante para mujer, cuello alto, camiseta de manga larga, encaje, túnica con mangas de farol, Blanco, M","Label":"Title","Locale":"es_ES"}},"Offers":{"Summaries":[{"Condition":{"Value":"New"},"LowestPrice":{"Amount":32.19,"Currency":"EUR","DisplayAmount":"32,19 €"}}]}},{"ASIN":"B07G4CYFW3","DetailPageURL":"https://www.amazon.es/dp/B07G4CYFW3?tag=topinalambricos-21&linkCode=osi&th=1&psc=1","Images":{"Primary":{"Small":{"Height":75,"URL":"https://m.media-amazon.com/images/I/51xBN5FTCtL._SL75_.jpg","Width":75}}},"ItemInfo":{"ByLineInfo":{"Brand":{"DisplayValue":"SHOBDW Camisetas de manga larga","Label":"Brand","Locale":"es_ES"}},"Title":{"DisplayValue":"SHOBDW Mujeres Gasa Sólida O Cuello Sexy Encaje Elegante Otoño Tops Casual Blusa Camiseta Camisa de Manga Larga (Blanco,M)","Label":"Title","Locale":"es_ES"}},"Offers":{"Summaries":[{"Condition":{"Value":"New"},"LowestPrice":{"Amount":10.99,"Currency":"EUR","DisplayAmount":"10,99 €"}}]}},{"ASIN":"B0B51T51HB","DetailPageURL":"https://www.amazon.es/dp/B0B51T51HB?tag=topinalambricos-21&linkCode=osi&th=1&psc=1","Images":{"Primary":{"Small":{"Height":75,"URL":"https://m.media-amazon.com/images/I/41Y2dmoUzbL._SL75_.jpg","Width":57}}},"ItemInfo":{"ByLineInfo":{"Brand":{"DisplayValue":"Tuopuda","Label":"Brand","Locale":"es_ES"},"Manufacturer":{"DisplayValue":"GHF-Direct","Label":"Manufacturer","Locale":"es_ES"}},"Title":{"DisplayValue":"Tuopuda Camisetas de Manga Larga para Mujeres Camiseta de Encaje Waffle de Cuello Redondo Casual Sueltas Blusas Tops(Blanco,S)","Label":"Title","Locale":"es_ES"}},"Offers":{"Summaries":[{"Condition":{"Value":"New"},"LowestPrice":{"Amount":19.99,"Currency":"EUR","DisplayAmount":"19,99 €"}}]}},{"ASIN":"B0C4Y4J22J","DetailPageURL":"https://www.amazon.es/dp/B0C4Y4J22J?tag=topinalambricos-21&linkCode=osi&th=1&psc=1","Images":{"Primary":{"Small":{"Height":75,"URL":"https://m.media-amazon.com/images/I/41-8kXZMqAL._SL75_.jpg","Width":56}}},"ItemInfo":{"ByLineInfo":{"Brand":{"DisplayValue":"GORGLITTER","Label":"Brand","Locale":"es_ES"}},"Title":{"DisplayValue":"GORGLITTER Elegante blusa de encaje para mujer, túnica de oficina, blusa de encaje, blusa con volantes, Blanco, XL","Label":"Title","Locale":"es_ES"}},"Offers":{"Summaries":[{"Condition":{"Value":"New"},"LowestPrice":{"Amount":33.28,"Currency":"EUR","DisplayAmount":"33,28 €"}}]}},{"ASIN":"B08RJ9TCN9","DetailPageURL":"https://www.amazon.es/dp/B08RJ9TCN9?tag=topinalambricos-21&linkCode=osi&th=1&psc=1","Images":{"Primary":{"Small":{"Height":75,"URL":"https://m.media-amazon.com/images/I/31N5XuLVTZS._SL75_.jpg","Width":57}}},"ItemInfo":{"ByLineInfo":{"Brand":{"DisplayValue":"SCARLET DARKNESS","Label":"Brand","Locale":"es_ES"}},"Title":{"DisplayValue":"SCARLET DARKNESS Blusa Vintage de Encaje Combinados con Cuello Pico para Mujer S Albaricoque","Label":"Title","Locale":"es_ES"}},"Offers":{"Summaries":[{"Condition":{"Value":"New"},"LowestPrice":{"Amount":29.99,"Currency":"EUR","DisplayAmount":"29,99 €"}}]}},{"ASIN":"B08B1BK4LN","DetailPageURL":"https://www.amazon.es/dp/B08B1BK4LN?tag=topinalambricos-21&linkCode=osi&th=1&psc=1","Images":{"Primary":{"Small":{"Height":75,"URL":"https://m.media-amazon.com/images/I/51WMHsRSCCL._SL75_.jpg","Width":75}}},"ItemInfo":{"ByLineInfo":{"Brand":{"DisplayValue":"Allegra K","Label":"Brand","Locale":"es_ES"},"Manufacturer":{"DisplayValue":"Allegra K","Label":"Manufacturer","Locale":"es_ES"}},"Title":{"DisplayValue":"Allegra K Blusa de Encaje Elegante Floral con Cuello de Volantes de Ganchillo para Mujer Blanco L","Label":"Title","Locale":"es_ES"}},"Offers":{"Summaries":[{"Condition":{"Value":"New"},"LowestPrice":{"Amount":34.99,"Currency":"EUR","DisplayAmount":"34,99 €"}}]}}],"SearchURL":"https://www.amazon.es/s?k=blusa+encaje&rh=n%3A3074055031%2Cp_n_availability%3A-1&tag=topinalambricos-21&linkCode=osi","TotalResultCount":1000}},"49":{"SearchResult":{"Items":[{"ASIN":"B09ZP2FTBG","DetailPageURL":"https://www.amazon.es/dp/B09ZP2FTBG?tag=topinalambricos-21&linkCode=osi&th=1&psc=1","Images":{"Primary":{"Small":{"Height":75,"URL":"https://m.media-amazon.com/images/I/51KEPJ5ifkL._SL75_.jpg","Width":75}}},"ItemInfo":{"ByLineInfo":{"Brand":{"DisplayValue":"Bipily","Label":"Brand","Locale":"es_ES"}},"Title":{"DisplayValue":"Bipily Camiseta para Mujer Blusa de Encaje con Cuello en V de Gasa Manga Larga Elegante y Básica Color Sólido Tops(Blanco,S)","Label":"Title","Locale":"es_ES"}},"Offers":{"Summaries":[{"Condition":{"Value":"New"},"LowestPrice":{"Amount":26.99,"Currency":"EUR","DisplayAmount":"26,99 €"}}]}},{"ASIN":"B09XPWJG16","DetailPageURL":"https://www.amazon.es/dp/B09XPWJG16?tag=topinalambricos-21&linkCode=osi&th=1&psc=1","Images":{"Primary":{"Small":{"Height":75,"URL":"https://m.media-amazon.com/images/I/51a1JfNqP4L._SL75_.jpg","Width":59}}},"ItemInfo":{"ByLineInfo":{"Brand":{"DisplayValue":"PANOZON","Label":"Brand","Locale":"es_ES"}},"Title":{"DisplayValue":"PANOZON Mujer Camiseta de Encaje sin Mangas Top Elástico Cuello V Sexy Camisola Cami Casual (L, A-Negro)","Label":"Title","Locale":"es_ES"}},"Offers":{"Summaries":[{"Condition":{"Value":"New"},"LowestPrice":{"Amount":12.99,"Currency":"EUR","DisplayAmount":"12,99 €"}}]}},{"ASIN":"B0BRFZWTQ8","DetailPageURL":"https://www.amazon.es/dp/B0BRFZWTQ8?tag=topinalambricos-21&linkCode=osi&th=1&psc=1","Images":{"Primary":{"Small":{"Height":75,"URL":"https://m.media-amazon.com/images/I/41-vYGBGBiL._SL75_.jpg","Width":58}}},"ItemInfo":{"ByLineInfo":{"Brand":{"DisplayValue":"GRACE KARIN","Label":"Brand","Locale":"es_ES"}},"Title":{"DisplayValue":"Blusa Elegante de Encaje con Manga 3/4 para Mujer Blusa de Color para Primavera y Verano Color Blanco 2XL","Label":"Title","Locale":"es_ES"}},"Offers":{"Summaries":[{"Condition":{"Value":"New"},"LowestPrice":{"Amount":27.99,"Currency":"EUR","DisplayAmount":"27,99 €"}}]}},{"ASIN":"B085R4TJ4J","DetailPageURL":"https://www.amazon.es/dp/B085R4TJ4J?tag=topinalambricos-21&linkCode=osi&th=1&psc=1","Images":{"Primary":{"Small":{"Height":75,"URL":"https://m.media-amazon.com/images/I/41cR4jz1LpS._SL75_.jpg","Width":57}}},"ItemInfo":{"ByLineInfo":{"Brand":{"DisplayValue":"JDY","Label":"Brand","Locale":"es_ES"},"Manufacturer":{"DisplayValue":"JdY","Label":"Manufacturer","Locale":"es_ES"}},"Title":{"DisplayValue":"JDY Jdyblond S/l Top Jrs Noos Blusas, Bailarina De La Nube, XL para Mujer","Label":"Title","Locale":"es_ES"}},"Offers":{"Summaries":[{"Condition":{"Value":"New"},"LowestPrice":{"Amount":9.0,"Currency":"EUR","DisplayAmount":"9,00 €"}}]}},{"ASIN":"B0BNBLDHHP","DetailPageURL":"https://www.amazon.es/dp/B0BNBLDHHP?tag=topinalambricos-21&linkCode=osi&th=1&psc=1","Images":{"Primary":{"Small":{"Height":75,"URL":"https://m.media-amazon.com/images/I/51+17SOyARL._SL75_.jpg","Width":56}}},"ItemInfo":{"ByLineInfo":{"Brand":{"DisplayValue":"GORGLITTER","Label":"Brand","Locale":"es_ES"}},"Title":{"DisplayValue":"GORGLITTER Blusa elegante para mujer, cuello alto, camiseta de manga larga, encaje, túnica con mangas de farol, Blanco, M","Label":"Title","Locale":"es_ES"}},"Offers":{"Summaries":[{"Condition":{"Value":"New"},"LowestPrice":{"Amount":32.19,"Currency":"EUR","DisplayAmount":"32,19 €"}}]}},{"ASIN":"B07G4CYFW3","DetailPageURL":"https://www.amazon.es/dp/B07G4CYFW3?tag=topinalambricos-21&linkCode=osi&th=1&psc=1","Images":{"Primary":{"Small":{"Height":75,"URL":"https://m.media-amazon.com/images/I/51xBN5FTCtL._SL75_.jpg","Width":75}}},"ItemInfo":{"ByLineInfo":{"Brand":{"DisplayValue":"SHOBDW Camisetas de manga larga","Label":"Brand","Locale":"es_ES"}},"Title":{"DisplayValue":"SHOBDW Mujeres Gasa Sólida O Cuello Sexy Encaje Elegante Otoño Tops Casual Blusa Camiseta Camisa de Manga Larga (Blanco,M)","Label":"Title","Locale":"es_ES"}},"Offers":{"Summaries":[{"Condition":{"Value":"New"},"LowestPrice":{"Amount":10.99,"Currency":"EUR","DisplayAmount":"10,99 €"}}]}},{"ASIN":"B0B51T51HB","DetailPageURL":"https://www.amazon.es/dp/B0B51T51HB?tag=topinalambricos-21&linkCode=osi&th=1&psc=1","Images":{"Primary":{"Small":{"Height":75,"URL":"https://m.media-amazon.com/images/I/41Y2dmoUzbL._SL75_.jpg","Width":57}}},"ItemInfo":{"ByLineInfo":{"Brand":{"DisplayValue":"Tuopuda","Label":"Brand","Locale":"es_ES"},"Manufacturer":{"DisplayValue":"GHF-Direct","Label":"Manufacturer","Locale":"es_ES"}},"Title":{"DisplayValue":"Tuopuda Camisetas de Manga Larga para Mujeres Camiseta de Encaje Waffle de Cuello Redondo Casual Sueltas Blusas Tops(Blanco,S)","Label":"Title","Locale":"es_ES"}},"Offers":{"Summaries":[{"Condition":{"Value":"New"},"LowestPrice":{"Amount":19.99,"Currency":"EUR","DisplayAmount":"19,99 €"}}]}},{"ASIN":"B0C4Y4J22J","DetailPageURL":"https://www.amazon.es/dp/B0C4Y4J22J?tag=topinalambricos-21&linkCode=osi&th=1&psc=1","Images":{"Primary":{"Small":{"Height":75,"URL":"https://m.media-amazon.com/images/I/41-8kXZMqAL._SL75_.jpg","Width":56}}},"ItemInfo":{"ByLineInfo":{"Brand":{"DisplayValue":"GORGLITTER","Label":"Brand","Locale":"es_ES"}},"Title":{"DisplayValue":"GORGLITTER Elegante blusa de encaje para mujer, túnica de oficina, blusa de encaje, blusa con volantes, Blanco, XL","Label":"Title","Locale":"es_ES"}},"Offers":{"Summaries":[{"Condition":{"Value":"New"},"LowestPrice":{"Amount":33.28,"Currency":"EUR","DisplayAmount":"33,28 €"}}]}},{"ASIN":"B08RJ9TCN9","DetailPageURL":"https://www.amazon.es/dp/B08RJ9TCN9?tag=topinalambricos-21&linkCode=osi&th=1&psc=1","Images":{"Primary":{"Small":{"Height":75,"URL":"https://m.media-amazon.com/images/I/31N5XuLVTZS._SL75_.jpg","Width":57}}},"ItemInfo":{"ByLineInfo":{"Brand":{"DisplayValue":"SCARLET DARKNESS","Label":"Brand","Locale":"es_ES"}},"Title":{"DisplayValue":"SCARLET DARKNESS Blusa Vintage de Encaje Combinados con Cuello Pico para Mujer S Albaricoque","Label":"Title","Locale":"es_ES"}},"Offers":{"Summaries":[{"Condition":{"Value":"New"},"LowestPrice":{"Amount":29.99,"Currency":"EUR","DisplayAmount":"29,99 €"}}]}},{"ASIN":"B08B1BK4LN","DetailPageURL":"https://www.amazon.es/dp/B08B1BK4LN?tag=topinalambricos-21&linkCode=osi&th=1&psc=1","Images":{"Primary":{"Small":{"Height":75,"URL":"https://m.media-amazon.com/images/I/51WMHsRSCCL._SL75_.jpg","Width":75}}},"ItemInfo":{"ByLineInfo":{"Brand":{"DisplayValue":"Allegra K","Label":"Brand","Locale":"es_ES"},"Manufacturer":{"DisplayValue":"Allegra K","Label":"Manufacturer","Locale":"es_ES"}},"Title":{"DisplayValue":"Allegra K Blusa de Encaje Elegante Floral con Cuello de Volantes de Ganchillo para Mujer Blanco L","Label":"Title","Locale":"es_ES"}},"Offers":{"Summaries":[{"Condition":{"Value":"New"},"LowestPrice":{"Amount":34.99,"Currency":"EUR","DisplayAmount":"34,99 €"}}]}}],"SearchURL":"https://www.amazon.es/s?k=blusa+encaje&rh=n%3A3074055031%2Cp_n_availability%3A-1&tag=topinalambricos-21&linkCode=osi","TotalResultCount":1000}},"50":{"SearchResult":{"Items":[{"ASIN":"B09ZP2FTBG","DetailPageURL":"https://www.amazon.es/dp/B09ZP2FTBG?tag=topinalambricos-21&linkCode=osi&th=1&psc=1","Images":{"Primary":{"Small":{"Height":75,"URL":"https://m.media-amazon.com/images/I/51KEPJ5ifkL._SL75_.jpg","Width":75}}},"ItemInfo":{"ByLineInfo":{"Brand":{"DisplayValue":"Bipily","Label":"Brand","Locale":"es_ES"}},"Title":{"DisplayValue":"Bipily Camiseta para Mujer Blusa de Encaje con Cuello en V de Gasa Manga Larga Elegante y Básica Color Sólido Tops(Blanco,S)","Label":"Title","Locale":"es_ES"}},"Offers":{"Summaries":[{"Condition":{"Value":"New"},"LowestPrice":{"Amount":26.99,"Currency":"EUR","DisplayAmount":"26,99 €"}}]}},{"ASIN":"B09XPWJG16","DetailPageURL":"https://www.amazon.es/dp/B09XPWJG16?tag=topinalambricos-21&linkCode=osi&th=1&psc=1","Images":{"Primary":{"Small":{"Height":75,"URL":"https://m.media-amazon.com/images/I/51a1JfNqP4L._SL75_.jpg","Width":59}}},"ItemInfo":{"ByLineInfo":{"Brand":{"DisplayValue":"PANOZON","Label":"Brand","Locale":"es_ES"}},"Title":{"DisplayValue":"PANOZON Mujer Camiseta de Encaje sin Mangas Top Elástico Cuello V Sexy Camisola Cami Casual (L, A-Negro)","Label":"Title","Locale":"es_ES"}},"Offers":{"Summaries":[{"Condition":{"Value":"New"},"LowestPrice":{"Amount":12.99,"Currency":"EUR","DisplayAmount":"12,99 €"}}]}},{"ASIN":"B0BRFZWTQ8","DetailPageURL":"https://www.amazon.es/dp/B0BRFZWTQ8?tag=topinalambricos-21&linkCode=osi&th=1&psc=1","Images":{"Primary":{"Small":{"Height":75,"URL":"https://m.media-amazon.com/images/I/41-vYGBGBiL._SL75_.jpg","Width":58}}},"ItemInfo":{"ByLineInfo":{"Brand":{"DisplayValue":"GRACE KARIN","Label":"Brand","Locale":"es_ES"}},"Title":{"DisplayValue":"Blusa Elegante de Encaje con Manga 3/4 para Mujer Blusa de Color para Primavera y Verano Color Blanco 2XL","Label":"Title","Locale":"es_ES"}},"Offers":{"Summaries":[{"Condition":{"Value":"New"},"LowestPrice":{"Amount":27.99,"Currency":"EUR","DisplayAmount":"27,99 €"}}]}},{"ASIN":"B085R4TJ4J","DetailPageURL":"https://www.amazon.es/dp/B085R4TJ4J?tag=topinalambricos-21&linkCode=osi&th=1&psc=1","Images":{"Primary":{"Small":{"Height":75,"URL":"https://m.media-amazon.com/images/I/41cR4jz1LpS._SL75_.jpg","Width":57}}},"ItemInfo":{"ByLineInfo":{"Brand":{"DisplayValue":"JDY","Label":"Brand","Locale":"es_ES"},"Manufacturer":{"DisplayValue":"JdY","Label":"Manufacturer","Locale":"es_ES"}},"Title":{"DisplayValue":"JDY Jdyblond S/l Top Jrs Noos Blusas, Bailarina De La Nube, XL para Mujer","Label":"Title","Locale":"es_ES"}},"Offers":{"Summaries":[{"Condition":{"Value":"New"},"LowestPrice":{"Amount":9.0,"Currency":"EUR","DisplayAmount":"9,00 €"}}]}},{"ASIN":"B0BNBLDHHP","DetailPageURL":"https://www.amazon.es/dp/B0BNBLDHHP?tag=topinalambricos-21&linkCode=osi&th=1&psc=1","Images":{"Primary":{"Small":{"Height":75,"URL":"https://m.media-amazon.com/images/I/51+17SOyARL._SL75_.jpg","Width":56}}},"ItemInfo":{"ByLineInfo":{"Brand":{"DisplayValue":"GORGLITTER","Label":"Brand","Locale":"es_ES"}},"Title":{"DisplayValue":"GORGLITTER Blusa elegante para mujer, cuello alto, camiseta de manga larga, encaje, túnica con mangas de farol, Blanco, M","Label":"Title","Locale":"es_ES"}},"Offers":{"Summaries":[{"Condition":{"Value":"New"},"LowestPrice":{"Amount":32.19,"Currency":"EUR","DisplayAmount":"32,19 €"}}]}},{"ASIN":"B07G4CYFW3","DetailPageURL":"https://www.amazon.es/dp/B07G4CYFW3?tag=topinalambricos-21&linkCode=osi&th=1&psc=1","Images":{"Primary":{"Small":{"Height":75,"URL":"https://m.media-amazon.com/images/I/51xBN5FTCtL._SL75_.jpg","Width":75}}},"ItemInfo":{"ByLineInfo":{"Brand":{"DisplayValue":"SHOBDW Camisetas de manga larga","Label":"Brand","Locale":"es_ES"}},"Title":{"DisplayValue":"SHOBDW Mujeres Gasa Sólida O Cuello Sexy Encaje Elegante Otoño Tops Casual Blusa Camiseta Camisa de Manga Larga (Blanco,M)","Label":"Title","Locale":"es_ES"}},"Offers":{"Summaries":[{"Condition":{"Value":"New"},"LowestPrice":{"Amount":10.99,"Currency":"EUR","DisplayAmount":"10,99 €"}}]}},{"ASIN":"B0B51T51HB","DetailPageURL":"https://www.amazon.es/dp/B0B51T51HB?tag=topinalambricos-21&linkCode=osi&th=1&psc=1","Images":{"Primary":{"Small":{"Height":75,"URL":"https://m.media-amazon.com/images/I/41Y2dmoUzbL._SL75_.jpg","Width":57}}},"ItemInfo":{"ByLineInfo":{"Brand":{"DisplayValue":"Tuopuda","Label":"Brand","Locale":"es_ES"},"Manufacturer":{"DisplayValue":"GHF-Direct","Label":"Manufacturer","Locale":"es_ES"}},"Title":{"DisplayValue":"Tuopuda Camisetas de Manga Larga para Mujeres Camiseta de Encaje Waffle de Cuello Redondo Casual Sueltas Blusas Tops(Blanco,S)","Label":"Title","Locale":"es_ES"}},"Offers":{"Summaries":[{"Condition":{"Value":"New"},"LowestPrice":{"Amount":19.99,"Currency":"EUR","DisplayAmount":"19,99 €"}}]}},{"ASIN":"B0C4Y4J22J","DetailPageURL":"https://www.amazon.es/dp/B0C4Y4J22J?tag=topinalambricos-21&linkCode=osi&th=1&psc=1","Images":{"Primary":{"Small":{"Height":75,"URL":"https://m.media-amazon.com/images/I/41-8kXZMqAL._SL75_.jpg","Width":56}}},"ItemInfo":{"ByLineInfo":{"Brand":{"DisplayValue":"GORGLITTER","Label":"Brand","Locale":"es_ES"}},"Title":{"DisplayValue":"GORGLITTER Elegante blusa de encaje para mujer, túnica de oficina, blusa de encaje, blusa con volantes, Blanco, XL","Label":"Title","Locale":"es_ES"}},"Offers":{"Summaries":[{"Condition":{"Value":"New"},"LowestPrice":{"Amount":33.28,"Currency":"EUR","DisplayAmount":"33,28 €"}}]}},{"ASIN":"B08RJ9TCN9","DetailPageURL":"https://www.amazon.es/dp/B08RJ9TCN9?tag=topinalambricos-21&linkCode=osi&th=1&psc=1","Images":{"Primary":{"Small":{"Height":75,"URL":"https://m.media-amazon.com/images/I/31N5XuLVTZS._SL75_.jpg","Width":57}}},"ItemInfo":{"ByLineInfo":{"Brand":{"DisplayValue":"SCARLET DARKNESS","Label":"Brand","Locale":"es_ES"}},"Title":{"DisplayValue":"SCARLET DARKNESS Blusa Vintage de Encaje Combinados con Cuello Pico para Mujer S Albaricoque","Label":"Title","Locale":"es_ES"}},"Offers":{"Summaries":[{"Condition":{"Value":"New"},"LowestPrice":{"Amount":29.99,"Currency":"EUR","DisplayAmount":"29,99 €"}}]}},{"ASIN":"B08B1BK4LN","DetailPageURL":"https://www.amazon.es/dp/B08B1BK4LN?tag=topinalambricos-21&linkCode=osi&th=1&psc=1","Images":{"Primary":{"Small":{"Height":75,"URL":"https://m.media-amazon.com/images/I/51WMHsRSCCL._SL75_.jpg","Width":75}}},"ItemInfo":{"ByLineInfo":{"Brand":{"DisplayValue":"Allegra K","Label":"Brand","Locale":"es_ES"},"Manufacturer":{"DisplayValue":"Allegra K","Label":"Manufacturer","Locale":"es_ES"}},"Title":{"DisplayValue":"Allegra K Blusa de Encaje Elegante Floral con Cuello de Volantes de Ganchillo para Mujer Blanco L","Label":"Title","Locale":"es_ES"}},"Offers":{"Summaries":[{"Condition":{"Value":"New"},"LowestPrice":{"Amount":34.99,"Currency":"EUR","DisplayAmount":"34,99 €"}}]}}],"SearchURL":"https://www.amazon.es/s?k=blusa+encaje&rh=n%3A3074055031%2Cp_n_availability%3A-1&tag=topinalambricos-21&linkCode=osi","TotalResultCount":1000}},"51":{"SearchResult":{"Items":[{"ASIN":"B09ZP2FTBG","DetailPageURL":"https://www.amazon.es/dp/B09ZP2FTBG?tag=topinalambricos-21&linkCode=osi&th=1&psc=1","Images":{"Primary":{"Small":{"Height":75,"URL":"https://m.media-amazon.com/images/I/51KEPJ5ifkL._SL75_.jpg","Width":75}}},"ItemInfo":{"ByLineInfo":{"Brand":{"DisplayValue":"Bipily","Label":"Brand","Locale":"es_ES"}},"Title":{"DisplayValue":"Bipily Camiseta para Mujer Blusa de Encaje con Cuello en V de Gasa Manga Larga Elegante y Básica Color Sólido Tops(Blanco,S)","Label":"Title","Locale":"es_ES"}},"Offers":{"Summaries":[{"Condition":{"Value":"New"},"LowestPrice":{"Amount":26.99,"Currency":"EUR","DisplayAmount":"26,99 €"}}]}},{"ASIN":"B09XPWJG16","DetailPageURL":"https://www.amazon.es/dp/B09XPWJG16?tag=topinalambricos-21&linkCode=osi&th=1&psc=1","Images":{"Primary":{"Small":{"Height":75,"URL":"https://m.media-amazon.com/images/I/51a1JfNqP4L._SL75_.jpg","Width":59}}},"ItemInfo":{"ByLineInfo":{"Brand":{"DisplayValue":"PANOZON","Label":"Brand","Locale":"es_ES"}},"Title":{"DisplayValue":"PANOZON Mujer Camiseta de Encaje sin Mangas Top Elástico Cuello V Sexy Camisola Cami Casual (L, A-Negro)","Label":"Title","Locale":"es_ES"}},"Offers":{"Summaries":[{"Condition":{"Value":"New"},"LowestPrice":{"Amount":12.99,"Currency":"EUR","DisplayAmount":"12,99 €"}}]}},{"ASIN":"B0BRFZWTQ8","DetailPageURL":"https://www.amazon.es/dp/B0BRFZWTQ8?tag=topinalambricos-21&linkCode=osi&th=1&psc=1","Images":{"Primary":{"Small":{"Height":75,"URL":"https://m.media-amazon.com/images/I/41-vYGBGBiL._SL75_.jpg","Width":58}}},"ItemInfo":{"ByLineInfo":{"Brand":{"DisplayValue":"GRACE KARIN","Label":"Brand","Locale":"es_ES"}},"Title":{"DisplayValue":"Blusa Elegante de Encaje con Manga 3/4 para Mujer Blusa de Color para Primavera y Verano Color Blanco 2XL","Label":"Title","Locale":"es_ES"}},"Offers":{"Summaries":[{"Condition":{"Value":"New"},"LowestPrice":{"Amount":27.99,"Currency":"EUR","DisplayAmount":"27,99 €"}}]}},{"ASIN":"B085R4TJ4J","DetailPageURL":"https://www.amazon.es/dp/B085R4TJ4J?tag=topinalambricos-21&linkCode=osi&th=1&psc=1","Images":{"Primary":{"Small":{"Height":75,"URL":"https://m.media-amazon.com/images/I/41cR4jz1LpS._SL75_.jpg","Width":57}}},"ItemInfo":{"ByLineInfo":{"Brand":{"DisplayValue":"JDY","Label":"Brand","Locale":"es_ES"},"Manufacturer":{"DisplayValue":"JdY","Label":"Manufacturer","Locale":"es_ES"}},"Title":{"DisplayValue":"JDY Jdyblond S/l Top Jrs Noos Blusas, Bailarina De La Nube, XL para Mujer","Label":"Title","Locale":"es_ES"}},"Offers":{"Summaries":[{"Condition":{"Value":"New"},"LowestPrice":{"Amount":9.0,"Currency":"EUR","DisplayAmount":"9,00 €"}}]}},{"ASIN":"B0BNBLDHHP","DetailPageURL":"https://www.amazon.es/dp/B0BNBLDHHP?tag=topinalambricos-21&linkCode=osi&th=1&psc=1","Images":{"Primary":{"Small":{"Height":75,"URL":"https://m.media-amazon.com/images/I/51+17SOyARL._SL75_.jpg","Width":56}}},"ItemInfo":{"ByLineInfo":{"Brand":{"DisplayValue":"GORGLITTER","Label":"Brand","Locale":"es_ES"}},"Title":{"DisplayValue":"GORGLITTER Blusa elegante para mujer, cuello alto, camiseta de manga larga, encaje, túnica con mangas de farol, Blanco, M","Label":"Title","Locale":"es_ES"}},"Offers":{"Summaries":[{"Condition":{"Value":"New"},"LowestPrice":{"Amount":32.19,"Currency":"EUR","DisplayAmount":"32,19 €"}}]}},{"ASIN":"B07G4CYFW3","DetailPageURL":"https://www.amazon.es/dp/B07G4CYFW3?tag=topinalambricos-21&linkCode=osi&th=1&psc=1","Images":{"Primary":{"Small":{"Height":75,"URL":"https://m.media-amazon.com/images/I/51xBN5FTCtL._SL75_.jpg","Width":75}}},"ItemInfo":{"ByLineInfo":{"Brand":{"DisplayValue":"SHOBDW Camisetas de manga larga","Label":"Brand","Locale":"es_ES"}},"Title":{"DisplayValue":"SHOBDW Mujeres Gasa Sólida O Cuello Sexy Encaje Elegante Otoño Tops Casual Blusa Camiseta Camisa de Manga Larga (Blanco,M)","Label":"Title","Locale":"es_ES"}},"Offers":{"Summaries":[{"Condition":{"Value":"New"},"LowestPrice":{"Amount":10.99,"Currency":"EUR","DisplayAmount":"10,99 €"}}]}},{"ASIN":"B0B51T51HB","DetailPageURL":"https://www.amazon.es/dp/B0B51T51HB?tag=topinalambricos-21&linkCode=osi&th=1&psc=1","Images":{"Primary":{"Small":{"Height":75,"URL":"https://m.media-amazon.com/images/I/41Y2dmoUzbL._SL75_.jpg","Width":57}}},"ItemInfo":{"ByLineInfo":{"Brand":{"DisplayValue":"Tuopuda","Label":"Brand","Locale":"es_ES"},"Manufacturer":{"DisplayValue":"GHF-Direct","Label":"Manufacturer","Locale":"es_ES"}},"Title":{"DisplayValue":"Tuopuda Camisetas de Manga Larga para Mujeres Camiseta de Encaje Waffle de Cuello Redondo Casual Sueltas Blusas Tops(Blanco,S)","Label":"Title","Locale":"es_ES"}},"Offers":{"Summaries":[{"Condition":{"Value":"New"},"LowestPrice":{"Amount":19.99,"Currency":"EUR","DisplayAmount":"19,99 €"}}]}},{"ASIN":"B0C4Y4J22J","DetailPageURL":"https://www.amazon.es/dp/B0C4Y4J22J?tag=topinalambricos-21&linkCode=osi&th=1&psc=1","Images":{"Primary":{"Small":{"Height":75,"URL":"https://m.media-amazon.com/images/I/41-8kXZMqAL._SL75_.jpg","Width":56}}},"ItemInfo":{"ByLineInfo":{"Brand":{"DisplayValue":"GORGLITTER","Label":"Brand","Locale":"es_ES"}},"Title":{"DisplayValue":"GORGLITTER Elegante blusa de encaje para mujer, túnica de oficina, blusa de encaje, blusa con volantes, Blanco, XL","Label":"Title","Locale":"es_ES"}},"Offers":{"Summaries":[{"Condition":{"Value":"New"},"LowestPrice":{"Amount":33.28,"Currency":"EUR","DisplayAmount":"33,28 €"}}]}},{"ASIN":"B08RJ9TCN9","DetailPageURL":"https://www.amazon.es/dp/B08RJ9TCN9?tag=topinalambricos-21&linkCode=osi&th=1&psc=1","Images":{"Primary":{"Small":{"Height":75,"URL":"https://m.media-amazon.com/images/I/31N5XuLVTZS._SL75_.jpg","Width":57}}},"ItemInfo":{"ByLineInfo":{"Brand":{"DisplayValue":"SCARLET DARKNESS","Label":"Brand","Locale":"es_ES"}},"Title":{"DisplayValue":"SCARLET DARKNESS Blusa Vintage de Encaje Combinados con Cuello Pico para Mujer S Albaricoque","Label":"Title","Locale":"es_ES"}},"Offers":{"Summaries":[{"Condition":{"Value":"New"},"LowestPrice":{"Amount":29.99,"Currency":"EUR","DisplayAmount":"29,99 €"}}]}},{"ASIN":"B08B1BK4LN","DetailPageURL":"https://www.amazon.es/dp/B08B1BK4LN?tag=topinalambricos-21&linkCode=osi&th=1&psc=1","Images":{"Primary":{"Small":{"Height":75,"URL":"https://m.media-amazon.com/images/I/51WMHsRSCCL._SL75_.jpg","Width":75}}},"ItemInfo":{"ByLineInfo":{"Brand":{"DisplayValue":"Allegra K","Label":"Brand","Locale":"es_ES"},"Manufacturer":{"DisplayValue":"Allegra K","Label":"Manufacturer","Locale":"es_ES"}},"Title":{"DisplayValue":"Allegra K Blusa de Encaje Elegante Floral con Cuello de Volantes de Ganchillo para Mujer Blanco L","Label":"Title","Locale":"es_ES"}},"Offers":{"Summaries":[{"Condition":{"Value":"New"},"LowestPrice":{"Amount":34.99,"Currency":"EUR","DisplayAmount":"34,99 €"}}]}}],"SearchURL":"https://www.amazon.es/s?k=blusa+encaje&rh=n%3A3074055031%2Cp_n_availability%3A-1&tag=topinalambricos-21&linkCode=osi","TotalResultCount":1000}},"52":{"SearchResult":{"Items":[{"ASIN":"B09ZP2FTBG","DetailPageURL":"https://www.amazon.es/dp/B09ZP2FTBG?tag=topinalambricos-21&linkCode=osi&th=1&psc=1","Images":{"Primary":{"Small":{"Height":75,"URL":"https://m.media-amazon.com/images/I/51KEPJ5ifkL._SL75_.jpg","Width":75}}},"ItemInfo":{"ByLineInfo":{"Brand":{"DisplayValue":"Bipily","Label":"Brand","Locale":"es_ES"}},"Title":{"DisplayValue":"Bipily Camiseta para Mujer Blusa de Encaje con Cuello en V de Gasa Manga Larga Elegante y Básica Color Sólido Tops(Blanco,S)","Label":"Title","Locale":"es_ES"}},"Offers":{"Summaries":[{"Condition":{"Value":"New"},"LowestPrice":{"Amount":26.99,"Currency":"EUR","DisplayAmount":"26,99 €"}}]}},{"ASIN":"B09XPWJG16","DetailPageURL":"https://www.amazon.es/dp/B09XPWJG16?tag=topinalambricos-21&linkCode=osi&th=1&psc=1","Images":{"Primary":{"Small":{"Height":75,"URL":"https://m.media-amazon.com/images/I/51a1JfNqP4L._SL75_.jpg","Width":59}}},"ItemInfo":{"ByLineInfo":{"Brand":{"DisplayValue":"PANOZON","Label":"Brand","Locale":"es_ES"}},"Title":{"DisplayValue":"PANOZON Mujer Camiseta de Encaje sin Mangas Top Elástico Cuello V Sexy Camisola Cami Casual (L, A-Negro)","Label":"Title","Locale":"es_ES"}},"Offers":{"Summaries":[{"Condition":{"Value":"New"},"LowestPrice":{"Amount":12.99,"Currency":"EUR","DisplayAmount":"12,99 €"}}]}},{"ASIN":"B0BRFZWTQ8","DetailPageURL":"https://www.amazon.es/dp/B0BRFZWTQ8?tag=topinalambricos-21&linkCode=osi&th=1&psc=1","Images":{"Primary":{"Small":{"Height":75,"URL":"https://m.media-amazon.com/images/I/41-vYGBGBiL._SL75_.jpg","Width":58}}},"ItemInfo":{"ByLineInfo":{"Brand":{"DisplayValue":"GRACE KARIN","Label":"Brand","Locale":"es_ES"}},"Title":{"DisplayValue":"Blusa Elegante de Encaje con Manga 3/4 para Mujer Blusa de Color para Primavera y Verano Color Blanco 2XL","Label":"Title","Locale":"es_ES"}},"Offers":{"Summaries":[{"Condition":{"Value":"New"},"LowestPrice":{"Amount":27.99,"Currency":"EUR","DisplayAmount":"27,99 €"}}]}},{"ASIN":"B085R4TJ4J","DetailPageURL":"https://www.amazon.es/dp/B085R4TJ4J?tag=topinalambricos-21&linkCode=osi&th=1&psc=1","Images":{"Primary":{"Small":{"Height":75,"URL":"https://m.media-amazon.com/images/I/41cR4jz1LpS._SL75_.jpg","Width":57}}},"ItemInfo":{"ByLineInfo":{"Brand":{"DisplayValue":"JDY","Label":"Brand","Locale":"es_ES"},"Manufacturer":{"DisplayValue":"JdY","Label":"Manufacturer","Locale":"es_ES"}},"Title":{"DisplayValue":"JDY Jdyblond S/l Top Jrs Noos Blusas, Bailarina De La Nube, XL para Mujer","Label":"Title","Locale":"es_ES"}},"Offers":{"Summaries":[{"Condition":{"Value":"New"},"LowestPrice":{"Amount":9.0,"Currency":"EUR","DisplayAmount":"9,00 €"}}]}},{"ASIN":"B0BNBLDHHP","DetailPageURL":"https://www.amazon.es/dp/B0BNBLDHHP?tag=topinalambricos-21&linkCode=osi&th=1&psc=1","Images":{"Primary":{"Small":{"Height":75,"URL":"https://m.media-amazon.com/images/I/51+17SOyARL._SL75_.jpg","Width":56}}},"ItemInfo":{"ByLineInfo":{"Brand":{"DisplayValue":"GORGLITTER","Label":"Brand","Locale":"es_ES"}},"Title":{"DisplayValue":"GORGLITTER Blusa elegante para mujer, cuello alto, camiseta de manga larga, encaje, túnica con mangas de farol, Blanco, M","Label":"Title","Locale":"es_ES"}},"Offers":{"Summaries":[{"Condition":{"Value":"New"},"LowestPrice":{"Amount":32.19,"Currency":"EUR","DisplayAmount":"32,19 €"}}]}},{"ASIN":"B07G4CYFW3","DetailPageURL":"https://www.amazon.es/dp/B07G4CYFW3?tag=topinalambricos-21&linkCode=osi&th=1&psc=1","Images":{"Primary":{"Small":{"Height":75,"URL":"https://m.media-amazon.com/images/I/51xBN5FTCtL._SL75_.jpg","Width":75}}},"ItemInfo":{"ByLineInfo":{"Brand":{"DisplayValue":"SHOBDW Camisetas de manga larga","Label":"Brand","Locale":"es_ES"}},"Title":{"DisplayValue":"SHOBDW Mujeres Gasa Sólida O Cuello Sexy Encaje Elegante Otoño Tops Casual Blusa Camiseta Camisa de Manga Larga (Blanco,M)","Label":"Title","Locale":"es_ES"}},"Offers":{"Summaries":[{"Condition":{"Value":"New"},"LowestPrice":{"Amount":10.99,"Currency":"EUR","DisplayAmount":"10,99 €"}}]}},{"ASIN":"B0B51T51HB","DetailPageURL":"https://www.amazon.es/dp/B0B51T51HB?tag=topinalambricos-21&linkCode=osi&th=1&psc=1","Images":{"Primary":{"Small":{"Height":75,"URL":"https://m.media-amazon.com/images/I/41Y2dmoUzbL._SL75_.jpg","Width":57}}},"ItemInfo":{"ByLineInfo":{"Brand":{"DisplayValue":"Tuopuda","Label":"Brand","Locale":"es_ES"},"Manufacturer":{"DisplayValue":"GHF-Direct","Label":"Manufacturer","Locale":"es_ES"}},"Title":{"DisplayValue":"Tuopuda Camisetas de Manga Larga para Mujeres Camiseta de Encaje Waffle de Cuello Redondo Casual Sueltas Blusas Tops(Blanco,S)","Label":"Title","Locale":"es_ES"}},"Offers":{"Summaries":[{"Condition":{"Value":"New"},"LowestPrice":{"Amount":19.99,"Currency":"EUR","DisplayAmount":"19,99 €"}}]}},{"ASIN":"B0C4Y4J22J","DetailPageURL":"https://www.amazon.es/dp/B0C4Y4J22J?tag=topinalambricos-21&linkCode=osi&th=1&psc=1","Images":{"Primary":{"Small":{"Height":75,"URL":"https://m.media-amazon.com/images/I/41-8kXZMqAL._SL75_.jpg","Width":56}}},"ItemInfo":{"ByLineInfo":{"Brand":{"DisplayValue":"GORGLITTER","Label":"Brand","Locale":"es_ES"}},"Title":{"DisplayValue":"GORGLITTER Elegante blusa de encaje para mujer, túnica de oficina, blusa de encaje, blusa con volantes, Blanco, XL","Label":"Title","Locale":"es_ES"}},"Offers":{"Summaries":[{"Condition":{"Value":"New"},"LowestPrice":{"Amount":33.28,"Currency":"EUR","DisplayAmount":"33,28 €"}}]}},{"ASIN":"B08RJ9TCN9","DetailPageURL":"https://www.amazon.es/dp/B08RJ9TCN9?tag=topinalambricos-21&linkCode=osi&th=1&psc=1","Images":{"Primary":{"Small":{"Height":75,"URL":"https://m.media-amazon.com/images/I/31N5XuLVTZS._SL75_.jpg","Width":57}}},"ItemInfo":{"ByLineInfo":{"Brand":{"DisplayValue":"SCARLET DARKNESS","Label":"Brand","Locale":"es_ES"}},"Title":{"DisplayValue":"SCARLET DARKNESS Blusa Vintage de Encaje Combinados con Cuello Pico para Mujer S Albaricoque","Label":"Title","Locale":"es_ES"}},"Offers":{"Summaries":[{"Condition":{"Value":"New"},"LowestPrice":{"Amount":29.99,"Currency":"EUR","DisplayAmount":"29,99 €"}}]}},{"ASIN":"B08B1BK4LN","DetailPageURL":"https://www.amazon.es/dp/B08B1BK4LN?tag=topinalambricos-21&linkCode=osi&th=1&psc=1","Images":{"Primary":{"Small":{"Height":75,"URL":"https://m.media-amazon.com/images/I/51WMHsRSCCL._SL75_.jpg","Width":75}}},"ItemInfo":{"ByLineInfo":{"Brand":{"DisplayValue":"Allegra K","Label":"Brand","Locale":"es_ES"},"Manufacturer":{"DisplayValue":"Allegra K","Label":"Manufacturer","Locale":"es_ES"}},"Title":{"DisplayValue":"Allegra K Blusa de Encaje Elegante Floral con Cuello de Volantes de Ganchillo para Mujer Blanco L","Label":"Title","Locale":"es_ES"}},"Offers":{"Summaries":[{"Condition":{"Value":"New"},"LowestPrice":{"Amount":34.99,"Currency":"EUR","DisplayAmount":"34,99 €"}}]}}],"SearchURL":"https://www.amazon.es/s?k=blusa+encaje&rh=n%3A3074055031%2Cp_n_availability%3A-1&tag=topinalambricos-21&linkCode=osi","TotalResultCount":1000}},"53":{"SearchResult":{"Items":[{"ASIN":"B09ZP2FTBG","DetailPageURL":"https://www.amazon.es/dp/B09ZP2FTBG?tag=topinalambricos-21&linkCode=osi&th=1&psc=1","Images":{"Primary":{"Small":{"Height":75,"URL":"https://m.media-amazon.com/images/I/51KEPJ5ifkL._SL75_.jpg","Width":75}}},"ItemInfo":{"ByLineInfo":{"Brand":{"DisplayValue":"Bipily","Label":"Brand","Locale":"es_ES"}},"Title":{"DisplayValue":"Bipily Camiseta para Mujer Blusa de Encaje con Cuello en V de Gasa Manga Larga Elegante y Básica Color Sólido Tops(Blanco,S)","Label":"Title","Locale":"es_ES"}},"Offers":{"Summaries":[{"Condition":{"Value":"New"},"LowestPrice":{"Amount":26.99,"Currency":"EUR","DisplayAmount":"26,99 €"}}]}},{"ASIN":"B09XPWJG16","DetailPageURL":"https://www.amazon.es/dp/B09XPWJG16?tag=topinalambricos-21&linkCode=osi&th=1&psc=1","Images":{"Primary":{"Small":{"Height":75,"URL":"https://m.media-amazon.com/images/I/51a1JfNqP4L._SL75_.jpg","Width":59}}},"ItemInfo":{"ByLineInfo":{"Brand":{"DisplayValue":"PANOZON","Label":"Brand","Locale":"es_ES"}},"Title":{"DisplayValue":"PANOZON Mujer Camiseta de Encaje sin Mangas Top Elástico Cuello V Sexy Camisola Cami Casual (L, A-Negro)","Label":"Title","Locale":"es_ES"}},"Offers":{"Summaries":[{"Condition":{"Value":"New"},"LowestPrice":{"Amount":12.99,"Currency":"EUR","DisplayAmount":"12,99 €"}}]}},{"ASIN":"B0BRFZWTQ8","DetailPageURL":"https://www.amazon.es/dp/B0BRFZWTQ8?tag=topinalambricos-21&linkCode=osi&th=1&psc=1","Images":{"Primary":{"Small":{"Height":75,"URL":"https://m.media-amazon.com/images/I/41-vYGBGBiL._SL75_.jpg","Width":58}}},"ItemInfo":{"ByLineInfo":{"Brand":{"DisplayValue":"GRACE KARIN","Label":"Brand","Locale":"es_ES"}},"Title":{"DisplayValue":"Blusa Elegante de Encaje con Manga 3/4 para Mujer Blusa de Color para Primavera y Verano Color Blanco 2XL","Label":"Title","Locale":"es_ES"}},"Offers":{"Summaries":[{"Condition":{"Value":"New"},"LowestPrice":{"Amount":27.99,"Currency":"EUR","DisplayAmount":"27,99 €"}}]}},{"ASIN":"B085R4TJ4J","DetailPageURL":"https://www.amazon.es/dp/B085R4TJ4J?tag=topinalambricos-21&linkCode=osi&th=1&psc=1","Images":{"Primary":{"Small":{"Height":75,"URL":"https://m.media-amazon.com/images/I/41cR4jz1LpS._SL75_.jpg","Width":57}}},"ItemInfo":{"ByLineInfo":{"Brand":{"DisplayValue":"JDY","Label":"Brand","Locale":"es_ES"},"Manufacturer":{"DisplayValue":"JdY","Label":"Manufacturer","Locale":"es_ES"}},"Title":{"DisplayValue":"JDY Jdyblond S/l Top Jrs Noos Blusas, Bailarina De La Nube, XL para Mujer","Label":"Title","Locale":"es_ES"}},"Offers":{"Summaries":[{"Condition":{"Value":"New"},"LowestPrice":{"Amount":9.0,"Currency":"EUR","DisplayAmount":"9,00 €"}}]}},{"ASIN":"B0BNBLDHHP","DetailPageURL":"https://www.amazon.es/dp/B0BNBLDHHP?tag=topinalambricos-21&linkCode=osi&th=1&psc=1","Images":{"Primary":{"Small":{"Height":75,"URL":"https://m.media-amazon.com/images/I/51+17SOyARL._SL75_.jpg","Width":56}}},"ItemInfo":{"ByLineInfo":{"Brand":{"DisplayValue":"GORGLITTER","Label":"Brand","Locale":"es_ES"}},"Title":{"DisplayValue":"GORGLITTER Blusa elegante para mujer, cuello alto, camiseta de manga larga, encaje, túnica con mangas de farol, Blanco, M","Label":"Title","Locale":"es_ES"}},"Offers":{"Summaries":[{"Condition":{"Value":"New"},"LowestPrice":{"Amount":32.19,"Currency":"EUR","DisplayAmount":"32,19 €"}}]}},{"ASIN":"B07G4CYFW3","DetailPageURL":"https://www.amazon.es/dp/B07G4CYFW3?tag=topinalambricos-21&linkCode=osi&th=1&psc=1","Images":{"Primary":{"Small":{"Height":75,"URL":"https://m.media-amazon.com/images/I/51xBN5FTCtL._SL75_.jpg","Width":75}}},"ItemInfo":{"ByLineInfo":{"Brand":{"DisplayValue":"SHOBDW Camisetas de manga larga","Label":"Brand","Locale":"es_ES"}},"Title":{"DisplayValue":"SHOBDW Mujeres Gasa Sólida O Cuello Sexy Encaje Elegante Otoño Tops Casual Blusa Camiseta Camisa de Manga Larga (Blanco,M)","Label":"Title","Locale":"es_ES"}},"Offers":{"Summaries":[{"Condition":{"Value":"New"},"LowestPrice":{"Amount":10.99,"Currency":"EUR","DisplayAmount":"10,99 €"}}]}},{"ASIN":"B0B51T51HB","DetailPageURL":"https://www.amazon.es/dp/B0B51T51HB?tag=topinalambricos-21&linkCode=osi&th=1&psc=1","Images":{"Primary":{"Small":{"Height":75,"URL":"https://m.media-amazon.com/images/I/41Y2dmoUzbL._SL75_.jpg","Width":57}}},"ItemInfo":{"ByLineInfo":{"Brand":{"DisplayValue":"Tuopuda","Label":"Brand","Locale":"es_ES"},"Manufacturer":{"DisplayValue":"GHF-Direct","Label":"Manufacturer","Locale":"es_ES"}},"Title":{"DisplayValue":"Tuopuda Camisetas de Manga Larga para Mujeres Camiseta de Encaje Waffle de Cuello Redondo Casual Sueltas Blusas Tops(Blanco,S)","Label":"Title","Locale":"es_ES"}},"Offers":{"Summaries":[{"Condition":{"Value":"New"},"LowestPrice":{"Amount":19.99,"Currency":"EUR","DisplayAmount":"19,99 €"}}]}},{"ASIN":"B0C4Y4J22J","DetailPageURL":"https://www.amazon.es/dp/B0C4Y4J22J?tag=topinalambricos-21&linkCode=osi&th=1&psc=1","Images":{"Primary":{"Small":{"Height":75,"URL":"https://m.media-amazon.com/images/I/41-8kXZMqAL._SL75_.jpg","Width":56}}},"ItemInfo":{"ByLineInfo":{"Brand":{"DisplayValue":"GORGLITTER","Label":"Brand","Locale":"es_ES"}},"Title":{"DisplayValue":"GORGLITTER Elegante blusa de encaje para mujer, túnica de oficina, blusa de encaje, blusa con volantes, Blanco, XL","Label":"Title","Locale":"es_ES"}},"Offers":{"Summaries":[{"Condition":{"Value":"New"},"LowestPrice":{"Amount":33.28,"Currency":"EUR","DisplayAmount":"33,28 €"}}]}},{"ASIN":"B08RJ9TCN9","DetailPageURL":"https://www.amazon.es/dp/B08RJ9TCN9?tag=topinalambricos-21&linkCode=osi&th=1&psc=1","Images":{"Primary":{"Small":{"Height":75,"URL":"https://m.media-amazon.com/images/I/31N5XuLVTZS._SL75_.jpg","Width":57}}},"ItemInfo":{"ByLineInfo":{"Brand":{"DisplayValue":"SCARLET DARKNESS","Label":"Brand","Locale":"es_ES"}},"Title":{"DisplayValue":"SCARLET DARKNESS Blusa Vintage de Encaje Combinados con Cuello Pico para Mujer S Albaricoque","Label":"Title","Locale":"es_ES"}},"Offers":{"Summaries":[{"Condition":{"Value":"New"},"LowestPrice":{"Amount":29.99,"Currency":"EUR","DisplayAmount":"29,99 €"}}]}},{"ASIN":"B08B1BK4LN","DetailPageURL":"https://www.amazon.es/dp/B08B1BK4LN?tag=topinalambricos-21&linkCode=osi&th=1&psc=1","Images":{"Primary":{"Small":{"Height":75,"URL":"https://m.media-amazon.com/images/I/51WMHsRSCCL._SL75_.jpg","Width":75}}},"ItemInfo":{"ByLineInfo":{"Brand":{"DisplayValue":"Allegra K","Label":"Brand","Locale":"es_ES"},"Manufacturer":{"DisplayValue":"Allegra K","Label":"Manufacturer","Locale":"es_ES"}},"Title":{"DisplayValue":"Allegra K Blusa de Encaje Elegante Floral con Cuello de Volantes de Ganchillo para Mujer Blanco L","Label":"Title","Locale":"es_ES"}},"Offers":{"Summaries":[{"Condition":{"Value":"New"},"LowestPrice":{"Amount":34.99,"Currency":"EUR","DisplayAmount":"34,99 €"}}]}}],"SearchURL":"https://www.amazon.es/s?k=blusa+encaje&rh=n%3A3074055031%2Cp_n_availability%3A-1&tag=topinalambricos-21&linkCode=osi","TotalResultCount":1000}},"54":{"SearchResult":{"Items":[{"ASIN":"B09ZP2FTBG","DetailPageURL":"https://www.amazon.es/dp/B09ZP2FTBG?tag=topinalambricos-21&linkCode=osi&th=1&psc=1","Images":{"Primary":{"Small":{"Height":75,"URL":"https://m.media-amazon.com/images/I/51KEPJ5ifkL._SL75_.jpg","Width":75}}},"ItemInfo":{"ByLineInfo":{"Brand":{"DisplayValue":"Bipily","Label":"Brand","Locale":"es_ES"}},"Title":{"DisplayValue":"Bipily Camiseta para Mujer Blusa de Encaje con Cuello en V de Gasa Manga Larga Elegante y Básica Color Sólido Tops(Blanco,S)","Label":"Title","Locale":"es_ES"}},"Offers":{"Summaries":[{"Condition":{"Value":"New"},"LowestPrice":{"Amount":26.99,"Currency":"EUR","DisplayAmount":"26,99 €"}}]}},{"ASIN":"B09XPWJG16","DetailPageURL":"https://www.amazon.es/dp/B09XPWJG16?tag=topinalambricos-21&linkCode=osi&th=1&psc=1","Images":{"Primary":{"Small":{"Height":75,"URL":"https://m.media-amazon.com/images/I/51a1JfNqP4L._SL75_.jpg","Width":59}}},"ItemInfo":{"ByLineInfo":{"Brand":{"DisplayValue":"PANOZON","Label":"Brand","Locale":"es_ES"}},"Title":{"DisplayValue":"PANOZON Mujer Camiseta de Encaje sin Mangas Top Elástico Cuello V Sexy Camisola Cami Casual (L, A-Negro)","Label":"Title","Locale":"es_ES"}},"Offers":{"Summaries":[{"Condition":{"Value":"New"},"LowestPrice":{"Amount":12.99,"Currency":"EUR","DisplayAmount":"12,99 €"}}]}},{"ASIN":"B0BRFZWTQ8","DetailPageURL":"https://www.amazon.es/dp/B0BRFZWTQ8?tag=topinalambricos-21&linkCode=osi&th=1&psc=1","Images":{"Primary":{"Small":{"Height":75,"URL":"https://m.media-amazon.com/images/I/41-vYGBGBiL._SL75_.jpg","Width":58}}},"ItemInfo":{"ByLineInfo":{"Brand":{"DisplayValue":"GRACE KARIN","Label":"Brand","Locale":"es_ES"}},"Title":{"DisplayValue":"Blusa Elegante de Encaje con Manga 3/4 para Mujer Blusa de Color para Primavera y Verano Color Blanco 2XL","Label":"Title","Locale":"es_ES"}},"Offers":{"Summaries":[{"Condition":{"Value":"New"},"LowestPrice":{"Amount":27.99,"Currency":"EUR","DisplayAmount":"27,99 €"}}]}},{"ASIN":"B085R4TJ4J","DetailPageURL":"https://www.amazon.es/dp/B085R4TJ4J?tag=topinalambricos-21&linkCode=osi&th=1&psc=1","Images":{"Primary":{"Small":{"Height":75,"URL":"https://m.media-amazon.com/images/I/41cR4jz1LpS._SL75_.jpg","Width":57}}},"ItemInfo":{"ByLineInfo":{"Brand":{"DisplayValue":"JDY","Label":"Brand","Locale":"es_ES"},"Manufacturer":{"DisplayValue":"JdY","Label":"Manufacturer","Locale":"es_ES"}},"Title":{"DisplayValue":"JDY Jdyblond S/l Top Jrs Noos Blusas, Bailarina De La Nube, XL para Mujer","Label":"Title","Locale":"es_ES"}},"Offers":{"Summaries":[{"Condition":{"Value":"New"},"LowestPrice":{"Amount":9.0,"Currency":"EUR","DisplayAmount":"9,00 €"}}]}},{"ASIN":"B0BNBLDHHP","DetailPageURL":"https://www.amazon.es/dp/B0BNBLDHHP?tag=topinalambricos-21&linkCode=osi&th=1&psc=1","Images":{"Primary":{"Small":{"Height":75,"URL":"https://m.media-amazon.com/images/I/51+17SOyARL._SL75_.jpg","Width":56}}},"ItemInfo":{"ByLineInfo":{"Brand":{"DisplayValue":"GORGLITTER","Label":"Brand","Locale":"es_ES"}},"Title":{"DisplayValue":"GORGLITTER Blusa elegante para mujer, cuello alto, camiseta de manga larga, encaje, túnica con mangas de farol, Blanco, M","Label":"Title","Locale":"es_ES"}},"Offers":{"Summaries":[{"Condition":{"Value":"New"},"LowestPrice":{"Amount":32.19,"Currency":"EUR","DisplayAmount":"32,19 €"}}]}},{"ASIN":"B07G4CYFW3","DetailPageURL":"https://www.amazon.es/dp/B07G4CYFW3?tag=topinalambricos-21&linkCode=osi&th=1&psc=1","Images":{"Primary":{"Small":{"Height":75,"URL":"https://m.media-amazon.com/images/I/51xBN5FTCtL._SL75_.jpg","Width":75}}},"ItemInfo":{"ByLineInfo":{"Brand":{"DisplayValue":"SHOBDW Camisetas de manga larga","Label":"Brand","Locale":"es_ES"}},"Title":{"DisplayValue":"SHOBDW Mujeres Gasa Sólida O Cuello Sexy Encaje Elegante Otoño Tops Casual Blusa Camiseta Camisa de Manga Larga (Blanco,M)","Label":"Title","Locale":"es_ES"}},"Offers":{"Summaries":[{"Condition":{"Value":"New"},"LowestPrice":{"Amount":10.99,"Currency":"EUR","DisplayAmount":"10,99 €"}}]}},{"ASIN":"B0B51T51HB","DetailPageURL":"https://www.amazon.es/dp/B0B51T51HB?tag=topinalambricos-21&linkCode=osi&th=1&psc=1","Images":{"Primary":{"Small":{"Height":75,"URL":"https://m.media-amazon.com/images/I/41Y2dmoUzbL._SL75_.jpg","Width":57}}},"ItemInfo":{"ByLineInfo":{"Brand":{"DisplayValue":"Tuopuda","Label":"Brand","Locale":"es_ES"},"Manufacturer":{"DisplayValue":"GHF-Direct","Label":"Manufacturer","Locale":"es_ES"}},"Title":{"DisplayValue":"Tuopuda Camisetas de Manga Larga para Mujeres Camiseta de Encaje Waffle de Cuello Redondo Casual Sueltas Blusas Tops(Blanco,S)","Label":"Title","Locale":"es_ES"}},"Offers":{"Summaries":[{"Condition":{"Value":"New"},"LowestPrice":{"Amount":19.99,"Currency":"EUR","DisplayAmount":"19,99 €"}}]}},{"ASIN":"B0C4Y4J22J","DetailPageURL":"https://www.amazon.es/dp/B0C4Y4J22J?tag=topinalambricos-21&linkCode=osi&th=1&psc=1","Images":{"Primary":{"Small":{"Height":75,"URL":"https://m.media-amazon.com/images/I/41-8kXZMqAL._SL75_.jpg","Width":56}}},"ItemInfo":{"ByLineInfo":{"Brand":{"DisplayValue":"GORGLITTER","Label":"Brand","Locale":"es_ES"}},"Title":{"DisplayValue":"GORGLITTER Elegante blusa de encaje para mujer, túnica de oficina, blusa de encaje, blusa con volantes, Blanco, XL","Label":"Title","Locale":"es_ES"}},"Offers":{"Summaries":[{"Condition":{"Value":"New"},"LowestPrice":{"Amount":33.28,"Currency":"EUR","DisplayAmount":"33,28 €"}}]}},{"ASIN":"B08RJ9TCN9","DetailPageURL":"https://www.amazon.es/dp/B08RJ9TCN9?tag=topinalambricos-21&linkCode=osi&th=1&psc=1","Images":{"Primary":{"Small":{"Height":75,"URL":"https://m.media-amazon.com/images/I/31N5XuLVTZS._SL75_.jpg","Width":57}}},"ItemInfo":{"ByLineInfo":{"Brand":{"DisplayValue":"SCARLET DARKNESS","Label":"Brand","Locale":"es_ES"}},"Title":{"DisplayValue":"SCARLET DARKNESS Blusa Vintage de Encaje Combinados con Cuello Pico para Mujer S Albaricoque","Label":"Title","Locale":"es_ES"}},"Offers":{"Summaries":[{"Condition":{"Value":"New"},"LowestPrice":{"Amount":29.99,"Currency":"EUR","DisplayAmount":"29,99 €"}}]}},{"ASIN":"B08B1BK4LN","DetailPageURL":"https://www.amazon.es/dp/B08B1BK4LN?tag=topinalambricos-21&linkCode=osi&th=1&psc=1","Images":{"Primary":{"Small":{"Height":75,"URL":"https://m.media-amazon.com/images/I/51WMHsRSCCL._SL75_.jpg","Width":75}}},"ItemInfo":{"ByLineInfo":{"Brand":{"DisplayValue":"Allegra K","Label":"Brand","Locale":"es_ES"},"Manufacturer":{"DisplayValue":"Allegra K","Label":"Manufacturer","Locale":"es_ES"}},"Title":{"DisplayValue":"Allegra K Blusa de Encaje Elegante Floral con Cuello de Volantes de Ganchillo para Mujer Blanco L","Label":"Title","Locale":"es_ES"}},"Offers":{"Summaries":[{"Condition":{"Value":"New"},"LowestPrice":{"Amount":34.99,"Currency":"EUR","DisplayAmount":"34,99 €"}}]}}],"SearchURL":"https://www.amazon.es/s?k=blusa+encaje&rh=n%3A3074055031%2Cp_n_availability%3A-1&tag=topinalambricos-21&linkCode=osi","TotalResultCount":1000}},"55":{"SearchResult":{"Items":[{"ASIN":"B09ZP2FTBG","DetailPageURL":"https://www.amazon.es/dp/B09ZP2FTBG?tag=topinalambricos-21&linkCode=osi&th=1&psc=1","Images":{"Primary":{"Small":{"Height":75,"URL":"https://m.media-amazon.com/images/I/51KEPJ5ifkL._SL75_.jpg","Width":75}}},"ItemInfo":{"ByLineInfo":{"Brand":{"DisplayValue":"Bipily","Label":"Brand","Locale":"es_ES"}},"Title":{"DisplayValue":"Bipily Camiseta para Mujer Blusa de Encaje con Cuello en V de Gasa Manga Larga Elegante y Básica Color Sólido Tops(Blanco,S)","Label":"Title","Locale":"es_ES"}},"Offers":{"Summaries":[{"Condition":{"Value":"New"},"LowestPrice":{"Amount":26.99,"Currency":"EUR","DisplayAmount":"26,99 €"}}]}},{"ASIN":"B09XPWJG16","DetailPageURL":"https://www.amazon.es/dp/B09XPWJG16?tag=topinalambricos-21&linkCode=osi&th=1&psc=1","Images":{"Primary":{"Small":{"Height":75,"URL":"https://m.media-amazon.com/images/I/51a1JfNqP4L._SL75_.jpg","Width":59}}},"ItemInfo":{"ByLineInfo":{"Brand":{"DisplayValue":"PANOZON","Label":"Brand","Locale":"es_ES"}},"Title":{"DisplayValue":"PANOZON Mujer Camiseta de Encaje sin Mangas Top Elástico Cuello V Sexy Camisola Cami Casual (L, A-Negro)","Label":"Title","Locale":"es_ES"}},"Offers":{"Summaries":[{"Condition":{"Value":"New"},"LowestPrice":{"Amount":12.99,"Currency":"EUR","DisplayAmount":"12,99 €"}}]}},{"ASIN":"B0BRFZWTQ8","DetailPageURL":"https://www.amazon.es/dp/B0BRFZWTQ8?tag=topinalambricos-21&linkCode=osi&th=1&psc=1","Images":{"Primary":{"Small":{"Height":75,"URL":"https://m.media-amazon.com/images/I/41-vYGBGBiL._SL75_.jpg","Width":58}}},"ItemInfo":{"ByLineInfo":{"Brand":{"DisplayValue":"GRACE KARIN","Label":"Brand","Locale":"es_ES"}},"Title":{"DisplayValue":"Blusa Elegante de Encaje con Manga 3/4 para Mujer Blusa de Color para Primavera y Verano Color Blanco 2XL","Label":"Title","Locale":"es_ES"}},"Offers":{"Summaries":[{"Condition":{"Value":"New"},"LowestPrice":{"Amount":27.99,"Currency":"EUR","DisplayAmount":"27,99 €"}}]}},{"ASIN":"B085R4TJ4J","DetailPageURL":"https://www.amazon.es/dp/B085R4TJ4J?tag=topinalambricos-21&linkCode=osi&th=1&psc=1","Images":{"Primary":{"Small":{"Height":75,"URL":"https://m.media-amazon.com/images/I/41cR4jz1LpS._SL75_.jpg","Width":57}}},"ItemInfo":{"ByLineInfo":{"Brand":{"DisplayValue":"JDY","Label":"Brand","Locale":"es_ES"},"Manufacturer":{"DisplayValue":"JdY","Label":"Manufacturer","Locale":"es_ES"}},"Title":{"DisplayValue":"JDY Jdyblond S/l Top Jrs Noos Blusas, Bailarina De La Nube, XL para Mujer","Label":"Title","Locale":"es_ES"}},"Offers":{"Summaries":[{"Condition":{"Value":"New"},"LowestPrice":{"Amount":9.0,"Currency":"EUR","DisplayAmount":"9,00 €"}}]}},{"ASIN":"B0BNBLDHHP","DetailPageURL":"https://www.amazon.es/dp/B0BNBLDHHP?tag=topinalambricos-21&linkCode=osi&th=1&psc=1","Images":{"Primary":{"Small":{"Height":75,"URL":"https://m.media-amazon.com/images/I/51+17SOyARL._SL75_.jpg","Width":56}}},"ItemInfo":{"ByLineInfo":{"Brand":{"DisplayValue":"GORGLITTER","Label":"Brand","Locale":"es_ES"}},"Title":{"DisplayValue":"GORGLITTER Blusa elegante para mujer, cuello alto, camiseta de manga larga, encaje, túnica con mangas de farol, Blanco, M","Label":"Title","Locale":"es_ES"}},"Offers":{"Summaries":[{"Condition":{"Value":"New"},"LowestPrice":{"Amount":32.19,"Currency":"EUR","DisplayAmount":"32,19 €"}}]}},{"ASIN":"B07G4CYFW3","DetailPageURL":"https://www.amazon.es/dp/B07G4CYFW3?tag=topinalambricos-21&linkCode=osi&th=1&psc=1","Images":{"Primary":{"Small":{"Height":75,"URL":"https://m.media-amazon.com/images/I/51xBN5FTCtL._SL75_.jpg","Width":75}}},"ItemInfo":{"ByLineInfo":{"Brand":{"DisplayValue":"SHOBDW Camisetas de manga larga","Label":"Brand","Locale":"es_ES"}},"Title":{"DisplayValue":"SHOBDW Mujeres Gasa Sólida O Cuello Sexy Encaje Elegante Otoño Tops Casual Blusa Camiseta Camisa de Manga Larga (Blanco,M)","Label":"Title","Locale":"es_ES"}},"Offers":{"Summaries":[{"Condition":{"Value":"New"},"LowestPrice":{"Amount":10.99,"Currency":"EUR","DisplayAmount":"10,99 €"}}]}},{"ASIN":"B0B51T51HB","DetailPageURL":"https://www.amazon.es/dp/B0B51T51HB?tag=topinalambricos-21&linkCode=osi&th=1&psc=1","Images":{"Primary":{"Small":{"Height":75,"URL":"https://m.media-amazon.com/images/I/41Y2dmoUzbL._SL75_.jpg","Width":57}}},"ItemInfo":{"ByLineInfo":{"Brand":{"DisplayValue":"Tuopuda","Label":"Brand","Locale":"es_ES"},"Manufacturer":{"DisplayValue":"GHF-Direct","Label":"Manufacturer","Locale":"es_ES"}},"Title":{"DisplayValue":"Tuopuda Camisetas de Manga Larga para Mujeres Camiseta de Encaje Waffle de Cuello Redondo Casual Sueltas Blusas Tops(Blanco,S)","Label":"Title","Locale":"es_ES"}},"Offers":{"Summaries":[{"Condition":{"Value":"New"},"LowestPrice":{"Amount":19.99,"Currency":"EUR","DisplayAmount":"19,99 €"}}]}},{"ASIN":"B0C4Y4J22J","DetailPageURL":"https://www.amazon.es/dp/B0C4Y4J22J?tag=topinalambricos-21&linkCode=osi&th=1&psc=1","Images":{"Primary":{"Small":{"Height":75,"URL":"https://m.media-amazon.com/images/I/41-8kXZMqAL._SL75_.jpg","Width":56}}},"ItemInfo":{"ByLineInfo":{"Brand":{"DisplayValue":"GORGLITTER","Label":"Brand","Locale":"es_ES"}},"Title":{"DisplayValue":"GORGLITTER Elegante blusa de encaje para mujer, túnica de oficina, blusa de encaje, blusa con volantes, Blanco, XL","Label":"Title","Locale":"es_ES"}},"Offers":{"Summaries":[{"Condition":{"Value":"New"},"LowestPrice":{"Amount":33.28,"Currency":"EUR","DisplayAmount":"33,28 €"}}]}},{"ASIN":"B08RJ9TCN9","DetailPageURL":"https://www.amazon.es/dp/B08RJ9TCN9?tag=topinalambricos-21&linkCode=osi&th=1&psc=1","Images":{"Primary":{"Small":{"Height":75,"URL":"https://m.media-amazon.com/images/I/31N5XuLVTZS._SL75_.jpg","Width":57}}},"ItemInfo":{"ByLineInfo":{"Brand":{"DisplayValue":"SCARLET DARKNESS","Label":"Brand","Locale":"es_ES"}},"Title":{"DisplayValue":"SCARLET DARKNESS Blusa Vintage de Encaje Combinados con Cuello Pico para Mujer S Albaricoque","Label":"Title","Locale":"es_ES"}},"Offers":{"Summaries":[{"Condition":{"Value":"New"},"LowestPrice":{"Amount":29.99,"Currency":"EUR","DisplayAmount":"29,99 €"}}]}},{"ASIN":"B08B1BK4LN","DetailPageURL":"https://www.amazon.es/dp/B08B1BK4LN?tag=topinalambricos-21&linkCode=osi&th=1&psc=1","Images":{"Primary":{"Small":{"Height":75,"URL":"https://m.media-amazon.com/images/I/51WMHsRSCCL._SL75_.jpg","Width":75}}},"ItemInfo":{"ByLineInfo":{"Brand":{"DisplayValue":"Allegra K","Label":"Brand","Locale":"es_ES"},"Manufacturer":{"DisplayValue":"Allegra K","Label":"Manufacturer","Locale":"es_ES"}},"Title":{"DisplayValue":"Allegra K Blusa de Encaje Elegante Floral con Cuello de Volantes de Ganchillo para Mujer Blanco L","Label":"Title","Locale":"es_ES"}},"Offers":{"Summaries":[{"Condition":{"Value":"New"},"LowestPrice":{"Amount":34.99,"Currency":"EUR","DisplayAmount":"34,99 €"}}]}}],"SearchURL":"https://www.amazon.es/s?k=blusa+encaje&rh=n%3A3074055031%2Cp_n_availability%3A-1&tag=topinalambricos-21&linkCode=osi","TotalResultCount":1000}},"56":{"SearchResult":{"Items":[{"ASIN":"B09ZP2FTBG","DetailPageURL":"https://www.amazon.es/dp/B09ZP2FTBG?tag=topinalambricos-21&linkCode=osi&th=1&psc=1","Images":{"Primary":{"Small":{"Height":75,"URL":"https://m.media-amazon.com/images/I/51KEPJ5ifkL._SL75_.jpg","Width":75}}},"ItemInfo":{"ByLineInfo":{"Brand":{"DisplayValue":"Bipily","Label":"Brand","Locale":"es_ES"}},"Title":{"DisplayValue":"Bipily Camiseta para Mujer Blusa de Encaje con Cuello en V de Gasa Manga Larga Elegante y Básica Color Sólido Tops(Blanco,S)","Label":"Title","Locale":"es_ES"}},"Offers":{"Summaries":[{"Condition":{"Value":"New"},"LowestPrice":{"Amount":26.99,"Currency":"EUR","DisplayAmount":"26,99 €"}}]}},{"ASIN":"B09XPWJG16","DetailPageURL":"https://www.amazon.es/dp/B09XPWJG16?tag=topinalambricos-21&linkCode=osi&th=1&psc=1","Images":{"Primary":{"Small":{"Height":75,"URL":"https://m.media-amazon.com/images/I/51a1JfNqP4L._SL75_.jpg","Width":59}}},"ItemInfo":{"ByLineInfo":{"Brand":{"DisplayValue":"PANOZON","Label":"Brand","Locale":"es_ES"}},"Title":{"DisplayValue":"PANOZON Mujer Camiseta de Encaje sin Mangas Top Elástico Cuello V Sexy Camisola Cami Casual (L, A-Negro)","Label":"Title","Locale":"es_ES"}},"Offers":{"Summaries":[{"Condition":{"Value":"New"},"LowestPrice":{"Amount":12.99,"Currency":"EUR","DisplayAmount":"12,99 €"}}]}},{"ASIN":"B0BRFZWTQ8","DetailPageURL":"https://www.amazon.es/dp/B0BRFZWTQ8?tag=topinalambricos-21&linkCode=osi&th=1&psc=1","Images":{"Primary":{"Small":{"Height":75,"URL":"https://m.media-amazon.com/images/I/41-vYGBGBiL._SL75_.jpg","Width":58}}},"ItemInfo":{"ByLineInfo":{"Brand":{"DisplayValue":"GRACE KARIN","Label":"Brand","Locale":"es_ES"}},"Title":{"DisplayValue":"Blusa Elegante de Encaje con Manga 3/4 para Mujer Blusa de Color para Primavera y Verano Color Blanco 2XL","Label":"Title","Locale":"es_ES"}},"Offers":{"Summaries":[{"Condition":{"Value":"New"},"LowestPrice":{"Amount":27.99,"Currency":"EUR","DisplayAmount":"27,99 €"}}]}},{"ASIN":"B085R4TJ4J","DetailPageURL":"https://www.amazon.es/dp/B085R4TJ4J?tag=topinalambricos-21&linkCode=osi&th=1&psc=1","Images":{"Primary":{"Small":{"Height":75,"URL":"https://m.media-amazon.com/images/I/41cR4jz1LpS._SL75_.jpg","Width":57}}},"ItemInfo":{"ByLineInfo":{"Brand":{"DisplayValue":"JDY","Label":"Brand","Locale":"es_ES"},"Manufacturer":{"DisplayValue":"JdY","Label":"Manufacturer","Locale":"es_ES"}},"Title":{"DisplayValue":"JDY Jdyblond S/l Top Jrs Noos Blusas, Bailarina De La Nube, XL para Mujer","Label":"Title","Locale":"es_ES"}},"Offers":{"Summaries":[{"Condition":{"Value":"New"},"LowestPrice":{"Amount":9.0,"Currency":"EUR","DisplayAmount":"9,00 €"}}]}},{"ASIN":"B0BNBLDHHP","DetailPageURL":"https://www.amazon.es/dp/B0BNBLDHHP?tag=topinalambricos-21&linkCode=osi&th=1&psc=1","Images":{"Primary":{"Small":{"Height":75,"URL":"https://m.media-amazon.com/images/I/51+17SOyARL._SL75_.jpg","Width":56}}},"ItemInfo":{"ByLineInfo":{"Brand":{"DisplayValue":"GORGLITTER","Label":"Brand","Locale":"es_ES"}},"Title":{"DisplayValue":"GORGLITTER Blusa elegante para mujer, cuello alto, camiseta de manga larga, encaje, túnica con mangas de farol, Blanco, M","Label":"Title","Locale":"es_ES"}},"Offers":{"Summaries":[{"Condition":{"Value":"New"},"LowestPrice":{"Amount":32.19,"Currency":"EUR","DisplayAmount":"32,19 €"}}]}},{"ASIN":"B07G4CYFW3","DetailPageURL":"https://www.amazon.es/dp/B07G4CYFW3?tag=topinalambricos-21&linkCode=osi&th=1&psc=1","Images":{"Primary":{"Small":{"Height":75,"URL":"https://m.media-amazon.com/images/I/51xBN5FTCtL._SL75_.jpg","Width":75}}},"ItemInfo":{"ByLineInfo":{"Brand":{"DisplayValue":"SHOBDW Camisetas de manga larga","Label":"Brand","Locale":"es_ES"}},"Title":{"DisplayValue":"SHOBDW Mujeres Gasa Sólida O Cuello Sexy Encaje Elegante Otoño Tops Casual Blusa Camiseta Camisa de Manga Larga (Blanco,M)","Label":"Title","Locale":"es_ES"}},"Offers":{"Summaries":[{"Condition":{"Value":"New"},"LowestPrice":{"Amount":10.99,"Currency":"EUR","DisplayAmount":"10,99 €"}}]}},{"ASIN":"B0B51T51HB","DetailPageURL":"https://www.amazon.es/dp/B0B51T51HB?tag=topinalambricos-21&linkCode=osi&th=1&psc=1","Images":{"Primary":{"Small":{"Height":75,"URL":"https://m.media-amazon.com/images/I/41Y2dmoUzbL._SL75_.jpg","Width":57}}},"ItemInfo":{"ByLineInfo":{"Brand":{"DisplayValue":"Tuopuda","Label":"Brand","Locale":"es_ES"},"Manufacturer":{"DisplayValue":"GHF-Direct","Label":"Manufacturer","Locale":"es_ES"}},"Title":{"DisplayValue":"Tuopuda Camisetas de Manga Larga para Mujeres Camiseta de Encaje Waffle de Cuello Redondo Casual Sueltas Blusas Tops(Blanco,S)","Label":"Title","Locale":"es_ES"}},"Offers":{"Summaries":[{"Condition":{"Value":"New"},"LowestPrice":{"Amount":19.99,"Currency":"EUR","DisplayAmount":"19,99 €"}}]}},{"ASIN":"B0C4Y4J22J","DetailPageURL":"https://www.amazon.es/dp/B0C4Y4J22J?tag=topinalambricos-21&linkCode=osi&th=1&psc=1","Images":{"Primary":{"Small":{"Height":75,"URL":"https://m.media-amazon.com/images/I/41-8kXZMqAL._SL75_.jpg","Width":56}}},"ItemInfo":{"ByLineInfo":{"Brand":{"DisplayValue":"GORGLITTER","Label":"Brand","Locale":"es_ES"}},"Title":{"DisplayValue":"GORGLITTER Elegante blusa de encaje para mujer, túnica de oficina, blusa de encaje, blusa con volantes, Blanco, XL","Label":"Title","Locale":"es_ES"}},"Offers":{"Summaries":[{"Condition":{"Value":"New"},"LowestPrice":{"Amount":33.28,"Currency":"EUR","DisplayAmount":"33,28 €"}}]}},{"ASIN":"B08RJ9TCN9","DetailPageURL":"https://www.amazon.es/dp/B08RJ9TCN9?tag=topinalambricos-21&linkCode=osi&th=1&psc=1","Images":{"Primary":{"Small":{"Height":75,"URL":"https://m.media-amazon.com/images/I/31N5XuLVTZS._SL75_.jpg","Width":57}}},"ItemInfo":{"ByLineInfo":{"Brand":{"DisplayValue":"SCARLET DARKNESS","Label":"Brand","Locale":"es_ES"}},"Title":{"DisplayValue":"SCARLET DARKNESS Blusa Vintage de Encaje Combinados con Cuello Pico para Mujer S Albaricoque","Label":"Title","Locale":"es_ES"}},"Offers":{"Summaries":[{"Condition":{"Value":"New"},"LowestPrice":{"Amount":29.99,"Currency":"EUR","DisplayAmount":"29,99 €"}}]}},{"ASIN":"B08B1BK4LN","DetailPageURL":"https://www.amazon.es/dp/B08B1BK4LN?tag=topinalambricos-21&linkCode=osi&th=1&psc=1","Images":{"Primary":{"Small":{"Height":75,"URL":"https://m.media-amazon.com/images/I/51WMHsRSCCL._SL75_.jpg","Width":75}}},"ItemInfo":{"ByLineInfo":{"Brand":{"DisplayValue":"Allegra K","Label":"Brand","Locale":"es_ES"},"Manufacturer":{"DisplayValue":"Allegra K","Label":"Manufacturer","Locale":"es_ES"}},"Title":{"DisplayValue":"Allegra K Blusa de Encaje Elegante Floral con Cuello de Volantes de Ganchillo para Mujer Blanco L","Label":"Title","Locale":"es_ES"}},"Offers":{"Summaries":[{"Condition":{"Value":"New"},"LowestPrice":{"Amount":34.99,"Currency":"EUR","DisplayAmount":"34,99 €"}}]}}],"SearchURL":"https://www.amazon.es/s?k=blusa+encaje&rh=n%3A3074055031%2Cp_n_availability%3A-1&tag=topinalambricos-21&linkCode=osi","TotalResultCount":1000}},"57":{"SearchResult":{"Items":[{"ASIN":"B09ZP2FTBG","DetailPageURL":"https://www.amazon.es/dp/B09ZP2FTBG?tag=topinalambricos-21&linkCode=osi&th=1&psc=1","Images":{"Primary":{"Small":{"Height":75,"URL":"https://m.media-amazon.com/images/I/51KEPJ5ifkL._SL75_.jpg","Width":75}}},"ItemInfo":{"ByLineInfo":{"Brand":{"DisplayValue":"Bipily","Label":"Brand","Locale":"es_ES"}},"Title":{"DisplayValue":"Bipily Camiseta para Mujer Blusa de Encaje con Cuello en V de Gasa Manga Larga Elegante y Básica Color Sólido Tops(Blanco,S)","Label":"Title","Locale":"es_ES"}},"Offers":{"Summaries":[{"Condition":{"Value":"New"},"LowestPrice":{"Amount":26.99,"Currency":"EUR","DisplayAmount":"26,99 €"}}]}},{"ASIN":"B09XPWJG16","DetailPageURL":"https://www.amazon.es/dp/B09XPWJG16?tag=topinalambricos-21&linkCode=osi&th=1&psc=1","Images":{"Primary":{"Small":{"Height":75,"URL":"https://m.media-amazon.com/images/I/51a1JfNqP4L._SL75_.jpg","Width":59}}},"ItemInfo":{"ByLineInfo":{"Brand":{"DisplayValue":"PANOZON","Label":"Brand","Locale":"es_ES"}},"Title":{"DisplayValue":"PANOZON Mujer Camiseta de Encaje sin Mangas Top Elástico Cuello V Sexy Camisola Cami Casual (L, A-Negro)","Label":"Title","Locale":"es_ES"}},"Offers":{"Summaries":[{"Condition":{"Value":"New"},"LowestPrice":{"Amount":12.99,"Currency":"EUR","DisplayAmount":"12,99 €"}}]}},{"ASIN":"B0BRFZWTQ8","DetailPageURL":"https://www.amazon.es/dp/B0BRFZWTQ8?tag=topinalambricos-21&linkCode=osi&th=1&psc=1","Images":{"Primary":{"Small":{"Height":75,"URL":"https://m.media-amazon.com/images/I/41-vYGBGBiL._SL75_.jpg","Width":58}}},"ItemInfo":{"ByLineInfo":{"Brand":{"DisplayValue":"GRACE KARIN","Label":"Brand","Locale":"es_ES"}},"Title":{"DisplayValue":"Blusa Elegante de Encaje con Manga 3/4 para Mujer Blusa de Color para Primavera y Verano Color Blanco 2XL","Label":"Title","Locale":"es_ES"}},"Offers":{"Summaries":[{"Condition":{"Value":"New"},"LowestPrice":{"Amount":27.99,"Currency":"EUR","DisplayAmount":"27,99 €"}}]}},{"ASIN":"B085R4TJ4J","DetailPageURL":"https://www.amazon.es/dp/B085R4TJ4J?tag=topinalambricos-21&linkCode=osi&th=1&psc=1","Images":{"Primary":{"Small":{"Height":75,"URL":"https://m.media-amazon.com/images/I/41cR4jz1LpS._SL75_.jpg","Width":57}}},"ItemInfo":{"ByLineInfo":{"Brand":{"DisplayValue":"JDY","Label":"Brand","Locale":"es_ES"},"Manufacturer":{"DisplayValue":"JdY","Label":"Manufacturer","Locale":"es_ES"}},"Title":{"DisplayValue":"JDY Jdyblond S/l Top Jrs Noos Blusas, Bailarina De La Nube, XL para Mujer","Label":"Title","Locale":"es_ES"}},"Offers":{"Summaries":[{"Condition":{"Value":"New"},"LowestPrice":{"Amount":9.0,"Currency":"EUR","DisplayAmount":"9,00 €"}}]}},{"ASIN":"B0BNBLDHHP","DetailPageURL":"https://www.amazon.es/dp/B0BNBLDHHP?tag=topinalambricos-21&linkCode=osi&th=1&psc=1","Images":{"Primary":{"Small":{"Height":75,"URL":"https://m.media-amazon.com/images/I/51+17SOyARL._SL75_.jpg","Width":56}}},"ItemInfo":{"ByLineInfo":{"Brand":{"DisplayValue":"GORGLITTER","Label":"Brand","Locale":"es_ES"}},"Title":{"DisplayValue":"GORGLITTER Blusa elegante para mujer, cuello alto, camiseta de manga larga, encaje, túnica con mangas de farol, Blanco, M","Label":"Title","Locale":"es_ES"}},"Offers":{"Summaries":[{"Condition":{"Value":"New"},"LowestPrice":{"Amount":32.19,"Currency":"EUR","DisplayAmount":"32,19 €"}}]}},{"ASIN":"B07G4CYFW3","DetailPageURL":"https://www.amazon.es/dp/B07G4CYFW3?tag=topinalambricos-21&linkCode=osi&th=1&psc=1","Images":{"Primary":{"Small":{"Height":75,"URL":"https://m.media-amazon.com/images/I/51xBN5FTCtL._SL75_.jpg","Width":75}}},"ItemInfo":{"ByLineInfo":{"Brand":{"DisplayValue":"SHOBDW Camisetas de manga larga","Label":"Brand","Locale":"es_ES"}},"Title":{"DisplayValue":"SHOBDW Mujeres Gasa Sólida O Cuello Sexy Encaje Elegante Otoño Tops Casual Blusa Camiseta Camisa de Manga Larga (Blanco,M)","Label":"Title","Locale":"es_ES"}},"Offers":{"Summaries":[{"Condition":{"Value":"New"},"LowestPrice":{"Amount":10.99,"Currency":"EUR","DisplayAmount":"10,99 €"}}]}},{"ASIN":"B0B51T51HB","DetailPageURL":"https://www.amazon.es/dp/B0B51T51HB?tag=topinalambricos-21&linkCode=osi&th=1&psc=1","Images":{"Primary":{"Small":{"Height":75,"URL":"https://m.media-amazon.com/images/I/41Y2dmoUzbL._SL75_.jpg","Width":57}}},"ItemInfo":{"ByLineInfo":{"Brand":{"DisplayValue":"Tuopuda","Label":"Brand","Locale":"es_ES"},"Manufacturer":{"DisplayValue":"GHF-Direct","Label":"Manufacturer","Locale":"es_ES"}},"Title":{"DisplayValue":"Tuopuda Camisetas de Manga Larga para Mujeres Camiseta de Encaje Waffle de Cuello Redondo Casual Sueltas Blusas Tops(Blanco,S)","Label":"Title","Locale":"es_ES"}},"Offers":{"Summaries":[{"Condition":{"Value":"New"},"LowestPrice":{"Amount":19.99,"Currency":"EUR","DisplayAmount":"19,99 €"}}]}},{"ASIN":"B0C4Y4J22J","DetailPageURL":"https://www.amazon.es/dp/B0C4Y4J22J?tag=topinalambricos-21&linkCode=osi&th=1&psc=1","Images":{"Primary":{"Small":{"Height":75,"URL":"https://m.media-amazon.com/images/I/41-8kXZMqAL._SL75_.jpg","Width":56}}},"ItemInfo":{"ByLineInfo":{"Brand":{"DisplayValue":"GORGLITTER","Label":"Brand","Locale":"es_ES"}},"Title":{"DisplayValue":"GORGLITTER Elegante blusa de encaje para mujer, túnica de oficina, blusa de encaje, blusa con volantes, Blanco, XL","Label":"Title","Locale":"es_ES"}},"Offers":{"Summaries":[{"Condition":{"Value":"New"},"LowestPrice":{"Amount":33.28,"Currency":"EUR","DisplayAmount":"33,28 €"}}]}},{"ASIN":"B08RJ9TCN9","DetailPageURL":"https://www.amazon.es/dp/B08RJ9TCN9?tag=topinalambricos-21&linkCode=osi&th=1&psc=1","Images":{"Primary":{"Small":{"Height":75,"URL":"https://m.media-amazon.com/images/I/31N5XuLVTZS._SL75_.jpg","Width":57}}},"ItemInfo":{"ByLineInfo":{"Brand":{"DisplayValue":"SCARLET DARKNESS","Label":"Brand","Locale":"es_ES"}},"Title":{"DisplayValue":"SCARLET DARKNESS Blusa Vintage de Encaje Combinados con Cuello Pico para Mujer S Albaricoque","Label":"Title","Locale":"es_ES"}},"Offers":{"Summaries":[{"Condition":{"Value":"New"},"LowestPrice":{"Amount":29.99,"Currency":"EUR","DisplayAmount":"29,99 €"}}]}},{"ASIN":"B08B1BK4LN","DetailPageURL":"https://www.amazon.es/dp/B08B1BK4LN?tag=topinalambricos-21&linkCode=osi&th=1&psc=1","Images":{"Primary":{"Small":{"Height":75,"URL":"https://m.media-amazon.com/images/I/51WMHsRSCCL._SL75_.jpg","Width":75}}},"ItemInfo":{"ByLineInfo":{"Brand":{"DisplayValue":"Allegra K","Label":"Brand","Locale":"es_ES"},"Manufacturer":{"DisplayValue":"Allegra K","Label":"Manufacturer","Locale":"es_ES"}},"Title":{"DisplayValue":"Allegra K Blusa de Encaje Elegante Floral con Cuello de Volantes de Ganchillo para Mujer Blanco L","Label":"Title","Locale":"es_ES"}},"Offers":{"Summaries":[{"Condition":{"Value":"New"},"LowestPrice":{"Amount":34.99,"Currency":"EUR","DisplayAmount":"34,99 €"}}]}}],"SearchURL":"https://www.amazon.es/s?k=blusa+encaje&rh=n%3A3074055031%2Cp_n_availability%3A-1&tag=topinalambricos-21&linkCode=osi","TotalResultCount":1000}},"58":{"SearchResult":{"Items":[{"ASIN":"B09ZP2FTBG","DetailPageURL":"https://www.amazon.es/dp/B09ZP2FTBG?tag=topinalambricos-21&linkCode=osi&th=1&psc=1","Images":{"Primary":{"Small":{"Height":75,"URL":"https://m.media-amazon.com/images/I/51KEPJ5ifkL._SL75_.jpg","Width":75}}},"ItemInfo":{"ByLineInfo":{"Brand":{"DisplayValue":"Bipily","Label":"Brand","Locale":"es_ES"}},"Title":{"DisplayValue":"Bipily Camiseta para Mujer Blusa de Encaje con Cuello en V de Gasa Manga Larga Elegante y Básica Color Sólido Tops(Blanco,S)","Label":"Title","Locale":"es_ES"}},"Offers":{"Summaries":[{"Condition":{"Value":"New"},"LowestPrice":{"Amount":26.99,"Currency":"EUR","DisplayAmount":"26,99 €"}}]}},{"ASIN":"B09XPWJG16","DetailPageURL":"https://www.amazon.es/dp/B09XPWJG16?tag=topinalambricos-21&linkCode=osi&th=1&psc=1","Images":{"Primary":{"Small":{"Height":75,"URL":"https://m.media-amazon.com/images/I/51a1JfNqP4L._SL75_.jpg","Width":59}}},"ItemInfo":{"ByLineInfo":{"Brand":{"DisplayValue":"PANOZON","Label":"Brand","Locale":"es_ES"}},"Title":{"DisplayValue":"PANOZON Mujer Camiseta de Encaje sin Mangas Top Elástico Cuello V Sexy Camisola Cami Casual (L, A-Negro)","Label":"Title","Locale":"es_ES"}},"Offers":{"Summaries":[{"Condition":{"Value":"New"},"LowestPrice":{"Amount":12.99,"Currency":"EUR","DisplayAmount":"12,99 €"}}]}},{"ASIN":"B0BRFZWTQ8","DetailPageURL":"https://www.amazon.es/dp/B0BRFZWTQ8?tag=topinalambricos-21&linkCode=osi&th=1&psc=1","Images":{"Primary":{"Small":{"Height":75,"URL":"https://m.media-amazon.com/images/I/41-vYGBGBiL._SL75_.jpg","Width":58}}},"ItemInfo":{"ByLineInfo":{"Brand":{"DisplayValue":"GRACE KARIN","Label":"Brand","Locale":"es_ES"}},"Title":{"DisplayValue":"Blusa Elegante de Encaje con Manga 3/4 para Mujer Blusa de Color para Primavera y Verano Color Blanco 2XL","Label":"Title","Locale":"es_ES"}},"Offers":{"Summaries":[{"Condition":{"Value":"New"},"LowestPrice":{"Amount":27.99,"Currency":"EUR","DisplayAmount":"27,99 €"}}]}},{"ASIN":"B085R4TJ4J","DetailPageURL":"https://www.amazon.es/dp/B085R4TJ4J?tag=topinalambricos-21&linkCode=osi&th=1&psc=1","Images":{"Primary":{"Small":{"Height":75,"URL":"https://m.media-amazon.com/images/I/41cR4jz1LpS._SL75_.jpg","Width":57}}},"ItemInfo":{"ByLineInfo":{"Brand":{"DisplayValue":"JDY","Label":"Brand","Locale":"es_ES"},"Manufacturer":{"DisplayValue":"JdY","Label":"Manufacturer","Locale":"es_ES"}},"Title":{"DisplayValue":"JDY Jdyblond S/l Top Jrs Noos Blusas, Bailarina De La Nube, XL para Mujer","Label":"Title","Locale":"es_ES"}},"Offers":{"Summaries":[{"Condition":{"Value":"New"},"LowestPrice":{"Amount":9.0,"Currency":"EUR","DisplayAmount":"9,00 €"}}]}},{"ASIN":"B0BNBLDHHP","DetailPageURL":"https://www.amazon.es/dp/B0BNBLDHHP?tag=topinalambricos-21&linkCode=osi&th=1&psc=1","Images":{"Primary":{"Small":{"Height":75,"URL":"https://m.media-amazon.com/images/I/51+17SOyARL._SL75_.jpg","Width":56}}},"ItemInfo":{"ByLineInfo":{"Brand":{"DisplayValue":"GORGLITTER","Label":"Brand","Locale":"es_ES"}},"Title":{"DisplayValue":"GORGLITTER Blusa elegante para mujer, cuello alto, camiseta de manga larga, encaje, túnica con mangas de farol, Blanco, M","Label":"Title","Locale":"es_ES"}},"Offers":{"Summaries":[{"Condition":{"Value":"New"},"LowestPrice":{"Amount":32.19,"Currency":"EUR","DisplayAmount":"32,19 €"}}]}},{"ASIN":"B07G4CYFW3","DetailPageURL":"https://www.amazon.es/dp/B07G4CYFW3?tag=topinalambricos-21&linkCode=osi&th=1&psc=1","Images":{"Primary":{"Small":{"Height":75,"URL":"https://m.media-amazon.com/images/I/51xBN5FTCtL._SL75_.jpg","Width":75}}},"ItemInfo":{"ByLineInfo":{"Brand":{"DisplayValue":"SHOBDW Camisetas de manga larga","Label":"Brand","Locale":"es_ES"}},"Title":{"DisplayValue":"SHOBDW Mujeres Gasa Sólida O Cuello Sexy Encaje Elegante Otoño Tops Casual Blusa Camiseta Camisa de Manga Larga (Blanco,M)","Label":"Title","Locale":"es_ES"}},"Offers":{"Summaries":[{"Condition":{"Value":"New"},"LowestPrice":{"Amount":10.99,"Currency":"EUR","DisplayAmount":"10,99 €"}}]}},{"ASIN":"B0B51T51HB","DetailPageURL":"https://www.amazon.es/dp/B0B51T51HB?tag=topinalambricos-21&linkCode=osi&th=1&psc=1","Images":{"Primary":{"Small":{"Height":75,"URL":"https://m.media-amazon.com/images/I/41Y2dmoUzbL._SL75_.jpg","Width":57}}},"ItemInfo":{"ByLineInfo":{"Brand":{"DisplayValue":"Tuopuda","Label":"Brand","Locale":"es_ES"},"Manufacturer":{"DisplayValue":"GHF-Direct","Label":"Manufacturer","Locale":"es_ES"}},"Title":{"DisplayValue":"Tuopuda Camisetas de Manga Larga para Mujeres Camiseta de Encaje Waffle de Cuello Redondo Casual Sueltas Blusas Tops(Blanco,S)","Label":"Title","Locale":"es_ES"}},"Offers":{"Summaries":[{"Condition":{"Value":"New"},"LowestPrice":{"Amount":19.99,"Currency":"EUR","DisplayAmount":"19,99 €"}}]}},{"ASIN":"B0C4Y4J22J","DetailPageURL":"https://www.amazon.es/dp/B0C4Y4J22J?tag=topinalambricos-21&linkCode=osi&th=1&psc=1","Images":{"Primary":{"Small":{"Height":75,"URL":"https://m.media-amazon.com/images/I/41-8kXZMqAL._SL75_.jpg","Width":56}}},"ItemInfo":{"ByLineInfo":{"Brand":{"DisplayValue":"GORGLITTER","Label":"Brand","Locale":"es_ES"}},"Title":{"DisplayValue":"GORGLITTER Elegante blusa de encaje para mujer, túnica de oficina, blusa de encaje, blusa con volantes, Blanco, XL","Label":"Title","Locale":"es_ES"}},"Offers":{"Summaries":[{"Condition":{"Value":"New"},"LowestPrice":{"Amount":33.28,"Currency":"EUR","DisplayAmount":"33,28 €"}}]}},{"ASIN":"B08RJ9TCN9","DetailPageURL":"https://www.amazon.es/dp/B08RJ9TCN9?tag=topinalambricos-21&linkCode=osi&th=1&psc=1","Images":{"Primary":{"Small":{"Height":75,"URL":"https://m.media-amazon.com/images/I/31N5XuLVTZS._SL75_.jpg","Width":57}}},"ItemInfo":{"ByLineInfo":{"Brand":{"DisplayValue":"SCARLET DARKNESS","Label":"Brand","Locale":"es_ES"}},"Title":{"DisplayValue":"SCARLET DARKNESS Blusa Vintage de Encaje Combinados con Cuello Pico para Mujer S Albaricoque","Label":"Title","Locale":"es_ES"}},"Offers":{"Summaries":[{"Condition":{"Value":"New"},"LowestPrice":{"Amount":29.99,"Currency":"EUR","DisplayAmount":"29,99 €"}}]}},{"ASIN":"B08B1BK4LN","DetailPageURL":"https://www.amazon.es/dp/B08B1BK4LN?tag=topinalambricos-21&linkCode=osi&th=1&psc=1","Images":{"Primary":{"Small":{"Height":75,"URL":"https://m.media-amazon.com/images/I/51WMHsRSCCL._SL75_.jpg","Width":75}}},"ItemInfo":{"ByLineInfo":{"Brand":{"DisplayValue":"Allegra K","Label":"Brand","Locale":"es_ES"},"Manufacturer":{"DisplayValue":"Allegra K","Label":"Manufacturer","Locale":"es_ES"}},"Title":{"DisplayValue":"Allegra K Blusa de Encaje Elegante Floral con Cuello de Volantes de Ganchillo para Mujer Blanco L","Label":"Title","Locale":"es_ES"}},"Offers":{"Summaries":[{"Condition":{"Value":"New"},"LowestPrice":{"Amount":34.99,"Currency":"EUR","DisplayAmount":"34,99 €"}}]}}],"SearchURL":"https://www.amazon.es/s?k=blusa+encaje&rh=n%3A3074055031%2Cp_n_availability%3A-1&tag=topinalambricos-21&linkCode=osi","TotalResultCount":1000}},"59":{"SearchResult":{"Items":[{"ASIN":"B09ZP2FTBG","DetailPageURL":"https://www.amazon.es/dp/B09ZP2FTBG?tag=topinalambricos-21&linkCode=osi&th=1&psc=1","Images":{"Primary":{"Small":{"Height":75,"URL":"https://m.media-amazon.com/images/I/51KEPJ5ifkL._SL75_.jpg","Width":75}}},"ItemInfo":{"ByLineInfo":{"Brand":{"DisplayValue":"Bipily","Label":"Brand","Locale":"es_ES"}},"Title":{"DisplayValue":"Bipily Camiseta para Mujer Blusa de Encaje con Cuello en V de Gasa Manga Larga Elegante y Básica Color Sólido Tops(Blanco,S)","Label":"Title","Locale":"es_ES"}},"Offers":{"Summaries":[{"Condition":{"Value":"New"},"LowestPrice":{"Amount":26.99,"Currency":"EUR","DisplayAmount":"26,99 €"}}]}},{"ASIN":"B09XPWJG16","DetailPageURL":"https://www.amazon.es/dp/B09XPWJG16?tag=topinalambricos-21&linkCode=osi&th=1&psc=1","Images":{"Primary":{"Small":{"Height":75,"URL":"https://m.media-amazon.com/images/I/51a1JfNqP4L._SL75_.jpg","Width":59}}},"ItemInfo":{"ByLineInfo":{"Brand":{"DisplayValue":"PANOZON","Label":"Brand","Locale":"es_ES"}},"Title":{"DisplayValue":"PANOZON Mujer Camiseta de Encaje sin Mangas Top Elástico Cuello V Sexy Camisola Cami Casual (L, A-Negro)","Label":"Title","Locale":"es_ES"}},"Offers":{"Summaries":[{"Condition":{"Value":"New"},"LowestPrice":{"Amount":12.99,"Currency":"EUR","DisplayAmount":"12,99 €"}}]}},{"ASIN":"B0BRFZWTQ8","DetailPageURL":"https://www.amazon.es/dp/B0BRFZWTQ8?tag=topinalambricos-21&linkCode=osi&th=1&psc=1","Images":{"Primary":{"Small":{"Height":75,"URL":"https://m.media-amazon.com/images/I/41-vYGBGBiL._SL75_.jpg","Width":58}}},"ItemInfo":{"ByLineInfo":{"Brand":{"DisplayValue":"GRACE KARIN","Label":"Brand","Locale":"es_ES"}},"Title":{"DisplayValue":"Blusa Elegante de Encaje con Manga 3/4 para Mujer Blusa de Color para Primavera y Verano Color Blanco 2XL","Label":"Title","Locale":"es_ES"}},"Offers":{"Summaries":[{"Condition":{"Value":"New"},"LowestPrice":{"Amount":27.99,"Currency":"EUR","DisplayAmount":"27,99 €"}}]}},{"ASIN":"B085R4TJ4J","DetailPageURL":"https://www.amazon.es/dp/B085R4TJ4J?tag=topinalambricos-21&linkCode=osi&th=1&psc=1","Images":{"Primary":{"Small":{"Height":75,"URL":"https://m.media-amazon.com/images/I/41cR4jz1LpS._SL75_.jpg","Width":57}}},"ItemInfo":{"ByLineInfo":{"Brand":{"DisplayValue":"JDY","Label":"Brand","Locale":"es_ES"},"Manufacturer":{"DisplayValue":"JdY","Label":"Manufacturer","Locale":"es_ES"}},"Title":{"DisplayValue":"JDY Jdyblond S/l Top Jrs Noos Blusas, Bailarina De La Nube, XL para Mujer","Label":"Title","Locale":"es_ES"}},"Offers":{"Summaries":[{"Condition":{"Value":"New"},"LowestPrice":{"Amount":9.0,"Currency":"EUR","DisplayAmount":"9,00 €"}}]}},{"ASIN":"B0BNBLDHHP","DetailPageURL":"https://www.amazon.es/dp/B0BNBLDHHP?tag=topinalambricos-21&linkCode=osi&th=1&psc=1","Images":{"Primary":{"Small":{"Height":75,"URL":"https://m.media-amazon.com/images/I/51+17SOyARL._SL75_.jpg","Width":56}}},"ItemInfo":{"ByLineInfo":{"Brand":{"DisplayValue":"GORGLITTER","Label":"Brand","Locale":"es_ES"}},"Title":{"DisplayValue":"GORGLITTER Blusa elegante para mujer, cuello alto, camiseta de manga larga, encaje, túnica con mangas de farol, Blanco, M","Label":"Title","Locale":"es_ES"}},"Offers":{"Summaries":[{"Condition":{"Value":"New"},"LowestPrice":{"Amount":32.19,"Currency":"EUR","DisplayAmount":"32,19 €"}}]}},{"ASIN":"B07G4CYFW3","DetailPageURL":"https://www.amazon.es/dp/B07G4CYFW3?tag=topinalambricos-21&linkCode=osi&th=1&psc=1","Images":{"Primary":{"Small":{"Height":75,"URL":"https://m.media-amazon.com/images/I/51xBN5FTCtL._SL75_.jpg","Width":75}}},"ItemInfo":{"ByLineInfo":{"Brand":{"DisplayValue":"SHOBDW Camisetas de manga larga","Label":"Brand","Locale":"es_ES"}},"Title":{"DisplayValue":"SHOBDW Mujeres Gasa Sólida O Cuello Sexy Encaje Elegante Otoño Tops Casual Blusa Camiseta Camisa de Manga Larga (Blanco,M)","Label":"Title","Locale":"es_ES"}},"Offers":{"Summaries":[{"Condition":{"Value":"New"},"LowestPrice":{"Amount":10.99,"Currency":"EUR","DisplayAmount":"10,99 €"}}]}},{"ASIN":"B0B51T51HB","DetailPageURL":"https://www.amazon.es/dp/B0B51T51HB?tag=topinalambricos-21&linkCode=osi&th=1&psc=1","Images":{"Primary":{"Small":{"Height":75,"URL":"https://m.media-amazon.com/images/I/41Y2dmoUzbL._SL75_.jpg","Width":57}}},"ItemInfo":{"ByLineInfo":{"Brand":{"DisplayValue":"Tuopuda","Label":"Brand","Locale":"es_ES"},"Manufacturer":{"DisplayValue":"GHF-Direct","Label":"Manufacturer","Locale":"es_ES"}},"Title":{"DisplayValue":"Tuopuda Camisetas de Manga Larga para Mujeres Camiseta de Encaje Waffle de Cuello Redondo Casual Sueltas Blusas Tops(Blanco,S)","Label":"Title","Locale":"es_ES"}},"Offers":{"Summaries":[{"Condition":{"Value":"New"},"LowestPrice":{"Amount":19.99,"Currency":"EUR","DisplayAmount":"19,99 €"}}]}},{"ASIN":"B0C4Y4J22J","DetailPageURL":"https://www.amazon.es/dp/B0C4Y4J22J?tag=topinalambricos-21&linkCode=osi&th=1&psc=1","Images":{"Primary":{"Small":{"Height":75,"URL":"https://m.media-amazon.com/images/I/41-8kXZMqAL._SL75_.jpg","Width":56}}},"ItemInfo":{"ByLineInfo":{"Brand":{"DisplayValue":"GORGLITTER","Label":"Brand","Locale":"es_ES"}},"Title":{"DisplayValue":"GORGLITTER Elegante blusa de encaje para mujer, túnica de oficina, blusa de encaje, blusa con volantes, Blanco, XL","Label":"Title","Locale":"es_ES"}},"Offers":{"Summaries":[{"Condition":{"Value":"New"},"LowestPrice":{"Amount":33.28,"Currency":"EUR","DisplayAmount":"33,28 €"}}]}},{"ASIN":"B08RJ9TCN9","DetailPageURL":"https://www.amazon.es/dp/B08RJ9TCN9?tag=topinalambricos-21&linkCode=osi&th=1&psc=1","Images":{"Primary":{"Small":{"Height":75,"URL":"https://m.media-amazon.com/images/I/31N5XuLVTZS._SL75_.jpg","Width":57}}},"ItemInfo":{"ByLineInfo":{"Brand":{"DisplayValue":"SCARLET DARKNESS","Label":"Brand","Locale":"es_ES"}},"Title":{"DisplayValue":"SCARLET DARKNESS Blusa Vintage de Encaje Combinados con Cuello Pico para Mujer S Albaricoque","Label":"Title","Locale":"es_ES"}},"Offers":{"Summaries":[{"Condition":{"Value":"New"},"LowestPrice":{"Amount":29.99,"Currency":"EUR","DisplayAmount":"29,99 €"}}]}},{"ASIN":"B08B1BK4LN","DetailPageURL":"https://www.amazon.es/dp/B08B1BK4LN?tag=topinalambricos-21&linkCode=osi&th=1&psc=1","Images":{"Primary":{"Small":{"Height":75,"URL":"https://m.media-amazon.com/images/I/51WMHsRSCCL._SL75_.jpg","Width":75}}},"ItemInfo":{"ByLineInfo":{"Brand":{"DisplayValue":"Allegra K","Label":"Brand","Locale":"es_ES"},"Manufacturer":{"DisplayValue":"Allegra K","Label":"Manufacturer","Locale":"es_ES"}},"Title":{"DisplayValue":"Allegra K Blusa de Encaje Elegante Floral con Cuello de Volantes de Ganchillo para Mujer Blanco L","Label":"Title","Locale":"es_ES"}},"Offers":{"Summaries":[{"Condition":{"Value":"New"},"LowestPrice":{"Amount":34.99,"Currency":"EUR","DisplayAmount":"34,99 €"}}]}}],"SearchURL":"https://www.amazon.es/s?k=blusa+encaje&rh=n%3A3074055031%2Cp_n_availability%3A-1&tag=topinalambricos-21&linkCode=osi","TotalResultCount":1000}},"61":{"SearchResult":{"Items":[{"ASIN":"B09ZP2FTBG","DetailPageURL":"https://www.amazon.es/dp/B09ZP2FTBG?tag=topinalambricos-21&linkCode=osi&th=1&psc=1","Images":{"Primary":{"Small":{"Height":75,"URL":"https://m.media-amazon.com/images/I/51KEPJ5ifkL._SL75_.jpg","Width":75}}},"ItemInfo":{"ByLineInfo":{"Brand":{"DisplayValue":"Bipily","Label":"Brand","Locale":"es_ES"}},"Title":{"DisplayValue":"Bipily Camiseta para Mujer Blusa de Encaje con Cuello en V de Gasa Manga Larga Elegante y Básica Color Sólido Tops(Blanco,S)","Label":"Title","Locale":"es_ES"}},"Offers":{"Summaries":[{"Condition":{"Value":"New"},"LowestPrice":{"Amount":26.99,"Currency":"EUR","DisplayAmount":"26,99 €"}}]}},{"ASIN":"B09XPWJG16","DetailPageURL":"https://www.amazon.es/dp/B09XPWJG16?tag=topinalambricos-21&linkCode=osi&th=1&psc=1","Images":{"Primary":{"Small":{"Height":75,"URL":"https://m.media-amazon.com/images/I/51a1JfNqP4L._SL75_.jpg","Width":59}}},"ItemInfo":{"ByLineInfo":{"Brand":{"DisplayValue":"PANOZON","Label":"Brand","Locale":"es_ES"}},"Title":{"DisplayValue":"PANOZON Mujer Camiseta de Encaje sin Mangas Top Elástico Cuello V Sexy Camisola Cami Casual (L, A-Negro)","Label":"Title","Locale":"es_ES"}},"Offers":{"Summaries":[{"Condition":{"Value":"New"},"LowestPrice":{"Amount":12.99,"Currency":"EUR","DisplayAmount":"12,99 €"}}]}},{"ASIN":"B0BRFZWTQ8","DetailPageURL":"https://www.amazon.es/dp/B0BRFZWTQ8?tag=topinalambricos-21&linkCode=osi&th=1&psc=1","Images":{"Primary":{"Small":{"Height":75,"URL":"https://m.media-amazon.com/images/I/41-vYGBGBiL._SL75_.jpg","Width":58}}},"ItemInfo":{"ByLineInfo":{"Brand":{"DisplayValue":"GRACE KARIN","Label":"Brand","Locale":"es_ES"}},"Title":{"DisplayValue":"Blusa Elegante de Encaje con Manga 3/4 para Mujer Blusa de Color para Primavera y Verano Color Blanco 2XL","Label":"Title","Locale":"es_ES"}},"Offers":{"Summaries":[{"Condition":{"Value":"New"},"LowestPrice":{"Amount":27.99,"Currency":"EUR","DisplayAmount":"27,99 €"}}]}},{"ASIN":"B085R4TJ4J","DetailPageURL":"https://www.amazon.es/dp/B085R4TJ4J?tag=topinalambricos-21&linkCode=osi&th=1&psc=1","Images":{"Primary":{"Small":{"Height":75,"URL":"https://m.media-amazon.com/images/I/41cR4jz1LpS._SL75_.jpg","Width":57}}},"ItemInfo":{"ByLineInfo":{"Brand":{"DisplayValue":"JDY","Label":"Brand","Locale":"es_ES"},"Manufacturer":{"DisplayValue":"JdY","Label":"Manufacturer","Locale":"es_ES"}},"Title":{"DisplayValue":"JDY Jdyblond S/l Top Jrs Noos Blusas, Bailarina De La Nube, XL para Mujer","Label":"Title","Locale":"es_ES"}},"Offers":{"Summaries":[{"Condition":{"Value":"New"},"LowestPrice":{"Amount":9.0,"Currency":"EUR","DisplayAmount":"9,00 €"}}]}},{"ASIN":"B0BNBLDHHP","DetailPageURL":"https://www.amazon.es/dp/B0BNBLDHHP?tag=topinalambricos-21&linkCode=osi&th=1&psc=1","Images":{"Primary":{"Small":{"Height":75,"URL":"https://m.media-amazon.com/images/I/51+17SOyARL._SL75_.jpg","Width":56}}},"ItemInfo":{"ByLineInfo":{"Brand":{"DisplayValue":"GORGLITTER","Label":"Brand","Locale":"es_ES"}},"Title":{"DisplayValue":"GORGLITTER Blusa elegante para mujer, cuello alto, camiseta de manga larga, encaje, túnica con mangas de farol, Blanco, M","Label":"Title","Locale":"es_ES"}},"Offers":{"Summaries":[{"Condition":{"Value":"New"},"LowestPrice":{"Amount":32.19,"Currency":"EUR","DisplayAmount":"32,19 €"}}]}},{"ASIN":"B07G4CYFW3","DetailPageURL":"https://www.amazon.es/dp/B07G4CYFW3?tag=topinalambricos-21&linkCode=osi&th=1&psc=1","Images":{"Primary":{"Small":{"Height":75,"URL":"https://m.media-amazon.com/images/I/51xBN5FTCtL._SL75_.jpg","Width":75}}},"ItemInfo":{"ByLineInfo":{"Brand":{"DisplayValue":"SHOBDW Camisetas de manga larga","Label":"Brand","Locale":"es_ES"}},"Title":{"DisplayValue":"SHOBDW Mujeres Gasa Sólida O Cuello Sexy Encaje Elegante Otoño Tops Casual Blusa Camiseta Camisa de Manga Larga (Blanco,M)","Label":"Title","Locale":"es_ES"}},"Offers":{"Summaries":[{"Condition":{"Value":"New"},"LowestPrice":{"Amount":10.99,"Currency":"EUR","DisplayAmount":"10,99 €"}}]}},{"ASIN":"B0B51T51HB","DetailPageURL":"https://www.amazon.es/dp/B0B51T51HB?tag=topinalambricos-21&linkCode=osi&th=1&psc=1","Images":{"Primary":{"Small":{"Height":75,"URL":"https://m.media-amazon.com/images/I/41Y2dmoUzbL._SL75_.jpg","Width":57}}},"ItemInfo":{"ByLineInfo":{"Brand":{"DisplayValue":"Tuopuda","Label":"Brand","Locale":"es_ES"},"Manufacturer":{"DisplayValue":"GHF-Direct","Label":"Manufacturer","Locale":"es_ES"}},"Title":{"DisplayValue":"Tuopuda Camisetas de Manga Larga para Mujeres Camiseta de Encaje Waffle de Cuello Redondo Casual Sueltas Blusas Tops(Blanco,S)","Label":"Title","Locale":"es_ES"}},"Offers":{"Summaries":[{"Condition":{"Value":"New"},"LowestPrice":{"Amount":19.99,"Currency":"EUR","DisplayAmount":"19,99 €"}}]}},{"ASIN":"B0C4Y4J22J","DetailPageURL":"https://www.amazon.es/dp/B0C4Y4J22J?tag=topinalambricos-21&linkCode=osi&th=1&psc=1","Images":{"Primary":{"Small":{"Height":75,"URL":"https://m.media-amazon.com/images/I/41-8kXZMqAL._SL75_.jpg","Width":56}}},"ItemInfo":{"ByLineInfo":{"Brand":{"DisplayValue":"GORGLITTER","Label":"Brand","Locale":"es_ES"}},"Title":{"DisplayValue":"GORGLITTER Elegante blusa de encaje para mujer, túnica de oficina, blusa de encaje, blusa con volantes, Blanco, XL","Label":"Title","Locale":"es_ES"}},"Offers":{"Summaries":[{"Condition":{"Value":"New"},"LowestPrice":{"Amount":33.28,"Currency":"EUR","DisplayAmount":"33,28 €"}}]}},{"ASIN":"B08RJ9TCN9","DetailPageURL":"https://www.amazon.es/dp/B08RJ9TCN9?tag=topinalambricos-21&linkCode=osi&th=1&psc=1","Images":{"Primary":{"Small":{"Height":75,"URL":"https://m.media-amazon.com/images/I/31N5XuLVTZS._SL75_.jpg","Width":57}}},"ItemInfo":{"ByLineInfo":{"Brand":{"DisplayValue":"SCARLET DARKNESS","Label":"Brand","Locale":"es_ES"}},"Title":{"DisplayValue":"SCARLET DARKNESS Blusa Vintage de Encaje Combinados con Cuello Pico para Mujer S Albaricoque","Label":"Title","Locale":"es_ES"}},"Offers":{"Summaries":[{"Condition":{"Value":"New"},"LowestPrice":{"Amount":29.99,"Currency":"EUR","DisplayAmount":"29,99 €"}}]}},{"ASIN":"B08B1BK4LN","DetailPageURL":"https://www.amazon.es/dp/B08B1BK4LN?tag=topinalambricos-21&linkCode=osi&th=1&psc=1","Images":{"Primary":{"Small":{"Height":75,"URL":"https://m.media-amazon.com/images/I/51WMHsRSCCL._SL75_.jpg","Width":75}}},"ItemInfo":{"ByLineInfo":{"Brand":{"DisplayValue":"Allegra K","Label":"Brand","Locale":"es_ES"},"Manufacturer":{"DisplayValue":"Allegra K","Label":"Manufacturer","Locale":"es_ES"}},"Title":{"DisplayValue":"Allegra K Blusa de Encaje Elegante Floral con Cuello de Volantes de Ganchillo para Mujer Blanco L","Label":"Title","Locale":"es_ES"}},"Offers":{"Summaries":[{"Condition":{"Value":"New"},"LowestPrice":{"Amount":34.99,"Currency":"EUR","DisplayAmount":"34,99 €"}}]}}],"SearchURL":"https://www.amazon.es/s?k=blusa+encaje&rh=n%3A3074055031%2Cp_n_availability%3A-1&tag=topinalambricos-21&linkCode=osi","TotalResultCount":1000}},"62":{"SearchResult":{"Items":[{"ASIN":"B09ZP2FTBG","DetailPageURL":"https://www.amazon.es/dp/B09ZP2FTBG?tag=topinalambricos-21&linkCode=osi&th=1&psc=1","Images":{"Primary":{"Small":{"Height":75,"URL":"https://m.media-amazon.com/images/I/51KEPJ5ifkL._SL75_.jpg","Width":75}}},"ItemInfo":{"ByLineInfo":{"Brand":{"DisplayValue":"Bipily","Label":"Brand","Locale":"es_ES"}},"Title":{"DisplayValue":"Bipily Camiseta para Mujer Blusa de Encaje con Cuello en V de Gasa Manga Larga Elegante y Básica Color Sólido Tops(Blanco,S)","Label":"Title","Locale":"es_ES"}},"Offers":{"Summaries":[{"Condition":{"Value":"New"},"LowestPrice":{"Amount":26.99,"Currency":"EUR","DisplayAmount":"26,99 €"}}]}},{"ASIN":"B09XPWJG16","DetailPageURL":"https://www.amazon.es/dp/B09XPWJG16?tag=topinalambricos-21&linkCode=osi&th=1&psc=1","Images":{"Primary":{"Small":{"Height":75,"URL":"https://m.media-amazon.com/images/I/51a1JfNqP4L._SL75_.jpg","Width":59}}},"ItemInfo":{"ByLineInfo":{"Brand":{"DisplayValue":"PANOZON","Label":"Brand","Locale":"es_ES"}},"Title":{"DisplayValue":"PANOZON Mujer Camiseta de Encaje sin Mangas Top Elástico Cuello V Sexy Camisola Cami Casual (L, A-Negro)","Label":"Title","Locale":"es_ES"}},"Offers":{"Summaries":[{"Condition":{"Value":"New"},"LowestPrice":{"Amount":12.99,"Currency":"EUR","DisplayAmount":"12,99 €"}}]}},{"ASIN":"B0BRFZWTQ8","DetailPageURL":"https://www.amazon.es/dp/B0BRFZWTQ8?tag=topinalambricos-21&linkCode=osi&th=1&psc=1","Images":{"Primary":{"Small":{"Height":75,"URL":"https://m.media-amazon.com/images/I/41-vYGBGBiL._SL75_.jpg","Width":58}}},"ItemInfo":{"ByLineInfo":{"Brand":{"DisplayValue":"GRACE KARIN","Label":"Brand","Locale":"es_ES"}},"Title":{"DisplayValue":"Blusa Elegante de Encaje con Manga 3/4 para Mujer Blusa de Color para Primavera y Verano Color Blanco 2XL","Label":"Title","Locale":"es_ES"}},"Offers":{"Summaries":[{"Condition":{"Value":"New"},"LowestPrice":{"Amount":27.99,"Currency":"EUR","DisplayAmount":"27,99 €"}}]}},{"ASIN":"B085R4TJ4J","DetailPageURL":"https://www.amazon.es/dp/B085R4TJ4J?tag=topinalambricos-21&linkCode=osi&th=1&psc=1","Images":{"Primary":{"Small":{"Height":75,"URL":"https://m.media-amazon.com/images/I/41cR4jz1LpS._SL75_.jpg","Width":57}}},"ItemInfo":{"ByLineInfo":{"Brand":{"DisplayValue":"JDY","Label":"Brand","Locale":"es_ES"},"Manufacturer":{"DisplayValue":"JdY","Label":"Manufacturer","Locale":"es_ES"}},"Title":{"DisplayValue":"JDY Jdyblond S/l Top Jrs Noos Blusas, Bailarina De La Nube, XL para Mujer","Label":"Title","Locale":"es_ES"}},"Offers":{"Summaries":[{"Condition":{"Value":"New"},"LowestPrice":{"Amount":9.0,"Currency":"EUR","DisplayAmount":"9,00 €"}}]}},{"ASIN":"B0BNBLDHHP","DetailPageURL":"https://www.amazon.es/dp/B0BNBLDHHP?tag=topinalambricos-21&linkCode=osi&th=1&psc=1","Images":{"Primary":{"Small":{"Height":75,"URL":"https://m.media-amazon.com/images/I/51+17SOyARL._SL75_.jpg","Width":56}}},"ItemInfo":{"ByLineInfo":{"Brand":{"DisplayValue":"GORGLITTER","Label":"Brand","Locale":"es_ES"}},"Title":{"DisplayValue":"GORGLITTER Blusa elegante para mujer, cuello alto, camiseta de manga larga, encaje, túnica con mangas de farol, Blanco, M","Label":"Title","Locale":"es_ES"}},"Offers":{"Summaries":[{"Condition":{"Value":"New"},"LowestPrice":{"Amount":32.19,"Currency":"EUR","DisplayAmount":"32,19 €"}}]}},{"ASIN":"B07G4CYFW3","DetailPageURL":"https://www.amazon.es/dp/B07G4CYFW3?tag=topinalambricos-21&linkCode=osi&th=1&psc=1","Images":{"Primary":{"Small":{"Height":75,"URL":"https://m.media-amazon.com/images/I/51xBN5FTCtL._SL75_.jpg","Width":75}}},"ItemInfo":{"ByLineInfo":{"Brand":{"DisplayValue":"SHOBDW Camisetas de manga larga","Label":"Brand","Locale":"es_ES"}},"Title":{"DisplayValue":"SHOBDW Mujeres Gasa Sólida O Cuello Sexy Encaje Elegante Otoño Tops Casual Blusa Camiseta Camisa de Manga Larga (Blanco,M)","Label":"Title","Locale":"es_ES"}},"Offers":{"Summaries":[{"Condition":{"Value":"New"},"LowestPrice":{"Amount":10.99,"Currency":"EUR","DisplayAmount":"10,99 €"}}]}},{"ASIN":"B0B51T51HB","DetailPageURL":"https://www.amazon.es/dp/B0B51T51HB?tag=topinalambricos-21&linkCode=osi&th=1&psc=1","Images":{"Primary":{"Small":{"Height":75,"URL":"https://m.media-amazon.com/images/I/41Y2dmoUzbL._SL75_.jpg","Width":57}}},"ItemInfo":{"ByLineInfo":{"Brand":{"DisplayValue":"Tuopuda","Label":"Brand","Locale":"es_ES"},"Manufacturer":{"DisplayValue":"GHF-Direct","Label":"Manufacturer","Locale":"es_ES"}},"Title":{"DisplayValue":"Tuopuda Camisetas de Manga Larga para Mujeres Camiseta de Encaje Waffle de Cuello Redondo Casual Sueltas Blusas Tops(Blanco,S)","Label":"Title","Locale":"es_ES"}},"Offers":{"Summaries":[{"Condition":{"Value":"New"},"LowestPrice":{"Amount":19.99,"Currency":"EUR","DisplayAmount":"19,99 €"}}]}},{"ASIN":"B0C4Y4J22J","DetailPageURL":"https://www.amazon.es/dp/B0C4Y4J22J?tag=topinalambricos-21&linkCode=osi&th=1&psc=1","Images":{"Primary":{"Small":{"Height":75,"URL":"https://m.media-amazon.com/images/I/41-8kXZMqAL._SL75_.jpg","Width":56}}},"ItemInfo":{"ByLineInfo":{"Brand":{"DisplayValue":"GORGLITTER","Label":"Brand","Locale":"es_ES"}},"Title":{"DisplayValue":"GORGLITTER Elegante blusa de encaje para mujer, túnica de oficina, blusa de encaje, blusa con volantes, Blanco, XL","Label":"Title","Locale":"es_ES"}},"Offers":{"Summaries":[{"Condition":{"Value":"New"},"LowestPrice":{"Amount":33.28,"Currency":"EUR","DisplayAmount":"33,28 €"}}]}},{"ASIN":"B08RJ9TCN9","DetailPageURL":"https://www.amazon.es/dp/B08RJ9TCN9?tag=topinalambricos-21&linkCode=osi&th=1&psc=1","Images":{"Primary":{"Small":{"Height":75,"URL":"https://m.media-amazon.com/images/I/31N5XuLVTZS._SL75_.jpg","Width":57}}},"ItemInfo":{"ByLineInfo":{"Brand":{"DisplayValue":"SCARLET DARKNESS","Label":"Brand","Locale":"es_ES"}},"Title":{"DisplayValue":"SCARLET DARKNESS Blusa Vintage de Encaje Combinados con Cuello Pico para Mujer S Albaricoque","Label":"Title","Locale":"es_ES"}},"Offers":{"Summaries":[{"Condition":{"Value":"New"},"LowestPrice":{"Amount":29.99,"Currency":"EUR","DisplayAmount":"29,99 €"}}]}},{"ASIN":"B08B1BK4LN","DetailPageURL":"https://www.amazon.es/dp/B08B1BK4LN?tag=topinalambricos-21&linkCode=osi&th=1&psc=1","Images":{"Primary":{"Small":{"Height":75,"URL":"https://m.media-amazon.com/images/I/51WMHsRSCCL._SL75_.jpg","Width":75}}},"ItemInfo":{"ByLineInfo":{"Brand":{"DisplayValue":"Allegra K","Label":"Brand","Locale":"es_ES"},"Manufacturer":{"DisplayValue":"Allegra K","Label":"Manufacturer","Locale":"es_ES"}},"Title":{"DisplayValue":"Allegra K Blusa de Encaje Elegante Floral con Cuello de Volantes de Ganchillo para Mujer Blanco L","Label":"Title","Locale":"es_ES"}},"Offers":{"Summaries":[{"Condition":{"Value":"New"},"LowestPrice":{"Amount":34.99,"Currency":"EUR","DisplayAmount":"34,99 €"}}]}}],"SearchURL":"https://www.amazon.es/s?k=blusa+encaje&rh=n%3A3074055031%2Cp_n_availability%3A-1&tag=topinalambricos-21&linkCode=osi","TotalResultCount":1000}},"63":{"SearchResult":{"Items":[{"ASIN":"B09ZP2FTBG","DetailPageURL":"https://www.amazon.es/dp/B09ZP2FTBG?tag=topinalambricos-21&linkCode=osi&th=1&psc=1","Images":{"Primary":{"Small":{"Height":75,"URL":"https://m.media-amazon.com/images/I/51KEPJ5ifkL._SL75_.jpg","Width":75}}},"ItemInfo":{"ByLineInfo":{"Brand":{"DisplayValue":"Bipily","Label":"Brand","Locale":"es_ES"}},"Title":{"DisplayValue":"Bipily Camiseta para Mujer Blusa de Encaje con Cuello en V de Gasa Manga Larga Elegante y Básica Color Sólido Tops(Blanco,S)","Label":"Title","Locale":"es_ES"}},"Offers":{"Summaries":[{"Condition":{"Value":"New"},"LowestPrice":{"Amount":26.99,"Currency":"EUR","DisplayAmount":"26,99 €"}}]}},{"ASIN":"B09XPWJG16","DetailPageURL":"https://www.amazon.es/dp/B09XPWJG16?tag=topinalambricos-21&linkCode=osi&th=1&psc=1","Images":{"Primary":{"Small":{"Height":75,"URL":"https://m.media-amazon.com/images/I/51a1JfNqP4L._SL75_.jpg","Width":59}}},"ItemInfo":{"ByLineInfo":{"Brand":{"DisplayValue":"PANOZON","Label":"Brand","Locale":"es_ES"}},"Title":{"DisplayValue":"PANOZON Mujer Camiseta de Encaje sin Mangas Top Elástico Cuello V Sexy Camisola Cami Casual (L, A-Negro)","Label":"Title","Locale":"es_ES"}},"Offers":{"Summaries":[{"Condition":{"Value":"New"},"LowestPrice":{"Amount":12.99,"Currency":"EUR","DisplayAmount":"12,99 €"}}]}},{"ASIN":"B0BRFZWTQ8","DetailPageURL":"https://www.amazon.es/dp/B0BRFZWTQ8?tag=topinalambricos-21&linkCode=osi&th=1&psc=1","Images":{"Primary":{"Small":{"Height":75,"URL":"https://m.media-amazon.com/images/I/41-vYGBGBiL._SL75_.jpg","Width":58}}},"ItemInfo":{"ByLineInfo":{"Brand":{"DisplayValue":"GRACE KARIN","Label":"Brand","Locale":"es_ES"}},"Title":{"DisplayValue":"Blusa Elegante de Encaje con Manga 3/4 para Mujer Blusa de Color para Primavera y Verano Color Blanco 2XL","Label":"Title","Locale":"es_ES"}},"Offers":{"Summaries":[{"Condition":{"Value":"New"},"LowestPrice":{"Amount":27.99,"Currency":"EUR","DisplayAmount":"27,99 €"}}]}},{"ASIN":"B085R4TJ4J","DetailPageURL":"https://www.amazon.es/dp/B085R4TJ4J?tag=topinalambricos-21&linkCode=osi&th=1&psc=1","Images":{"Primary":{"Small":{"Height":75,"URL":"https://m.media-amazon.com/images/I/41cR4jz1LpS._SL75_.jpg","Width":57}}},"ItemInfo":{"ByLineInfo":{"Brand":{"DisplayValue":"JDY","Label":"Brand","Locale":"es_ES"},"Manufacturer":{"DisplayValue":"JdY","Label":"Manufacturer","Locale":"es_ES"}},"Title":{"DisplayValue":"JDY Jdyblond S/l Top Jrs Noos Blusas, Bailarina De La Nube, XL para Mujer","Label":"Title","Locale":"es_ES"}},"Offers":{"Summaries":[{"Condition":{"Value":"New"},"LowestPrice":{"Amount":9.0,"Currency":"EUR","DisplayAmount":"9,00 €"}}]}},{"ASIN":"B0BNBLDHHP","DetailPageURL":"https://www.amazon.es/dp/B0BNBLDHHP?tag=topinalambricos-21&linkCode=osi&th=1&psc=1","Images":{"Primary":{"Small":{"Height":75,"URL":"https://m.media-amazon.com/images/I/51+17SOyARL._SL75_.jpg","Width":56}}},"ItemInfo":{"ByLineInfo":{"Brand":{"DisplayValue":"GORGLITTER","Label":"Brand","Locale":"es_ES"}},"Title":{"DisplayValue":"GORGLITTER Blusa elegante para mujer, cuello alto, camiseta de manga larga, encaje, túnica con mangas de farol, Blanco, M","Label":"Title","Locale":"es_ES"}},"Offers":{"Summaries":[{"Condition":{"Value":"New"},"LowestPrice":{"Amount":32.19,"Currency":"EUR","DisplayAmount":"32,19 €"}}]}},{"ASIN":"B07G4CYFW3","DetailPageURL":"https://www.amazon.es/dp/B07G4CYFW3?tag=topinalambricos-21&linkCode=osi&th=1&psc=1","Images":{"Primary":{"Small":{"Height":75,"URL":"https://m.media-amazon.com/images/I/51xBN5FTCtL._SL75_.jpg","Width":75}}},"ItemInfo":{"ByLineInfo":{"Brand":{"DisplayValue":"SHOBDW Camisetas de manga larga","Label":"Brand","Locale":"es_ES"}},"Title":{"DisplayValue":"SHOBDW Mujeres Gasa Sólida O Cuello Sexy Encaje Elegante Otoño Tops Casual Blusa Camiseta Camisa de Manga Larga (Blanco,M)","Label":"Title","Locale":"es_ES"}},"Offers":{"Summaries":[{"Condition":{"Value":"New"},"LowestPrice":{"Amount":10.99,"Currency":"EUR","DisplayAmount":"10,99 €"}}]}},{"ASIN":"B0B51T51HB","DetailPageURL":"https://www.amazon.es/dp/B0B51T51HB?tag=topinalambricos-21&linkCode=osi&th=1&psc=1","Images":{"Primary":{"Small":{"Height":75,"URL":"https://m.media-amazon.com/images/I/41Y2dmoUzbL._SL75_.jpg","Width":57}}},"ItemInfo":{"ByLineInfo":{"Brand":{"DisplayValue":"Tuopuda","Label":"Brand","Locale":"es_ES"},"Manufacturer":{"DisplayValue":"GHF-Direct","Label":"Manufacturer","Locale":"es_ES"}},"Title":{"DisplayValue":"Tuopuda Camisetas de Manga Larga para Mujeres Camiseta de Encaje Waffle de Cuello Redondo Casual Sueltas Blusas Tops(Blanco,S)","Label":"Title","Locale":"es_ES"}},"Offers":{"Summaries":[{"Condition":{"Value":"New"},"LowestPrice":{"Amount":19.99,"Currency":"EUR","DisplayAmount":"19,99 €"}}]}},{"ASIN":"B0C4Y4J22J","DetailPageURL":"https://www.amazon.es/dp/B0C4Y4J22J?tag=topinalambricos-21&linkCode=osi&th=1&psc=1","Images":{"Primary":{"Small":{"Height":75,"URL":"https://m.media-amazon.com/images/I/41-8kXZMqAL._SL75_.jpg","Width":56}}},"ItemInfo":{"ByLineInfo":{"Brand":{"DisplayValue":"GORGLITTER","Label":"Brand","Locale":"es_ES"}},"Title":{"DisplayValue":"GORGLITTER Elegante blusa de encaje para mujer, túnica de oficina, blusa de encaje, blusa con volantes, Blanco, XL","Label":"Title","Locale":"es_ES"}},"Offers":{"Summaries":[{"Condition":{"Value":"New"},"LowestPrice":{"Amount":33.28,"Currency":"EUR","DisplayAmount":"33,28 €"}}]}},{"ASIN":"B08RJ9TCN9","DetailPageURL":"https://www.amazon.es/dp/B08RJ9TCN9?tag=topinalambricos-21&linkCode=osi&th=1&psc=1","Images":{"Primary":{"Small":{"Height":75,"URL":"https://m.media-amazon.com/images/I/31N5XuLVTZS._SL75_.jpg","Width":57}}},"ItemInfo":{"ByLineInfo":{"Brand":{"DisplayValue":"SCARLET DARKNESS","Label":"Brand","Locale":"es_ES"}},"Title":{"DisplayValue":"SCARLET DARKNESS Blusa Vintage de Encaje Combinados con Cuello Pico para Mujer S Albaricoque","Label":"Title","Locale":"es_ES"}},"Offers":{"Summaries":[{"Condition":{"Value":"New"},"LowestPrice":{"Amount":29.99,"Currency":"EUR","DisplayAmount":"29,99 €"}}]}},{"ASIN":"B08B1BK4LN","DetailPageURL":"https://www.amazon.es/dp/B08B1BK4LN?tag=topinalambricos-21&linkCode=osi&th=1&psc=1","Images":{"Primary":{"Small":{"Height":75,"URL":"https://m.media-amazon.com/images/I/51WMHsRSCCL._SL75_.jpg","Width":75}}},"ItemInfo":{"ByLineInfo":{"Brand":{"DisplayValue":"Allegra K","Label":"Brand","Locale":"es_ES"},"Manufacturer":{"DisplayValue":"Allegra K","Label":"Manufacturer","Locale":"es_ES"}},"Title":{"DisplayValue":"Allegra K Blusa de Encaje Elegante Floral con Cuello de Volantes de Ganchillo para Mujer Blanco L","Label":"Title","Locale":"es_ES"}},"Offers":{"Summaries":[{"Condition":{"Value":"New"},"LowestPrice":{"Amount":34.99,"Currency":"EUR","DisplayAmount":"34,99 €"}}]}}],"SearchURL":"https://www.amazon.es/s?k=blusa+encaje&rh=n%3A3074055031%2Cp_n_availability%3A-1&tag=topinalambricos-21&linkCode=osi","TotalResultCount":1000}},"64":{"SearchResult":{"Items":[{"ASIN":"B09ZP2FTBG","DetailPageURL":"https://www.amazon.es/dp/B09ZP2FTBG?tag=topinalambricos-21&linkCode=osi&th=1&psc=1","Images":{"Primary":{"Small":{"Height":75,"URL":"https://m.media-amazon.com/images/I/51KEPJ5ifkL._SL75_.jpg","Width":75}}},"ItemInfo":{"ByLineInfo":{"Brand":{"DisplayValue":"Bipily","Label":"Brand","Locale":"es_ES"}},"Title":{"DisplayValue":"Bipily Camiseta para Mujer Blusa de Encaje con Cuello en V de Gasa Manga Larga Elegante y Básica Color Sólido Tops(Blanco,S)","Label":"Title","Locale":"es_ES"}},"Offers":{"Summaries":[{"Condition":{"Value":"New"},"LowestPrice":{"Amount":26.99,"Currency":"EUR","DisplayAmount":"26,99 €"}}]}},{"ASIN":"B09XPWJG16","DetailPageURL":"https://www.amazon.es/dp/B09XPWJG16?tag=topinalambricos-21&linkCode=osi&th=1&psc=1","Images":{"Primary":{"Small":{"Height":75,"URL":"https://m.media-amazon.com/images/I/51a1JfNqP4L._SL75_.jpg","Width":59}}},"ItemInfo":{"ByLineInfo":{"Brand":{"DisplayValue":"PANOZON","Label":"Brand","Locale":"es_ES"}},"Title":{"DisplayValue":"PANOZON Mujer Camiseta de Encaje sin Mangas Top Elástico Cuello V Sexy Camisola Cami Casual (L, A-Negro)","Label":"Title","Locale":"es_ES"}},"Offers":{"Summaries":[{"Condition":{"Value":"New"},"LowestPrice":{"Amount":12.99,"Currency":"EUR","DisplayAmount":"12,99 €"}}]}},{"ASIN":"B0BRFZWTQ8","DetailPageURL":"https://www.amazon.es/dp/B0BRFZWTQ8?tag=topinalambricos-21&linkCode=osi&th=1&psc=1","Images":{"Primary":{"Small":{"Height":75,"URL":"https://m.media-amazon.com/images/I/41-vYGBGBiL._SL75_.jpg","Width":58}}},"ItemInfo":{"ByLineInfo":{"Brand":{"DisplayValue":"GRACE KARIN","Label":"Brand","Locale":"es_ES"}},"Title":{"DisplayValue":"Blusa Elegante de Encaje con Manga 3/4 para Mujer Blusa de Color para Primavera y Verano Color Blanco 2XL","Label":"Title","Locale":"es_ES"}},"Offers":{"Summaries":[{"Condition":{"Value":"New"},"LowestPrice":{"Amount":27.99,"Currency":"EUR","DisplayAmount":"27,99 €"}}]}},{"ASIN":"B085R4TJ4J","DetailPageURL":"https://www.amazon.es/dp/B085R4TJ4J?tag=topinalambricos-21&linkCode=osi&th=1&psc=1","Images":{"Primary":{"Small":{"Height":75,"URL":"https://m.media-amazon.com/images/I/41cR4jz1LpS._SL75_.jpg","Width":57}}},"ItemInfo":{"ByLineInfo":{"Brand":{"DisplayValue":"JDY","Label":"Brand","Locale":"es_ES"},"Manufacturer":{"DisplayValue":"JdY","Label":"Manufacturer","Locale":"es_ES"}},"Title":{"DisplayValue":"JDY Jdyblond S/l Top Jrs Noos Blusas, Bailarina De La Nube, XL para Mujer","Label":"Title","Locale":"es_ES"}},"Offers":{"Summaries":[{"Condition":{"Value":"New"},"LowestPrice":{"Amount":9.0,"Currency":"EUR","DisplayAmount":"9,00 €"}}]}},{"ASIN":"B0BNBLDHHP","DetailPageURL":"https://www.amazon.es/dp/B0BNBLDHHP?tag=topinalambricos-21&linkCode=osi&th=1&psc=1","Images":{"Primary":{"Small":{"Height":75,"URL":"https://m.media-amazon.com/images/I/51+17SOyARL._SL75_.jpg","Width":56}}},"ItemInfo":{"ByLineInfo":{"Brand":{"DisplayValue":"GORGLITTER","Label":"Brand","Locale":"es_ES"}},"Title":{"DisplayValue":"GORGLITTER Blusa elegante para mujer, cuello alto, camiseta de manga larga, encaje, túnica con mangas de farol, Blanco, M","Label":"Title","Locale":"es_ES"}},"Offers":{"Summaries":[{"Condition":{"Value":"New"},"LowestPrice":{"Amount":32.19,"Currency":"EUR","DisplayAmount":"32,19 €"}}]}},{"ASIN":"B07G4CYFW3","DetailPageURL":"https://www.amazon.es/dp/B07G4CYFW3?tag=topinalambricos-21&linkCode=osi&th=1&psc=1","Images":{"Primary":{"Small":{"Height":75,"URL":"https://m.media-amazon.com/images/I/51xBN5FTCtL._SL75_.jpg","Width":75}}},"ItemInfo":{"ByLineInfo":{"Brand":{"DisplayValue":"SHOBDW Camisetas de manga larga","Label":"Brand","Locale":"es_ES"}},"Title":{"DisplayValue":"SHOBDW Mujeres Gasa Sólida O Cuello Sexy Encaje Elegante Otoño Tops Casual Blusa Camiseta Camisa de Manga Larga (Blanco,M)","Label":"Title","Locale":"es_ES"}},"Offers":{"Summaries":[{"Condition":{"Value":"New"},"LowestPrice":{"Amount":10.99,"Currency":"EUR","DisplayAmount":"10,99 €"}}]}},{"ASIN":"B0B51T51HB","DetailPageURL":"https://www.amazon.es/dp/B0B51T51HB?tag=topinalambricos-21&linkCode=osi&th=1&psc=1","Images":{"Primary":{"Small":{"Height":75,"URL":"https://m.media-amazon.com/images/I/41Y2dmoUzbL._SL75_.jpg","Width":57}}},"ItemInfo":{"ByLineInfo":{"Brand":{"DisplayValue":"Tuopuda","Label":"Brand","Locale":"es_ES"},"Manufacturer":{"DisplayValue":"GHF-Direct","Label":"Manufacturer","Locale":"es_ES"}},"Title":{"DisplayValue":"Tuopuda Camisetas de Manga Larga para Mujeres Camiseta de Encaje Waffle de Cuello Redondo Casual Sueltas Blusas Tops(Blanco,S)","Label":"Title","Locale":"es_ES"}},"Offers":{"Summaries":[{"Condition":{"Value":"New"},"LowestPrice":{"Amount":19.99,"Currency":"EUR","DisplayAmount":"19,99 €"}}]}},{"ASIN":"B0C4Y4J22J","DetailPageURL":"https://www.amazon.es/dp/B0C4Y4J22J?tag=topinalambricos-21&linkCode=osi&th=1&psc=1","Images":{"Primary":{"Small":{"Height":75,"URL":"https://m.media-amazon.com/images/I/41-8kXZMqAL._SL75_.jpg","Width":56}}},"ItemInfo":{"ByLineInfo":{"Brand":{"DisplayValue":"GORGLITTER","Label":"Brand","Locale":"es_ES"}},"Title":{"DisplayValue":"GORGLITTER Elegante blusa de encaje para mujer, túnica de oficina, blusa de encaje, blusa con volantes, Blanco, XL","Label":"Title","Locale":"es_ES"}},"Offers":{"Summaries":[{"Condition":{"Value":"New"},"LowestPrice":{"Amount":33.28,"Currency":"EUR","DisplayAmount":"33,28 €"}}]}},{"ASIN":"B08RJ9TCN9","DetailPageURL":"https://www.amazon.es/dp/B08RJ9TCN9?tag=topinalambricos-21&linkCode=osi&th=1&psc=1","Images":{"Primary":{"Small":{"Height":75,"URL":"https://m.media-amazon.com/images/I/31N5XuLVTZS._SL75_.jpg","Width":57}}},"ItemInfo":{"ByLineInfo":{"Brand":{"DisplayValue":"SCARLET DARKNESS","Label":"Brand","Locale":"es_ES"}},"Title":{"DisplayValue":"SCARLET DARKNESS Blusa Vintage de Encaje Combinados con Cuello Pico para Mujer S Albaricoque","Label":"Title","Locale":"es_ES"}},"Offers":{"Summaries":[{"Condition":{"Value":"New"},"LowestPrice":{"Amount":29.99,"Currency":"EUR","DisplayAmount":"29,99 €"}}]}},{"ASIN":"B08B1BK4LN","DetailPageURL":"https://www.amazon.es/dp/B08B1BK4LN?tag=topinalambricos-21&linkCode=osi&th=1&psc=1","Images":{"Primary":{"Small":{"Height":75,"URL":"https://m.media-amazon.com/images/I/51WMHsRSCCL._SL75_.jpg","Width":75}}},"ItemInfo":{"ByLineInfo":{"Brand":{"DisplayValue":"Allegra K","Label":"Brand","Locale":"es_ES"},"Manufacturer":{"DisplayValue":"Allegra K","Label":"Manufacturer","Locale":"es_ES"}},"Title":{"DisplayValue":"Allegra K Blusa de Encaje Elegante Floral con Cuello de Volantes de Ganchillo para Mujer Blanco L","Label":"Title","Locale":"es_ES"}},"Offers":{"Summaries":[{"Condition":{"Value":"New"},"LowestPrice":{"Amount":34.99,"Currency":"EUR","DisplayAmount":"34,99 €"}}]}}],"SearchURL":"https://www.amazon.es/s?k=blusa+encaje&rh=n%3A3074055031%2Cp_n_availability%3A-1&tag=topinalambricos-21&linkCode=osi","TotalResultCount":1000}},"65":{"SearchResult":{"Items":[{"ASIN":"B09ZP2FTBG","DetailPageURL":"https://www.amazon.es/dp/B09ZP2FTBG?tag=topinalambricos-21&linkCode=osi&th=1&psc=1","Images":{"Primary":{"Small":{"Height":75,"URL":"https://m.media-amazon.com/images/I/51KEPJ5ifkL._SL75_.jpg","Width":75}}},"ItemInfo":{"ByLineInfo":{"Brand":{"DisplayValue":"Bipily","Label":"Brand","Locale":"es_ES"}},"Title":{"DisplayValue":"Bipily Camiseta para Mujer Blusa de Encaje con Cuello en V de Gasa Manga Larga Elegante y Básica Color Sólido Tops(Blanco,S)","Label":"Title","Locale":"es_ES"}},"Offers":{"Summaries":[{"Condition":{"Value":"New"},"LowestPrice":{"Amount":26.99,"Currency":"EUR","DisplayAmount":"26,99 €"}}]}},{"ASIN":"B09XPWJG16","DetailPageURL":"https://www.amazon.es/dp/B09XPWJG16?tag=topinalambricos-21&linkCode=osi&th=1&psc=1","Images":{"Primary":{"Small":{"Height":75,"URL":"https://m.media-amazon.com/images/I/51a1JfNqP4L._SL75_.jpg","Width":59}}},"ItemInfo":{"ByLineInfo":{"Brand":{"DisplayValue":"PANOZON","Label":"Brand","Locale":"es_ES"}},"Title":{"DisplayValue":"PANOZON Mujer Camiseta de Encaje sin Mangas Top Elástico Cuello V Sexy Camisola Cami Casual (L, A-Negro)","Label":"Title","Locale":"es_ES"}},"Offers":{"Summaries":[{"Condition":{"Value":"New"},"LowestPrice":{"Amount":12.99,"Currency":"EUR","DisplayAmount":"12,99 €"}}]}},{"ASIN":"B0BRFZWTQ8","DetailPageURL":"https://www.amazon.es/dp/B0BRFZWTQ8?tag=topinalambricos-21&linkCode=osi&th=1&psc=1","Images":{"Primary":{"Small":{"Height":75,"URL":"https://m.media-amazon.com/images/I/41-vYGBGBiL._SL75_.jpg","Width":58}}},"ItemInfo":{"ByLineInfo":{"Brand":{"DisplayValue":"GRACE KARIN","Label":"Brand","Locale":"es_ES"}},"Title":{"DisplayValue":"Blusa Elegante de Encaje con Manga 3/4 para Mujer Blusa de Color para Primavera y Verano Color Blanco 2XL","Label":"Title","Locale":"es_ES"}},"Offers":{"Summaries":[{"Condition":{"Value":"New"},"LowestPrice":{"Amount":27.99,"Currency":"EUR","DisplayAmount":"27,99 €"}}]}},{"ASIN":"B085R4TJ4J","DetailPageURL":"https://www.amazon.es/dp/B085R4TJ4J?tag=topinalambricos-21&linkCode=osi&th=1&psc=1","Images":{"Primary":{"Small":{"Height":75,"URL":"https://m.media-amazon.com/images/I/41cR4jz1LpS._SL75_.jpg","Width":57}}},"ItemInfo":{"ByLineInfo":{"Brand":{"DisplayValue":"JDY","Label":"Brand","Locale":"es_ES"},"Manufacturer":{"DisplayValue":"JdY","Label":"Manufacturer","Locale":"es_ES"}},"Title":{"DisplayValue":"JDY Jdyblond S/l Top Jrs Noos Blusas, Bailarina De La Nube, XL para Mujer","Label":"Title","Locale":"es_ES"}},"Offers":{"Summaries":[{"Condition":{"Value":"New"},"LowestPrice":{"Amount":9.0,"Currency":"EUR","DisplayAmount":"9,00 €"}}]}},{"ASIN":"B0BNBLDHHP","DetailPageURL":"https://www.amazon.es/dp/B0BNBLDHHP?tag=topinalambricos-21&linkCode=osi&th=1&psc=1","Images":{"Primary":{"Small":{"Height":75,"URL":"https://m.media-amazon.com/images/I/51+17SOyARL._SL75_.jpg","Width":56}}},"ItemInfo":{"ByLineInfo":{"Brand":{"DisplayValue":"GORGLITTER","Label":"Brand","Locale":"es_ES"}},"Title":{"DisplayValue":"GORGLITTER Blusa elegante para mujer, cuello alto, camiseta de manga larga, encaje, túnica con mangas de farol, Blanco, M","Label":"Title","Locale":"es_ES"}},"Offers":{"Summaries":[{"Condition":{"Value":"New"},"LowestPrice":{"Amount":32.19,"Currency":"EUR","DisplayAmount":"32,19 €"}}]}},{"ASIN":"B07G4CYFW3","DetailPageURL":"https://www.amazon.es/dp/B07G4CYFW3?tag=topinalambricos-21&linkCode=osi&th=1&psc=1","Images":{"Primary":{"Small":{"Height":75,"URL":"https://m.media-amazon.com/images/I/51xBN5FTCtL._SL75_.jpg","Width":75}}},"ItemInfo":{"ByLineInfo":{"Brand":{"DisplayValue":"SHOBDW Camisetas de manga larga","Label":"Brand","Locale":"es_ES"}},"Title":{"DisplayValue":"SHOBDW Mujeres Gasa Sólida O Cuello Sexy Encaje Elegante Otoño Tops Casual Blusa Camiseta Camisa de Manga Larga (Blanco,M)","Label":"Title","Locale":"es_ES"}},"Offers":{"Summaries":[{"Condition":{"Value":"New"},"LowestPrice":{"Amount":10.99,"Currency":"EUR","DisplayAmount":"10,99 €"}}]}},{"ASIN":"B0B51T51HB","DetailPageURL":"https://www.amazon.es/dp/B0B51T51HB?tag=topinalambricos-21&linkCode=osi&th=1&psc=1","Images":{"Primary":{"Small":{"Height":75,"URL":"https://m.media-amazon.com/images/I/41Y2dmoUzbL._SL75_.jpg","Width":57}}},"ItemInfo":{"ByLineInfo":{"Brand":{"DisplayValue":"Tuopuda","Label":"Brand","Locale":"es_ES"},"Manufacturer":{"DisplayValue":"GHF-Direct","Label":"Manufacturer","Locale":"es_ES"}},"Title":{"DisplayValue":"Tuopuda Camisetas de Manga Larga para Mujeres Camiseta de Encaje Waffle de Cuello Redondo Casual Sueltas Blusas Tops(Blanco,S)","Label":"Title","Locale":"es_ES"}},"Offers":{"Summaries":[{"Condition":{"Value":"New"},"LowestPrice":{"Amount":19.99,"Currency":"EUR","DisplayAmount":"19,99 €"}}]}},{"ASIN":"B0C4Y4J22J","DetailPageURL":"https://www.amazon.es/dp/B0C4Y4J22J?tag=topinalambricos-21&linkCode=osi&th=1&psc=1","Images":{"Primary":{"Small":{"Height":75,"URL":"https://m.media-amazon.com/images/I/41-8kXZMqAL._SL75_.jpg","Width":56}}},"ItemInfo":{"ByLineInfo":{"Brand":{"DisplayValue":"GORGLITTER","Label":"Brand","Locale":"es_ES"}},"Title":{"DisplayValue":"GORGLITTER Elegante blusa de encaje para mujer, túnica de oficina, blusa de encaje, blusa con volantes, Blanco, XL","Label":"Title","Locale":"es_ES"}},"Offers":{"Summaries":[{"Condition":{"Value":"New"},"LowestPrice":{"Amount":33.28,"Currency":"EUR","DisplayAmount":"33,28 €"}}]}},{"ASIN":"B08RJ9TCN9","DetailPageURL":"https://www.amazon.es/dp/B08RJ9TCN9?tag=topinalambricos-21&linkCode=osi&th=1&psc=1","Images":{"Primary":{"Small":{"Height":75,"URL":"https://m.media-amazon.com/images/I/31N5XuLVTZS._SL75_.jpg","Width":57}}},"ItemInfo":{"ByLineInfo":{"Brand":{"DisplayValue":"SCARLET DARKNESS","Label":"Brand","Locale":"es_ES"}},"Title":{"DisplayValue":"SCARLET DARKNESS Blusa Vintage de Encaje Combinados con Cuello Pico para Mujer S Albaricoque","Label":"Title","Locale":"es_ES"}},"Offers":{"Summaries":[{"Condition":{"Value":"New"},"LowestPrice":{"Amount":29.99,"Currency":"EUR","DisplayAmount":"29,99 €"}}]}},{"ASIN":"B08B1BK4LN","DetailPageURL":"https://www.amazon.es/dp/B08B1BK4LN?tag=topinalambricos-21&linkCode=osi&th=1&psc=1","Images":{"Primary":{"Small":{"Height":75,"URL":"https://m.media-amazon.com/images/I/51WMHsRSCCL._SL75_.jpg","Width":75}}},"ItemInfo":{"ByLineInfo":{"Brand":{"DisplayValue":"Allegra K","Label":"Brand","Locale":"es_ES"},"Manufacturer":{"DisplayValue":"Allegra K","Label":"Manufacturer","Locale":"es_ES"}},"Title":{"DisplayValue":"Allegra K Blusa de Encaje Elegante Floral con Cuello de Volantes de Ganchillo para Mujer Blanco L","Label":"Title","Locale":"es_ES"}},"Offers":{"Summaries":[{"Condition":{"Value":"New"},"LowestPrice":{"Amount":34.99,"Currency":"EUR","DisplayAmount":"34,99 €"}}]}}],"SearchURL":"https://www.amazon.es/s?k=blusa+encaje&rh=n%3A3074055031%2Cp_n_availability%3A-1&tag=topinalambricos-21&linkCode=osi","TotalResultCount":1000}},"66":{"SearchResult":{"Items":[{"ASIN":"B09ZP2FTBG","DetailPageURL":"https://www.amazon.es/dp/B09ZP2FTBG?tag=topinalambricos-21&linkCode=osi&th=1&psc=1","Images":{"Primary":{"Small":{"Height":75,"URL":"https://m.media-amazon.com/images/I/51KEPJ5ifkL._SL75_.jpg","Width":75}}},"ItemInfo":{"ByLineInfo":{"Brand":{"DisplayValue":"Bipily","Label":"Brand","Locale":"es_ES"}},"Title":{"DisplayValue":"Bipily Camiseta para Mujer Blusa de Encaje con Cuello en V de Gasa Manga Larga Elegante y Básica Color Sólido Tops(Blanco,S)","Label":"Title","Locale":"es_ES"}},"Offers":{"Summaries":[{"Condition":{"Value":"New"},"LowestPrice":{"Amount":26.99,"Currency":"EUR","DisplayAmount":"26,99 €"}}]}},{"ASIN":"B09XPWJG16","DetailPageURL":"https://www.amazon.es/dp/B09XPWJG16?tag=topinalambricos-21&linkCode=osi&th=1&psc=1","Images":{"Primary":{"Small":{"Height":75,"URL":"https://m.media-amazon.com/images/I/51a1JfNqP4L._SL75_.jpg","Width":59}}},"ItemInfo":{"ByLineInfo":{"Brand":{"DisplayValue":"PANOZON","Label":"Brand","Locale":"es_ES"}},"Title":{"DisplayValue":"PANOZON Mujer Camiseta de Encaje sin Mangas Top Elástico Cuello V Sexy Camisola Cami Casual (L, A-Negro)","Label":"Title","Locale":"es_ES"}},"Offers":{"Summaries":[{"Condition":{"Value":"New"},"LowestPrice":{"Amount":12.99,"Currency":"EUR","DisplayAmount":"12,99 €"}}]}},{"ASIN":"B0BRFZWTQ8","DetailPageURL":"https://www.amazon.es/dp/B0BRFZWTQ8?tag=topinalambricos-21&linkCode=osi&th=1&psc=1","Images":{"Primary":{"Small":{"Height":75,"URL":"https://m.media-amazon.com/images/I/41-vYGBGBiL._SL75_.jpg","Width":58}}},"ItemInfo":{"ByLineInfo":{"Brand":{"DisplayValue":"GRACE KARIN","Label":"Brand","Locale":"es_ES"}},"Title":{"DisplayValue":"Blusa Elegante de Encaje con Manga 3/4 para Mujer Blusa de Color para Primavera y Verano Color Blanco 2XL","Label":"Title","Locale":"es_ES"}},"Offers":{"Summaries":[{"Condition":{"Value":"New"},"LowestPrice":{"Amount":27.99,"Currency":"EUR","DisplayAmount":"27,99 €"}}]}},{"ASIN":"B085R4TJ4J","DetailPageURL":"https://www.amazon.es/dp/B085R4TJ4J?tag=topinalambricos-21&linkCode=osi&th=1&psc=1","Images":{"Primary":{"Small":{"Height":75,"URL":"https://m.media-amazon.com/images/I/41cR4jz1LpS._SL75_.jpg","Width":57}}},"ItemInfo":{"ByLineInfo":{"Brand":{"DisplayValue":"JDY","Label":"Brand","Locale":"es_ES"},"Manufacturer":{"DisplayValue":"JdY","Label":"Manufacturer","Locale":"es_ES"}},"Title":{"DisplayValue":"JDY Jdyblond S/l Top Jrs Noos Blusas, Bailarina De La Nube, XL para Mujer","Label":"Title","Locale":"es_ES"}},"Offers":{"Summaries":[{"Condition":{"Value":"New"},"LowestPrice":{"Amount":9.0,"Currency":"EUR","DisplayAmount":"9,00 €"}}]}},{"ASIN":"B0BNBLDHHP","DetailPageURL":"https://www.amazon.es/dp/B0BNBLDHHP?tag=topinalambricos-21&linkCode=osi&th=1&psc=1","Images":{"Primary":{"Small":{"Height":75,"URL":"https://m.media-amazon.com/images/I/51+17SOyARL._SL75_.jpg","Width":56}}},"ItemInfo":{"ByLineInfo":{"Brand":{"DisplayValue":"GORGLITTER","Label":"Brand","Locale":"es_ES"}},"Title":{"DisplayValue":"GORGLITTER Blusa elegante para mujer, cuello alto, camiseta de manga larga, encaje, túnica con mangas de farol, Blanco, M","Label":"Title","Locale":"es_ES"}},"Offers":{"Summaries":[{"Condition":{"Value":"New"},"LowestPrice":{"Amount":32.19,"Currency":"EUR","DisplayAmount":"32,19 €"}}]}},{"ASIN":"B07G4CYFW3","DetailPageURL":"https://www.amazon.es/dp/B07G4CYFW3?tag=topinalambricos-21&linkCode=osi&th=1&psc=1","Images":{"Primary":{"Small":{"Height":75,"URL":"https://m.media-amazon.com/images/I/51xBN5FTCtL._SL75_.jpg","Width":75}}},"ItemInfo":{"ByLineInfo":{"Brand":{"DisplayValue":"SHOBDW Camisetas de manga larga","Label":"Brand","Locale":"es_ES"}},"Title":{"DisplayValue":"SHOBDW Mujeres Gasa Sólida O Cuello Sexy Encaje Elegante Otoño Tops Casual Blusa Camiseta Camisa de Manga Larga (Blanco,M)","Label":"Title","Locale":"es_ES"}},"Offers":{"Summaries":[{"Condition":{"Value":"New"},"LowestPrice":{"Amount":10.99,"Currency":"EUR","DisplayAmount":"10,99 €"}}]}},{"ASIN":"B0B51T51HB","DetailPageURL":"https://www.amazon.es/dp/B0B51T51HB?tag=topinalambricos-21&linkCode=osi&th=1&psc=1","Images":{"Primary":{"Small":{"Height":75,"URL":"https://m.media-amazon.com/images/I/41Y2dmoUzbL._SL75_.jpg","Width":57}}},"ItemInfo":{"ByLineInfo":{"Brand":{"DisplayValue":"Tuopuda","Label":"Brand","Locale":"es_ES"},"Manufacturer":{"DisplayValue":"GHF-Direct","Label":"Manufacturer","Locale":"es_ES"}},"Title":{"DisplayValue":"Tuopuda Camisetas de Manga Larga para Mujeres Camiseta de Encaje Waffle de Cuello Redondo Casual Sueltas Blusas Tops(Blanco,S)","Label":"Title","Locale":"es_ES"}},"Offers":{"Summaries":[{"Condition":{"Value":"New"},"LowestPrice":{"Amount":19.99,"Currency":"EUR","DisplayAmount":"19,99 €"}}]}},{"ASIN":"B0C4Y4J22J","DetailPageURL":"https://www.amazon.es/dp/B0C4Y4J22J?tag=topinalambricos-21&linkCode=osi&th=1&psc=1","Images":{"Primary":{"Small":{"Height":75,"URL":"https://m.media-amazon.com/images/I/41-8kXZMqAL._SL75_.jpg","Width":56}}},"ItemInfo":{"ByLineInfo":{"Brand":{"DisplayValue":"GORGLITTER","Label":"Brand","Locale":"es_ES"}},"Title":{"DisplayValue":"GORGLITTER Elegante blusa de encaje para mujer, túnica de oficina, blusa de encaje, blusa con volantes, Blanco, XL","Label":"Title","Locale":"es_ES"}},"Offers":{"Summaries":[{"Condition":{"Value":"New"},"LowestPrice":{"Amount":33.28,"Currency":"EUR","DisplayAmount":"33,28 €"}}]}},{"ASIN":"B08RJ9TCN9","DetailPageURL":"https://www.amazon.es/dp/B08RJ9TCN9?tag=topinalambricos-21&linkCode=osi&th=1&psc=1","Images":{"Primary":{"Small":{"Height":75,"URL":"https://m.media-amazon.com/images/I/31N5XuLVTZS._SL75_.jpg","Width":57}}},"ItemInfo":{"ByLineInfo":{"Brand":{"DisplayValue":"SCARLET DARKNESS","Label":"Brand","Locale":"es_ES"}},"Title":{"DisplayValue":"SCARLET DARKNESS Blusa Vintage de Encaje Combinados con Cuello Pico para Mujer S Albaricoque","Label":"Title","Locale":"es_ES"}},"Offers":{"Summaries":[{"Condition":{"Value":"New"},"LowestPrice":{"Amount":29.99,"Currency":"EUR","DisplayAmount":"29,99 €"}}]}},{"ASIN":"B08B1BK4LN","DetailPageURL":"https://www.amazon.es/dp/B08B1BK4LN?tag=topinalambricos-21&linkCode=osi&th=1&psc=1","Images":{"Primary":{"Small":{"Height":75,"URL":"https://m.media-amazon.com/images/I/51WMHsRSCCL._SL75_.jpg","Width":75}}},"ItemInfo":{"ByLineInfo":{"Brand":{"DisplayValue":"Allegra K","Label":"Brand","Locale":"es_ES"},"Manufacturer":{"DisplayValue":"Allegra K","Label":"Manufacturer","Locale":"es_ES"}},"Title":{"DisplayValue":"Allegra K Blusa de Encaje Elegante Floral con Cuello de Volantes de Ganchillo para Mujer Blanco L","Label":"Title","Locale":"es_ES"}},"Offers":{"Summaries":[{"Condition":{"Value":"New"},"LowestPrice":{"Amount":34.99,"Currency":"EUR","DisplayAmount":"34,99 €"}}]}}],"SearchURL":"https://www.amazon.es/s?k=blusa+encaje&rh=n%3A3074055031%2Cp_n_availability%3A-1&tag=topinalambricos-21&linkCode=osi","TotalResultCount":1000}},"67":{"SearchResult":{"Items":[{"ASIN":"B09ZP2FTBG","DetailPageURL":"https://www.amazon.es/dp/B09ZP2FTBG?tag=topinalambricos-21&linkCode=osi&th=1&psc=1","Images":{"Primary":{"Small":{"Height":75,"URL":"https://m.media-amazon.com/images/I/51KEPJ5ifkL._SL75_.jpg","Width":75}}},"ItemInfo":{"ByLineInfo":{"Brand":{"DisplayValue":"Bipily","Label":"Brand","Locale":"es_ES"}},"Title":{"DisplayValue":"Bipily Camiseta para Mujer Blusa de Encaje con Cuello en V de Gasa Manga Larga Elegante y Básica Color Sólido Tops(Blanco,S)","Label":"Title","Locale":"es_ES"}},"Offers":{"Summaries":[{"Condition":{"Value":"New"},"LowestPrice":{"Amount":26.99,"Currency":"EUR","DisplayAmount":"26,99 €"}}]}},{"ASIN":"B09XPWJG16","DetailPageURL":"https://www.amazon.es/dp/B09XPWJG16?tag=topinalambricos-21&linkCode=osi&th=1&psc=1","Images":{"Primary":{"Small":{"Height":75,"URL":"https://m.media-amazon.com/images/I/51a1JfNqP4L._SL75_.jpg","Width":59}}},"ItemInfo":{"ByLineInfo":{"Brand":{"DisplayValue":"PANOZON","Label":"Brand","Locale":"es_ES"}},"Title":{"DisplayValue":"PANOZON Mujer Camiseta de Encaje sin Mangas Top Elástico Cuello V Sexy Camisola Cami Casual (L, A-Negro)","Label":"Title","Locale":"es_ES"}},"Offers":{"Summaries":[{"Condition":{"Value":"New"},"LowestPrice":{"Amount":12.99,"Currency":"EUR","DisplayAmount":"12,99 €"}}]}},{"ASIN":"B0BRFZWTQ8","DetailPageURL":"https://www.amazon.es/dp/B0BRFZWTQ8?tag=topinalambricos-21&linkCode=osi&th=1&psc=1","Images":{"Primary":{"Small":{"Height":75,"URL":"https://m.media-amazon.com/images/I/41-vYGBGBiL._SL75_.jpg","Width":58}}},"ItemInfo":{"ByLineInfo":{"Brand":{"DisplayValue":"GRACE KARIN","Label":"Brand","Locale":"es_ES"}},"Title":{"DisplayValue":"Blusa Elegante de Encaje con Manga 3/4 para Mujer Blusa de Color para Primavera y Verano Color Blanco 2XL","Label":"Title","Locale":"es_ES"}},"Offers":{"Summaries":[{"Condition":{"Value":"New"},"LowestPrice":{"Amount":27.99,"Currency":"EUR","DisplayAmount":"27,99 €"}}]}},{"ASIN":"B085R4TJ4J","DetailPageURL":"https://www.amazon.es/dp/B085R4TJ4J?tag=topinalambricos-21&linkCode=osi&th=1&psc=1","Images":{"Primary":{"Small":{"Height":75,"URL":"https://m.media-amazon.com/images/I/41cR4jz1LpS._SL75_.jpg","Width":57}}},"ItemInfo":{"ByLineInfo":{"Brand":{"DisplayValue":"JDY","Label":"Brand","Locale":"es_ES"},"Manufacturer":{"DisplayValue":"JdY","Label":"Manufacturer","Locale":"es_ES"}},"Title":{"DisplayValue":"JDY Jdyblond S/l Top Jrs Noos Blusas, Bailarina De La Nube, XL para Mujer","Label":"Title","Locale":"es_ES"}},"Offers":{"Summaries":[{"Condition":{"Value":"New"},"LowestPrice":{"Amount":9.0,"Currency":"EUR","DisplayAmount":"9,00 €"}}]}},{"ASIN":"B0BNBLDHHP","DetailPageURL":"https://www.amazon.es/dp/B0BNBLDHHP?tag=topinalambricos-21&linkCode=osi&th=1&psc=1","Images":{"Primary":{"Small":{"Height":75,"URL":"https://m.media-amazon.com/images/I/51+17SOyARL._SL75_.jpg","Width":56}}},"ItemInfo":{"ByLineInfo":{"Brand":{"DisplayValue":"GORGLITTER","Label":"Brand","Locale":"es_ES"}},"Title":{"DisplayValue":"GORGLITTER Blusa elegante para mujer, cuello alto, camiseta de manga larga, encaje, túnica con mangas de farol, Blanco, M","Label":"Title","Locale":"es_ES"}},"Offers":{"Summaries":[{"Condition":{"Value":"New"},"LowestPrice":{"Amount":32.19,"Currency":"EUR","DisplayAmount":"32,19 €"}}]}},{"ASIN":"B07G4CYFW3","DetailPageURL":"https://www.amazon.es/dp/B07G4CYFW3?tag=topinalambricos-21&linkCode=osi&th=1&psc=1","Images":{"Primary":{"Small":{"Height":75,"URL":"https://m.media-amazon.com/images/I/51xBN5FTCtL._SL75_.jpg","Width":75}}},"ItemInfo":{"ByLineInfo":{"Brand":{"DisplayValue":"SHOBDW Camisetas de manga larga","Label":"Brand","Locale":"es_ES"}},"Title":{"DisplayValue":"SHOBDW Mujeres Gasa Sólida O Cuello Sexy Encaje Elegante Otoño Tops Casual Blusa Camiseta Camisa de Manga Larga (Blanco,M)","Label":"Title","Locale":"es_ES"}},"Offers":{"Summaries":[{"Condition":{"Value":"New"},"LowestPrice":{"Amount":10.99,"Currency":"EUR","DisplayAmount":"10,99 €"}}]}},{"ASIN":"B0B51T51HB","DetailPageURL":"https://www.amazon.es/dp/B0B51T51HB?tag=topinalambricos-21&linkCode=osi&th=1&psc=1","Images":{"Primary":{"Small":{"Height":75,"URL":"https://m.media-amazon.com/images/I/41Y2dmoUzbL._SL75_.jpg","Width":57}}},"ItemInfo":{"ByLineInfo":{"Brand":{"DisplayValue":"Tuopuda","Label":"Brand","Locale":"es_ES"},"Manufacturer":{"DisplayValue":"GHF-Direct","Label":"Manufacturer","Locale":"es_ES"}},"Title":{"DisplayValue":"Tuopuda Camisetas de Manga Larga para Mujeres Camiseta de Encaje Waffle de Cuello Redondo Casual Sueltas Blusas Tops(Blanco,S)","Label":"Title","Locale":"es_ES"}},"Offers":{"Summaries":[{"Condition":{"Value":"New"},"LowestPrice":{"Amount":19.99,"Currency":"EUR","DisplayAmount":"19,99 €"}}]}},{"ASIN":"B0C4Y4J22J","DetailPageURL":"https://www.amazon.es/dp/B0C4Y4J22J?tag=topinalambricos-21&linkCode=osi&th=1&psc=1","Images":{"Primary":{"Small":{"Height":75,"URL":"https://m.media-amazon.com/images/I/41-8kXZMqAL._SL75_.jpg","Width":56}}},"ItemInfo":{"ByLineInfo":{"Brand":{"DisplayValue":"GORGLITTER","Label":"Brand","Locale":"es_ES"}},"Title":{"DisplayValue":"GORGLITTER Elegante blusa de encaje para mujer, túnica de oficina, blusa de encaje, blusa con volantes, Blanco, XL","Label":"Title","Locale":"es_ES"}},"Offers":{"Summaries":[{"Condition":{"Value":"New"},"LowestPrice":{"Amount":33.28,"Currency":"EUR","DisplayAmount":"33,28 €"}}]}},{"ASIN":"B08RJ9TCN9","DetailPageURL":"https://www.amazon.es/dp/B08RJ9TCN9?tag=topinalambricos-21&linkCode=osi&th=1&psc=1","Images":{"Primary":{"Small":{"Height":75,"URL":"https://m.media-amazon.com/images/I/31N5XuLVTZS._SL75_.jpg","Width":57}}},"ItemInfo":{"ByLineInfo":{"Brand":{"DisplayValue":"SCARLET DARKNESS","Label":"Brand","Locale":"es_ES"}},"Title":{"DisplayValue":"SCARLET DARKNESS Blusa Vintage de Encaje Combinados con Cuello Pico para Mujer S Albaricoque","Label":"Title","Locale":"es_ES"}},"Offers":{"Summaries":[{"Condition":{"Value":"New"},"LowestPrice":{"Amount":29.99,"Currency":"EUR","DisplayAmount":"29,99 €"}}]}},{"ASIN":"B08B1BK4LN","DetailPageURL":"https://www.amazon.es/dp/B08B1BK4LN?tag=topinalambricos-21&linkCode=osi&th=1&psc=1","Images":{"Primary":{"Small":{"Height":75,"URL":"https://m.media-amazon.com/images/I/51WMHsRSCCL._SL75_.jpg","Width":75}}},"ItemInfo":{"ByLineInfo":{"Brand":{"DisplayValue":"Allegra K","Label":"Brand","Locale":"es_ES"},"Manufacturer":{"DisplayValue":"Allegra K","Label":"Manufacturer","Locale":"es_ES"}},"Title":{"DisplayValue":"Allegra K Blusa de Encaje Elegante Floral con Cuello de Volantes de Ganchillo para Mujer Blanco L","Label":"Title","Locale":"es_ES"}},"Offers":{"Summaries":[{"Condition":{"Value":"New"},"LowestPrice":{"Amount":34.99,"Currency":"EUR","DisplayAmount":"34,99 €"}}]}}],"SearchURL":"https://www.amazon.es/s?k=blusa+encaje&rh=n%3A3074055031%2Cp_n_availability%3A-1&tag=topinalambricos-21&linkCode=osi","TotalResultCount":1000}},"68":{"SearchResult":{"Items":[{"ASIN":"B09ZP2FTBG","DetailPageURL":"https://www.amazon.es/dp/B09ZP2FTBG?tag=topinalambricos-21&linkCode=osi&th=1&psc=1","Images":{"Primary":{"Small":{"Height":75,"URL":"https://m.media-amazon.com/images/I/51KEPJ5ifkL._SL75_.jpg","Width":75}}},"ItemInfo":{"ByLineInfo":{"Brand":{"DisplayValue":"Bipily","Label":"Brand","Locale":"es_ES"}},"Title":{"DisplayValue":"Bipily Camiseta para Mujer Blusa de Encaje con Cuello en V de Gasa Manga Larga Elegante y Básica Color Sólido Tops(Blanco,S)","Label":"Title","Locale":"es_ES"}},"Offers":{"Summaries":[{"Condition":{"Value":"New"},"LowestPrice":{"Amount":26.99,"Currency":"EUR","DisplayAmount":"26,99 €"}}]}},{"ASIN":"B09XPWJG16","DetailPageURL":"https://www.amazon.es/dp/B09XPWJG16?tag=topinalambricos-21&linkCode=osi&th=1&psc=1","Images":{"Primary":{"Small":{"Height":75,"URL":"https://m.media-amazon.com/images/I/51a1JfNqP4L._SL75_.jpg","Width":59}}},"ItemInfo":{"ByLineInfo":{"Brand":{"DisplayValue":"PANOZON","Label":"Brand","Locale":"es_ES"}},"Title":{"DisplayValue":"PANOZON Mujer Camiseta de Encaje sin Mangas Top Elástico Cuello V Sexy Camisola Cami Casual (L, A-Negro)","Label":"Title","Locale":"es_ES"}},"Offers":{"Summaries":[{"Condition":{"Value":"New"},"LowestPrice":{"Amount":12.99,"Currency":"EUR","DisplayAmount":"12,99 €"}}]}},{"ASIN":"B0BRFZWTQ8","DetailPageURL":"https://www.amazon.es/dp/B0BRFZWTQ8?tag=topinalambricos-21&linkCode=osi&th=1&psc=1","Images":{"Primary":{"Small":{"Height":75,"URL":"https://m.media-amazon.com/images/I/41-vYGBGBiL._SL75_.jpg","Width":58}}},"ItemInfo":{"ByLineInfo":{"Brand":{"DisplayValue":"GRACE KARIN","Label":"Brand","Locale":"es_ES"}},"Title":{"DisplayValue":"Blusa Elegante de Encaje con Manga 3/4 para Mujer Blusa de Color para Primavera y Verano Color Blanco 2XL","Label":"Title","Locale":"es_ES"}},"Offers":{"Summaries":[{"Condition":{"Value":"New"},"LowestPrice":{"Amount":27.99,"Currency":"EUR","DisplayAmount":"27,99 €"}}]}},{"ASIN":"B085R4TJ4J","DetailPageURL":"https://www.amazon.es/dp/B085R4TJ4J?tag=topinalambricos-21&linkCode=osi&th=1&psc=1","Images":{"Primary":{"Small":{"Height":75,"URL":"https://m.media-amazon.com/images/I/41cR4jz1LpS._SL75_.jpg","Width":57}}},"ItemInfo":{"ByLineInfo":{"Brand":{"DisplayValue":"JDY","Label":"Brand","Locale":"es_ES"},"Manufacturer":{"DisplayValue":"JdY","Label":"Manufacturer","Locale":"es_ES"}},"Title":{"DisplayValue":"JDY Jdyblond S/l Top Jrs Noos Blusas, Bailarina De La Nube, XL para Mujer","Label":"Title","Locale":"es_ES"}},"Offers":{"Summaries":[{"Condition":{"Value":"New"},"LowestPrice":{"Amount":9.0,"Currency":"EUR","DisplayAmount":"9,00 €"}}]}},{"ASIN":"B0BNBLDHHP","DetailPageURL":"https://www.amazon.es/dp/B0BNBLDHHP?tag=topinalambricos-21&linkCode=osi&th=1&psc=1","Images":{"Primary":{"Small":{"Height":75,"URL":"https://m.media-amazon.com/images/I/51+17SOyARL._SL75_.jpg","Width":56}}},"ItemInfo":{"ByLineInfo":{"Brand":{"DisplayValue":"GORGLITTER","Label":"Brand","Locale":"es_ES"}},"Title":{"DisplayValue":"GORGLITTER Blusa elegante para mujer, cuello alto, camiseta de manga larga, encaje, túnica con mangas de farol, Blanco, M","Label":"Title","Locale":"es_ES"}},"Offers":{"Summaries":[{"Condition":{"Value":"New"},"LowestPrice":{"Amount":32.19,"Currency":"EUR","DisplayAmount":"32,19 €"}}]}},{"ASIN":"B07G4CYFW3","DetailPageURL":"https://www.amazon.es/dp/B07G4CYFW3?tag=topinalambricos-21&linkCode=osi&th=1&psc=1","Images":{"Primary":{"Small":{"Height":75,"URL":"https://m.media-amazon.com/images/I/51xBN5FTCtL._SL75_.jpg","Width":75}}},"ItemInfo":{"ByLineInfo":{"Brand":{"DisplayValue":"SHOBDW Camisetas de manga larga","Label":"Brand","Locale":"es_ES"}},"Title":{"DisplayValue":"SHOBDW Mujeres Gasa Sólida O Cuello Sexy Encaje Elegante Otoño Tops Casual Blusa Camiseta Camisa de Manga Larga (Blanco,M)","Label":"Title","Locale":"es_ES"}},"Offers":{"Summaries":[{"Condition":{"Value":"New"},"LowestPrice":{"Amount":10.99,"Currency":"EUR","DisplayAmount":"10,99 €"}}]}},{"ASIN":"B0B51T51HB","DetailPageURL":"https://www.amazon.es/dp/B0B51T51HB?tag=topinalambricos-21&linkCode=osi&th=1&psc=1","Images":{"Primary":{"Small":{"Height":75,"URL":"https://m.media-amazon.com/images/I/41Y2dmoUzbL._SL75_.jpg","Width":57}}},"ItemInfo":{"ByLineInfo":{"Brand":{"DisplayValue":"Tuopuda","Label":"Brand","Locale":"es_ES"},"Manufacturer":{"DisplayValue":"GHF-Direct","Label":"Manufacturer","Locale":"es_ES"}},"Title":{"DisplayValue":"Tuopuda Camisetas de Manga Larga para Mujeres Camiseta de Encaje Waffle de Cuello Redondo Casual Sueltas Blusas Tops(Blanco,S)","Label":"Title","Locale":"es_ES"}},"Offers":{"Summaries":[{"Condition":{"Value":"New"},"LowestPrice":{"Amount":19.99,"Currency":"EUR","DisplayAmount":"19,99 €"}}]}},{"ASIN":"B0C4Y4J22J","DetailPageURL":"https://www.amazon.es/dp/B0C4Y4J22J?tag=topinalambricos-21&linkCode=osi&th=1&psc=1","Images":{"Primary":{"Small":{"Height":75,"URL":"https://m.media-amazon.com/images/I/41-8kXZMqAL._SL75_.jpg","Width":56}}},"ItemInfo":{"ByLineInfo":{"Brand":{"DisplayValue":"GORGLITTER","Label":"Brand","Locale":"es_ES"}},"Title":{"DisplayValue":"GORGLITTER Elegante blusa de encaje para mujer, túnica de oficina, blusa de encaje, blusa con volantes, Blanco, XL","Label":"Title","Locale":"es_ES"}},"Offers":{"Summaries":[{"Condition":{"Value":"New"},"LowestPrice":{"Amount":33.28,"Currency":"EUR","DisplayAmount":"33,28 €"}}]}},{"ASIN":"B08RJ9TCN9","DetailPageURL":"https://www.amazon.es/dp/B08RJ9TCN9?tag=topinalambricos-21&linkCode=osi&th=1&psc=1","Images":{"Primary":{"Small":{"Height":75,"URL":"https://m.media-amazon.com/images/I/31N5XuLVTZS._SL75_.jpg","Width":57}}},"ItemInfo":{"ByLineInfo":{"Brand":{"DisplayValue":"SCARLET DARKNESS","Label":"Brand","Locale":"es_ES"}},"Title":{"DisplayValue":"SCARLET DARKNESS Blusa Vintage de Encaje Combinados con Cuello Pico para Mujer S Albaricoque","Label":"Title","Locale":"es_ES"}},"Offers":{"Summaries":[{"Condition":{"Value":"New"},"LowestPrice":{"Amount":29.99,"Currency":"EUR","DisplayAmount":"29,99 €"}}]}},{"ASIN":"B08B1BK4LN","DetailPageURL":"https://www.amazon.es/dp/B08B1BK4LN?tag=topinalambricos-21&linkCode=osi&th=1&psc=1","Images":{"Primary":{"Small":{"Height":75,"URL":"https://m.media-amazon.com/images/I/51WMHsRSCCL._SL75_.jpg","Width":75}}},"ItemInfo":{"ByLineInfo":{"Brand":{"DisplayValue":"Allegra K","Label":"Brand","Locale":"es_ES"},"Manufacturer":{"DisplayValue":"Allegra K","Label":"Manufacturer","Locale":"es_ES"}},"Title":{"DisplayValue":"Allegra K Blusa de Encaje Elegante Floral con Cuello de Volantes de Ganchillo para Mujer Blanco L","Label":"Title","Locale":"es_ES"}},"Offers":{"Summaries":[{"Condition":{"Value":"New"},"LowestPrice":{"Amount":34.99,"Currency":"EUR","DisplayAmount":"34,99 €"}}]}}],"SearchURL":"https://www.amazon.es/s?k=blusa+encaje&rh=n%3A3074055031%2Cp_n_availability%3A-1&tag=topinalambricos-21&linkCode=osi","TotalResultCount":1000}},"69":{"SearchResult":{"Items":[{"ASIN":"B09ZP2FTBG","DetailPageURL":"https://www.amazon.es/dp/B09ZP2FTBG?tag=topinalambricos-21&linkCode=osi&th=1&psc=1","Images":{"Primary":{"Small":{"Height":75,"URL":"https://m.media-amazon.com/images/I/51KEPJ5ifkL._SL75_.jpg","Width":75}}},"ItemInfo":{"ByLineInfo":{"Brand":{"DisplayValue":"Bipily","Label":"Brand","Locale":"es_ES"}},"Title":{"DisplayValue":"Bipily Camiseta para Mujer Blusa de Encaje con Cuello en V de Gasa Manga Larga Elegante y Básica Color Sólido Tops(Blanco,S)","Label":"Title","Locale":"es_ES"}},"Offers":{"Summaries":[{"Condition":{"Value":"New"},"LowestPrice":{"Amount":26.99,"Currency":"EUR","DisplayAmount":"26,99 €"}}]}},{"ASIN":"B09XPWJG16","DetailPageURL":"https://www.amazon.es/dp/B09XPWJG16?tag=topinalambricos-21&linkCode=osi&th=1&psc=1","Images":{"Primary":{"Small":{"Height":75,"URL":"https://m.media-amazon.com/images/I/51a1JfNqP4L._SL75_.jpg","Width":59}}},"ItemInfo":{"ByLineInfo":{"Brand":{"DisplayValue":"PANOZON","Label":"Brand","Locale":"es_ES"}},"Title":{"DisplayValue":"PANOZON Mujer Camiseta de Encaje sin Mangas Top Elástico Cuello V Sexy Camisola Cami Casual (L, A-Negro)","Label":"Title","Locale":"es_ES"}},"Offers":{"Summaries":[{"Condition":{"Value":"New"},"LowestPrice":{"Amount":12.99,"Currency":"EUR","DisplayAmount":"12,99 €"}}]}},{"ASIN":"B0BRFZWTQ8","DetailPageURL":"https://www.amazon.es/dp/B0BRFZWTQ8?tag=topinalambricos-21&linkCode=osi&th=1&psc=1","Images":{"Primary":{"Small":{"Height":75,"URL":"https://m.media-amazon.com/images/I/41-vYGBGBiL._SL75_.jpg","Width":58}}},"ItemInfo":{"ByLineInfo":{"Brand":{"DisplayValue":"GRACE KARIN","Label":"Brand","Locale":"es_ES"}},"Title":{"DisplayValue":"Blusa Elegante de Encaje con Manga 3/4 para Mujer Blusa de Color para Primavera y Verano Color Blanco 2XL","Label":"Title","Locale":"es_ES"}},"Offers":{"Summaries":[{"Condition":{"Value":"New"},"LowestPrice":{"Amount":27.99,"Currency":"EUR","DisplayAmount":"27,99 €"}}]}},{"ASIN":"B085R4TJ4J","DetailPageURL":"https://www.amazon.es/dp/B085R4TJ4J?tag=topinalambricos-21&linkCode=osi&th=1&psc=1","Images":{"Primary":{"Small":{"Height":75,"URL":"https://m.media-amazon.com/images/I/41cR4jz1LpS._SL75_.jpg","Width":57}}},"ItemInfo":{"ByLineInfo":{"Brand":{"DisplayValue":"JDY","Label":"Brand","Locale":"es_ES"},"Manufacturer":{"DisplayValue":"JdY","Label":"Manufacturer","Locale":"es_ES"}},"Title":{"DisplayValue":"JDY Jdyblond S/l Top Jrs Noos Blusas, Bailarina De La Nube, XL para Mujer","Label":"Title","Locale":"es_ES"}},"Offers":{"Summaries":[{"Condition":{"Value":"New"},"LowestPrice":{"Amount":9.0,"Currency":"EUR","DisplayAmount":"9,00 €"}}]}},{"ASIN":"B0BNBLDHHP","DetailPageURL":"https://www.amazon.es/dp/B0BNBLDHHP?tag=topinalambricos-21&linkCode=osi&th=1&psc=1","Images":{"Primary":{"Small":{"Height":75,"URL":"https://m.media-amazon.com/images/I/51+17SOyARL._SL75_.jpg","Width":56}}},"ItemInfo":{"ByLineInfo":{"Brand":{"DisplayValue":"GORGLITTER","Label":"Brand","Locale":"es_ES"}},"Title":{"DisplayValue":"GORGLITTER Blusa elegante para mujer, cuello alto, camiseta de manga larga, encaje, túnica con mangas de farol, Blanco, M","Label":"Title","Locale":"es_ES"}},"Offers":{"Summaries":[{"Condition":{"Value":"New"},"LowestPrice":{"Amount":32.19,"Currency":"EUR","DisplayAmount":"32,19 €"}}]}},{"ASIN":"B07G4CYFW3","DetailPageURL":"https://www.amazon.es/dp/B07G4CYFW3?tag=topinalambricos-21&linkCode=osi&th=1&psc=1","Images":{"Primary":{"Small":{"Height":75,"URL":"https://m.media-amazon.com/images/I/51xBN5FTCtL._SL75_.jpg","Width":75}}},"ItemInfo":{"ByLineInfo":{"Brand":{"DisplayValue":"SHOBDW Camisetas de manga larga","Label":"Brand","Locale":"es_ES"}},"Title":{"DisplayValue":"SHOBDW Mujeres Gasa Sólida O Cuello Sexy Encaje Elegante Otoño Tops Casual Blusa Camiseta Camisa de Manga Larga (Blanco,M)","Label":"Title","Locale":"es_ES"}},"Offers":{"Summaries":[{"Condition":{"Value":"New"},"LowestPrice":{"Amount":10.99,"Currency":"EUR","DisplayAmount":"10,99 €"}}]}},{"ASIN":"B0B51T51HB","DetailPageURL":"https://www.amazon.es/dp/B0B51T51HB?tag=topinalambricos-21&linkCode=osi&th=1&psc=1","Images":{"Primary":{"Small":{"Height":75,"URL":"https://m.media-amazon.com/images/I/41Y2dmoUzbL._SL75_.jpg","Width":57}}},"ItemInfo":{"ByLineInfo":{"Brand":{"DisplayValue":"Tuopuda","Label":"Brand","Locale":"es_ES"},"Manufacturer":{"DisplayValue":"GHF-Direct","Label":"Manufacturer","Locale":"es_ES"}},"Title":{"DisplayValue":"Tuopuda Camisetas de Manga Larga para Mujeres Camiseta de Encaje Waffle de Cuello Redondo Casual Sueltas Blusas Tops(Blanco,S)","Label":"Title","Locale":"es_ES"}},"Offers":{"Summaries":[{"Condition":{"Value":"New"},"LowestPrice":{"Amount":19.99,"Currency":"EUR","DisplayAmount":"19,99 €"}}]}},{"ASIN":"B0C4Y4J22J","DetailPageURL":"https://www.amazon.es/dp/B0C4Y4J22J?tag=topinalambricos-21&linkCode=osi&th=1&psc=1","Images":{"Primary":{"Small":{"Height":75,"URL":"https://m.media-amazon.com/images/I/41-8kXZMqAL._SL75_.jpg","Width":56}}},"ItemInfo":{"ByLineInfo":{"Brand":{"DisplayValue":"GORGLITTER","Label":"Brand","Locale":"es_ES"}},"Title":{"DisplayValue":"GORGLITTER Elegante blusa de encaje para mujer, túnica de oficina, blusa de encaje, blusa con volantes, Blanco, XL","Label":"Title","Locale":"es_ES"}},"Offers":{"Summaries":[{"Condition":{"Value":"New"},"LowestPrice":{"Amount":33.28,"Currency":"EUR","DisplayAmount":"33,28 €"}}]}},{"ASIN":"B08RJ9TCN9","DetailPageURL":"https://www.amazon.es/dp/B08RJ9TCN9?tag=topinalambricos-21&linkCode=osi&th=1&psc=1","Images":{"Primary":{"Small":{"Height":75,"URL":"https://m.media-amazon.com/images/I/31N5XuLVTZS._SL75_.jpg","Width":57}}},"ItemInfo":{"ByLineInfo":{"Brand":{"DisplayValue":"SCARLET DARKNESS","Label":"Brand","Locale":"es_ES"}},"Title":{"DisplayValue":"SCARLET DARKNESS Blusa Vintage de Encaje Combinados con Cuello Pico para Mujer S Albaricoque","Label":"Title","Locale":"es_ES"}},"Offers":{"Summaries":[{"Condition":{"Value":"New"},"LowestPrice":{"Amount":29.99,"Currency":"EUR","DisplayAmount":"29,99 €"}}]}},{"ASIN":"B08B1BK4LN","DetailPageURL":"https://www.amazon.es/dp/B08B1BK4LN?tag=topinalambricos-21&linkCode=osi&th=1&psc=1","Images":{"Primary":{"Small":{"Height":75,"URL":"https://m.media-amazon.com/images/I/51WMHsRSCCL._SL75_.jpg","Width":75}}},"ItemInfo":{"ByLineInfo":{"Brand":{"DisplayValue":"Allegra K","Label":"Brand","Locale":"es_ES"},"Manufacturer":{"DisplayValue":"Allegra K","Label":"Manufacturer","Locale":"es_ES"}},"Title":{"DisplayValue":"Allegra K Blusa de Encaje Elegante Floral con Cuello de Volantes de Ganchillo para Mujer Blanco L","Label":"Title","Locale":"es_ES"}},"Offers":{"Summaries":[{"Condition":{"Value":"New"},"LowestPrice":{"Amount":34.99,"Currency":"EUR","DisplayAmount":"34,99 €"}}]}}],"SearchURL":"https://www.amazon.es/s?k=blusa+encaje&rh=n%3A3074055031%2Cp_n_availability%3A-1&tag=topinalambricos-21&linkCode=osi","TotalResultCount":1000}},"70":{"SearchResult":{"Items":[{"ASIN":"B09ZP2FTBG","DetailPageURL":"https://www.amazon.es/dp/B09ZP2FTBG?tag=topinalambricos-21&linkCode=osi&th=1&psc=1","Images":{"Primary":{"Small":{"Height":75,"URL":"https://m.media-amazon.com/images/I/51KEPJ5ifkL._SL75_.jpg","Width":75}}},"ItemInfo":{"ByLineInfo":{"Brand":{"DisplayValue":"Bipily","Label":"Brand","Locale":"es_ES"}},"Title":{"DisplayValue":"Bipily Camiseta para Mujer Blusa de Encaje con Cuello en V de Gasa Manga Larga Elegante y Básica Color Sólido Tops(Blanco,S)","Label":"Title","Locale":"es_ES"}},"Offers":{"Summaries":[{"Condition":{"Value":"New"},"LowestPrice":{"Amount":26.99,"Currency":"EUR","DisplayAmount":"26,99 €"}}]}},{"ASIN":"B09XPWJG16","DetailPageURL":"https://www.amazon.es/dp/B09XPWJG16?tag=topinalambricos-21&linkCode=osi&th=1&psc=1","Images":{"Primary":{"Small":{"Height":75,"URL":"https://m.media-amazon.com/images/I/51a1JfNqP4L._SL75_.jpg","Width":59}}},"ItemInfo":{"ByLineInfo":{"Brand":{"DisplayValue":"PANOZON","Label":"Brand","Locale":"es_ES"}},"Title":{"DisplayValue":"PANOZON Mujer Camiseta de Encaje sin Mangas Top Elástico Cuello V Sexy Camisola Cami Casual (L, A-Negro)","Label":"Title","Locale":"es_ES"}},"Offers":{"Summaries":[{"Condition":{"Value":"New"},"LowestPrice":{"Amount":12.99,"Currency":"EUR","DisplayAmount":"12,99 €"}}]}},{"ASIN":"B0BRFZWTQ8","DetailPageURL":"https://www.amazon.es/dp/B0BRFZWTQ8?tag=topinalambricos-21&linkCode=osi&th=1&psc=1","Images":{"Primary":{"Small":{"Height":75,"URL":"https://m.media-amazon.com/images/I/41-vYGBGBiL._SL75_.jpg","Width":58}}},"ItemInfo":{"ByLineInfo":{"Brand":{"DisplayValue":"GRACE KARIN","Label":"Brand","Locale":"es_ES"}},"Title":{"DisplayValue":"Blusa Elegante de Encaje con Manga 3/4 para Mujer Blusa de Color para Primavera y Verano Color Blanco 2XL","Label":"Title","Locale":"es_ES"}},"Offers":{"Summaries":[{"Condition":{"Value":"New"},"LowestPrice":{"Amount":27.99,"Currency":"EUR","DisplayAmount":"27,99 €"}}]}},{"ASIN":"B085R4TJ4J","DetailPageURL":"https://www.amazon.es/dp/B085R4TJ4J?tag=topinalambricos-21&linkCode=osi&th=1&psc=1","Images":{"Primary":{"Small":{"Height":75,"URL":"https://m.media-amazon.com/images/I/41cR4jz1LpS._SL75_.jpg","Width":57}}},"ItemInfo":{"ByLineInfo":{"Brand":{"DisplayValue":"JDY","Label":"Brand","Locale":"es_ES"},"Manufacturer":{"DisplayValue":"JdY","Label":"Manufacturer","Locale":"es_ES"}},"Title":{"DisplayValue":"JDY Jdyblond S/l Top Jrs Noos Blusas, Bailarina De La Nube, XL para Mujer","Label":"Title","Locale":"es_ES"}},"Offers":{"Summaries":[{"Condition":{"Value":"New"},"LowestPrice":{"Amount":9.0,"Currency":"EUR","DisplayAmount":"9,00 €"}}]}},{"ASIN":"B0BNBLDHHP","DetailPageURL":"https://www.amazon.es/dp/B0BNBLDHHP?tag=topinalambricos-21&linkCode=osi&th=1&psc=1","Images":{"Primary":{"Small":{"Height":75,"URL":"https://m.media-amazon.com/images/I/51+17SOyARL._SL75_.jpg","Width":56}}},"ItemInfo":{"ByLineInfo":{"Brand":{"DisplayValue":"GORGLITTER","Label":"Brand","Locale":"es_ES"}},"Title":{"DisplayValue":"GORGLITTER Blusa elegante para mujer, cuello alto, camiseta de manga larga, encaje, túnica con mangas de farol, Blanco, M","Label":"Title","Locale":"es_ES"}},"Offers":{"Summaries":[{"Condition":{"Value":"New"},"LowestPrice":{"Amount":32.19,"Currency":"EUR","DisplayAmount":"32,19 €"}}]}},{"ASIN":"B07G4CYFW3","DetailPageURL":"https://www.amazon.es/dp/B07G4CYFW3?tag=topinalambricos-21&linkCode=osi&th=1&psc=1","Images":{"Primary":{"Small":{"Height":75,"URL":"https://m.media-amazon.com/images/I/51xBN5FTCtL._SL75_.jpg","Width":75}}},"ItemInfo":{"ByLineInfo":{"Brand":{"DisplayValue":"SHOBDW Camisetas de manga larga","Label":"Brand","Locale":"es_ES"}},"Title":{"DisplayValue":"SHOBDW Mujeres Gasa Sólida O Cuello Sexy Encaje Elegante Otoño Tops Casual Blusa Camiseta Camisa de Manga Larga (Blanco,M)","Label":"Title","Locale":"es_ES"}},"Offers":{"Summaries":[{"Condition":{"Value":"New"},"LowestPrice":{"Amount":10.99,"Currency":"EUR","DisplayAmount":"10,99 €"}}]}},{"ASIN":"B0B51T51HB","DetailPageURL":"https://www.amazon.es/dp/B0B51T51HB?tag=topinalambricos-21&linkCode=osi&th=1&psc=1","Images":{"Primary":{"Small":{"Height":75,"URL":"https://m.media-amazon.com/images/I/41Y2dmoUzbL._SL75_.jpg","Width":57}}},"ItemInfo":{"ByLineInfo":{"Brand":{"DisplayValue":"Tuopuda","Label":"Brand","Locale":"es_ES"},"Manufacturer":{"DisplayValue":"GHF-Direct","Label":"Manufacturer","Locale":"es_ES"}},"Title":{"DisplayValue":"Tuopuda Camisetas de Manga Larga para Mujeres Camiseta de Encaje Waffle de Cuello Redondo Casual Sueltas Blusas Tops(Blanco,S)","Label":"Title","Locale":"es_ES"}},"Offers":{"Summaries":[{"Condition":{"Value":"New"},"LowestPrice":{"Amount":19.99,"Currency":"EUR","DisplayAmount":"19,99 €"}}]}},{"ASIN":"B0C4Y4J22J","DetailPageURL":"https://www.amazon.es/dp/B0C4Y4J22J?tag=topinalambricos-21&linkCode=osi&th=1&psc=1","Images":{"Primary":{"Small":{"Height":75,"URL":"https://m.media-amazon.com/images/I/41-8kXZMqAL._SL75_.jpg","Width":56}}},"ItemInfo":{"ByLineInfo":{"Brand":{"DisplayValue":"GORGLITTER","Label":"Brand","Locale":"es_ES"}},"Title":{"DisplayValue":"GORGLITTER Elegante blusa de encaje para mujer, túnica de oficina, blusa de encaje, blusa con volantes, Blanco, XL","Label":"Title","Locale":"es_ES"}},"Offers":{"Summaries":[{"Condition":{"Value":"New"},"LowestPrice":{"Amount":33.28,"Currency":"EUR","DisplayAmount":"33,28 €"}}]}},{"ASIN":"B08RJ9TCN9","DetailPageURL":"https://www.amazon.es/dp/B08RJ9TCN9?tag=topinalambricos-21&linkCode=osi&th=1&psc=1","Images":{"Primary":{"Small":{"Height":75,"URL":"https://m.media-amazon.com/images/I/31N5XuLVTZS._SL75_.jpg","Width":57}}},"ItemInfo":{"ByLineInfo":{"Brand":{"DisplayValue":"SCARLET DARKNESS","Label":"Brand","Locale":"es_ES"}},"Title":{"DisplayValue":"SCARLET DARKNESS Blusa Vintage de Encaje Combinados con Cuello Pico para Mujer S Albaricoque","Label":"Title","Locale":"es_ES"}},"Offers":{"Summaries":[{"Condition":{"Value":"New"},"LowestPrice":{"Amount":29.99,"Currency":"EUR","DisplayAmount":"29,99 €"}}]}},{"ASIN":"B08B1BK4LN","DetailPageURL":"https://www.amazon.es/dp/B08B1BK4LN?tag=topinalambricos-21&linkCode=osi&th=1&psc=1","Images":{"Primary":{"Small":{"Height":75,"URL":"https://m.media-amazon.com/images/I/51WMHsRSCCL._SL75_.jpg","Width":75}}},"ItemInfo":{"ByLineInfo":{"Brand":{"DisplayValue":"Allegra K","Label":"Brand","Locale":"es_ES"},"Manufacturer":{"DisplayValue":"Allegra K","Label":"Manufacturer","Locale":"es_ES"}},"Title":{"DisplayValue":"Allegra K Blusa de Encaje Elegante Floral con Cuello de Volantes de Ganchillo para Mujer Blanco L","Label":"Title","Locale":"es_ES"}},"Offers":{"Summaries":[{"Condition":{"Value":"New"},"LowestPrice":{"Amount":34.99,"Currency":"EUR","DisplayAmount":"34,99 €"}}]}}],"SearchURL":"https://www.amazon.es/s?k=blusa+encaje&rh=n%3A3074055031%2Cp_n_availability%3A-1&tag=topinalambricos-21&linkCode=osi","TotalResultCount":1000}},"71":{"SearchResult":{"Items":[{"ASIN":"B09ZP2FTBG","DetailPageURL":"https://www.amazon.es/dp/B09ZP2FTBG?tag=topinalambricos-21&linkCode=osi&th=1&psc=1","Images":{"Primary":{"Small":{"Height":75,"URL":"https://m.media-amazon.com/images/I/51KEPJ5ifkL._SL75_.jpg","Width":75}}},"ItemInfo":{"ByLineInfo":{"Brand":{"DisplayValue":"Bipily","Label":"Brand","Locale":"es_ES"}},"Title":{"DisplayValue":"Bipily Camiseta para Mujer Blusa de Encaje con Cuello en V de Gasa Manga Larga Elegante y Básica Color Sólido Tops(Blanco,S)","Label":"Title","Locale":"es_ES"}},"Offers":{"Summaries":[{"Condition":{"Value":"New"},"LowestPrice":{"Amount":26.99,"Currency":"EUR","DisplayAmount":"26,99 €"}}]}},{"ASIN":"B09XPWJG16","DetailPageURL":"https://www.amazon.es/dp/B09XPWJG16?tag=topinalambricos-21&linkCode=osi&th=1&psc=1","Images":{"Primary":{"Small":{"Height":75,"URL":"https://m.media-amazon.com/images/I/51a1JfNqP4L._SL75_.jpg","Width":59}}},"ItemInfo":{"ByLineInfo":{"Brand":{"DisplayValue":"PANOZON","Label":"Brand","Locale":"es_ES"}},"Title":{"DisplayValue":"PANOZON Mujer Camiseta de Encaje sin Mangas Top Elástico Cuello V Sexy Camisola Cami Casual (L, A-Negro)","Label":"Title","Locale":"es_ES"}},"Offers":{"Summaries":[{"Condition":{"Value":"New"},"LowestPrice":{"Amount":12.99,"Currency":"EUR","DisplayAmount":"12,99 €"}}]}},{"ASIN":"B0BRFZWTQ8","DetailPageURL":"https://www.amazon.es/dp/B0BRFZWTQ8?tag=topinalambricos-21&linkCode=osi&th=1&psc=1","Images":{"Primary":{"Small":{"Height":75,"URL":"https://m.media-amazon.com/images/I/41-vYGBGBiL._SL75_.jpg","Width":58}}},"ItemInfo":{"ByLineInfo":{"Brand":{"DisplayValue":"GRACE KARIN","Label":"Brand","Locale":"es_ES"}},"Title":{"DisplayValue":"Blusa Elegante de Encaje con Manga 3/4 para Mujer Blusa de Color para Primavera y Verano Color Blanco 2XL","Label":"Title","Locale":"es_ES"}},"Offers":{"Summaries":[{"Condition":{"Value":"New"},"LowestPrice":{"Amount":27.99,"Currency":"EUR","DisplayAmount":"27,99 €"}}]}},{"ASIN":"B085R4TJ4J","DetailPageURL":"https://www.amazon.es/dp/B085R4TJ4J?tag=topinalambricos-21&linkCode=osi&th=1&psc=1","Images":{"Primary":{"Small":{"Height":75,"URL":"https://m.media-amazon.com/images/I/41cR4jz1LpS._SL75_.jpg","Width":57}}},"ItemInfo":{"ByLineInfo":{"Brand":{"DisplayValue":"JDY","Label":"Brand","Locale":"es_ES"},"Manufacturer":{"DisplayValue":"JdY","Label":"Manufacturer","Locale":"es_ES"}},"Title":{"DisplayValue":"JDY Jdyblond S/l Top Jrs Noos Blusas, Bailarina De La Nube, XL para Mujer","Label":"Title","Locale":"es_ES"}},"Offers":{"Summaries":[{"Condition":{"Value":"New"},"LowestPrice":{"Amount":9.0,"Currency":"EUR","DisplayAmount":"9,00 €"}}]}},{"ASIN":"B0BNBLDHHP","DetailPageURL":"https://www.amazon.es/dp/B0BNBLDHHP?tag=topinalambricos-21&linkCode=osi&th=1&psc=1","Images":{"Primary":{"Small":{"Height":75,"URL":"https://m.media-amazon.com/images/I/51+17SOyARL._SL75_.jpg","Width":56}}},"ItemInfo":{"ByLineInfo":{"Brand":{"DisplayValue":"GORGLITTER","Label":"Brand","Locale":"es_ES"}},"Title":{"DisplayValue":"GORGLITTER Blusa elegante para mujer, cuello alto, camiseta de manga larga, encaje, túnica con mangas de farol, Blanco, M","Label":"Title","Locale":"es_ES"}},"Offers":{"Summaries":[{"Condition":{"Value":"New"},"LowestPrice":{"Amount":32.19,"Currency":"EUR","DisplayAmount":"32,19 €"}}]}},{"ASIN":"B07G4CYFW3","DetailPageURL":"https://www.amazon.es/dp/B07G4CYFW3?tag=topinalambricos-21&linkCode=osi&th=1&psc=1","Images":{"Primary":{"Small":{"Height":75,"URL":"https://m.media-amazon.com/images/I/51xBN5FTCtL._SL75_.jpg","Width":75}}},"ItemInfo":{"ByLineInfo":{"Brand":{"DisplayValue":"SHOBDW Camisetas de manga larga","Label":"Brand","Locale":"es_ES"}},"Title":{"DisplayValue":"SHOBDW Mujeres Gasa Sólida O Cuello Sexy Encaje Elegante Otoño Tops Casual Blusa Camiseta Camisa de Manga Larga (Blanco,M)","Label":"Title","Locale":"es_ES"}},"Offers":{"Summaries":[{"Condition":{"Value":"New"},"LowestPrice":{"Amount":10.99,"Currency":"EUR","DisplayAmount":"10,99 €"}}]}},{"ASIN":"B0B51T51HB","DetailPageURL":"https://www.amazon.es/dp/B0B51T51HB?tag=topinalambricos-21&linkCode=osi&th=1&psc=1","Images":{"Primary":{"Small":{"Height":75,"URL":"https://m.media-amazon.com/images/I/41Y2dmoUzbL._SL75_.jpg","Width":57}}},"ItemInfo":{"ByLineInfo":{"Brand":{"DisplayValue":"Tuopuda","Label":"Brand","Locale":"es_ES"},"Manufacturer":{"DisplayValue":"GHF-Direct","Label":"Manufacturer","Locale":"es_ES"}},"Title":{"DisplayValue":"Tuopuda Camisetas de Manga Larga para Mujeres Camiseta de Encaje Waffle de Cuello Redondo Casual Sueltas Blusas Tops(Blanco,S)","Label":"Title","Locale":"es_ES"}},"Offers":{"Summaries":[{"Condition":{"Value":"New"},"LowestPrice":{"Amount":19.99,"Currency":"EUR","DisplayAmount":"19,99 €"}}]}},{"ASIN":"B0C4Y4J22J","DetailPageURL":"https://www.amazon.es/dp/B0C4Y4J22J?tag=topinalambricos-21&linkCode=osi&th=1&psc=1","Images":{"Primary":{"Small":{"Height":75,"URL":"https://m.media-amazon.com/images/I/41-8kXZMqAL._SL75_.jpg","Width":56}}},"ItemInfo":{"ByLineInfo":{"Brand":{"DisplayValue":"GORGLITTER","Label":"Brand","Locale":"es_ES"}},"Title":{"DisplayValue":"GORGLITTER Elegante blusa de encaje para mujer, túnica de oficina, blusa de encaje, blusa con volantes, Blanco, XL","Label":"Title","Locale":"es_ES"}},"Offers":{"Summaries":[{"Condition":{"Value":"New"},"LowestPrice":{"Amount":33.28,"Currency":"EUR","DisplayAmount":"33,28 €"}}]}},{"ASIN":"B08RJ9TCN9","DetailPageURL":"https://www.amazon.es/dp/B08RJ9TCN9?tag=topinalambricos-21&linkCode=osi&th=1&psc=1","Images":{"Primary":{"Small":{"Height":75,"URL":"https://m.media-amazon.com/images/I/31N5XuLVTZS._SL75_.jpg","Width":57}}},"ItemInfo":{"ByLineInfo":{"Brand":{"DisplayValue":"SCARLET DARKNESS","Label":"Brand","Locale":"es_ES"}},"Title":{"DisplayValue":"SCARLET DARKNESS Blusa Vintage de Encaje Combinados con Cuello Pico para Mujer S Albaricoque","Label":"Title","Locale":"es_ES"}},"Offers":{"Summaries":[{"Condition":{"Value":"New"},"LowestPrice":{"Amount":29.99,"Currency":"EUR","DisplayAmount":"29,99 €"}}]}},{"ASIN":"B08B1BK4LN","DetailPageURL":"https://www.amazon.es/dp/B08B1BK4LN?tag=topinalambricos-21&linkCode=osi&th=1&psc=1","Images":{"Primary":{"Small":{"Height":75,"URL":"https://m.media-amazon.com/images/I/51WMHsRSCCL._SL75_.jpg","Width":75}}},"ItemInfo":{"ByLineInfo":{"Brand":{"DisplayValue":"Allegra K","Label":"Brand","Locale":"es_ES"},"Manufacturer":{"DisplayValue":"Allegra K","Label":"Manufacturer","Locale":"es_ES"}},"Title":{"DisplayValue":"Allegra K Blusa de Encaje Elegante Floral con Cuello de Volantes de Ganchillo para Mujer Blanco L","Label":"Title","Locale":"es_ES"}},"Offers":{"Summaries":[{"Condition":{"Value":"New"},"LowestPrice":{"Amount":34.99,"Currency":"EUR","DisplayAmount":"34,99 €"}}]}}],"SearchURL":"https://www.amazon.es/s?k=blusa+encaje&rh=n%3A3074055031%2Cp_n_availability%3A-1&tag=topinalambricos-21&linkCode=osi","TotalResultCount":1000}},"72":{"SearchResult":{"Items":[{"ASIN":"B09ZP2FTBG","DetailPageURL":"https://www.amazon.es/dp/B09ZP2FTBG?tag=topinalambricos-21&linkCode=osi&th=1&psc=1","Images":{"Primary":{"Small":{"Height":75,"URL":"https://m.media-amazon.com/images/I/51KEPJ5ifkL._SL75_.jpg","Width":75}}},"ItemInfo":{"ByLineInfo":{"Brand":{"DisplayValue":"Bipily","Label":"Brand","Locale":"es_ES"}},"Title":{"DisplayValue":"Bipily Camiseta para Mujer Blusa de Encaje con Cuello en V de Gasa Manga Larga Elegante y Básica Color Sólido Tops(Blanco,S)","Label":"Title","Locale":"es_ES"}},"Offers":{"Summaries":[{"Condition":{"Value":"New"},"LowestPrice":{"Amount":26.99,"Currency":"EUR","DisplayAmount":"26,99 €"}}]}},{"ASIN":"B09XPWJG16","DetailPageURL":"https://www.amazon.es/dp/B09XPWJG16?tag=topinalambricos-21&linkCode=osi&th=1&psc=1","Images":{"Primary":{"Small":{"Height":75,"URL":"https://m.media-amazon.com/images/I/51a1JfNqP4L._SL75_.jpg","Width":59}}},"ItemInfo":{"ByLineInfo":{"Brand":{"DisplayValue":"PANOZON","Label":"Brand","Locale":"es_ES"}},"Title":{"DisplayValue":"PANOZON Mujer Camiseta de Encaje sin Mangas Top Elástico Cuello V Sexy Camisola Cami Casual (L, A-Negro)","Label":"Title","Locale":"es_ES"}},"Offers":{"Summaries":[{"Condition":{"Value":"New"},"LowestPrice":{"Amount":12.99,"Currency":"EUR","DisplayAmount":"12,99 €"}}]}},{"ASIN":"B0BRFZWTQ8","DetailPageURL":"https://www.amazon.es/dp/B0BRFZWTQ8?tag=topinalambricos-21&linkCode=osi&th=1&psc=1","Images":{"Primary":{"Small":{"Height":75,"URL":"https://m.media-amazon.com/images/I/41-vYGBGBiL._SL75_.jpg","Width":58}}},"ItemInfo":{"ByLineInfo":{"Brand":{"DisplayValue":"GRACE KARIN","Label":"Brand","Locale":"es_ES"}},"Title":{"DisplayValue":"Blusa Elegante de Encaje con Manga 3/4 para Mujer Blusa de Color para Primavera y Verano Color Blanco 2XL","Label":"Title","Locale":"es_ES"}},"Offers":{"Summaries":[{"Condition":{"Value":"New"},"LowestPrice":{"Amount":27.99,"Currency":"EUR","DisplayAmount":"27,99 €"}}]}},{"ASIN":"B085R4TJ4J","DetailPageURL":"https://www.amazon.es/dp/B085R4TJ4J?tag=topinalambricos-21&linkCode=osi&th=1&psc=1","Images":{"Primary":{"Small":{"Height":75,"URL":"https://m.media-amazon.com/images/I/41cR4jz1LpS._SL75_.jpg","Width":57}}},"ItemInfo":{"ByLineInfo":{"Brand":{"DisplayValue":"JDY","Label":"Brand","Locale":"es_ES"},"Manufacturer":{"DisplayValue":"JdY","Label":"Manufacturer","Locale":"es_ES"}},"Title":{"DisplayValue":"JDY Jdyblond S/l Top Jrs Noos Blusas, Bailarina De La Nube, XL para Mujer","Label":"Title","Locale":"es_ES"}},"Offers":{"Summaries":[{"Condition":{"Value":"New"},"LowestPrice":{"Amount":9.0,"Currency":"EUR","DisplayAmount":"9,00 €"}}]}},{"ASIN":"B0BNBLDHHP","DetailPageURL":"https://www.amazon.es/dp/B0BNBLDHHP?tag=topinalambricos-21&linkCode=osi&th=1&psc=1","Images":{"Primary":{"Small":{"Height":75,"URL":"https://m.media-amazon.com/images/I/51+17SOyARL._SL75_.jpg","Width":56}}},"ItemInfo":{"ByLineInfo":{"Brand":{"DisplayValue":"GORGLITTER","Label":"Brand","Locale":"es_ES"}},"Title":{"DisplayValue":"GORGLITTER Blusa elegante para mujer, cuello alto, camiseta de manga larga, encaje, túnica con mangas de farol, Blanco, M","Label":"Title","Locale":"es_ES"}},"Offers":{"Summaries":[{"Condition":{"Value":"New"},"LowestPrice":{"Amount":32.19,"Currency":"EUR","DisplayAmount":"32,19 €"}}]}},{"ASIN":"B07G4CYFW3","DetailPageURL":"https://www.amazon.es/dp/B07G4CYFW3?tag=topinalambricos-21&linkCode=osi&th=1&psc=1","Images":{"Primary":{"Small":{"Height":75,"URL":"https://m.media-amazon.com/images/I/51xBN5FTCtL._SL75_.jpg","Width":75}}},"ItemInfo":{"ByLineInfo":{"Brand":{"DisplayValue":"SHOBDW Camisetas de manga larga","Label":"Brand","Locale":"es_ES"}},"Title":{"DisplayValue":"SHOBDW Mujeres Gasa Sólida O Cuello Sexy Encaje Elegante Otoño Tops Casual Blusa Camiseta Camisa de Manga Larga (Blanco,M)","Label":"Title","Locale":"es_ES"}},"Offers":{"Summaries":[{"Condition":{"Value":"New"},"LowestPrice":{"Amount":10.99,"Currency":"EUR","DisplayAmount":"10,99 €"}}]}},{"ASIN":"B0B51T51HB","DetailPageURL":"https://www.amazon.es/dp/B0B51T51HB?tag=topinalambricos-21&linkCode=osi&th=1&psc=1","Images":{"Primary":{"Small":{"Height":75,"URL":"https://m.media-amazon.com/images/I/41Y2dmoUzbL._SL75_.jpg","Width":57}}},"ItemInfo":{"ByLineInfo":{"Brand":{"DisplayValue":"Tuopuda","Label":"Brand","Locale":"es_ES"},"Manufacturer":{"DisplayValue":"GHF-Direct","Label":"Manufacturer","Locale":"es_ES"}},"Title":{"DisplayValue":"Tuopuda Camisetas de Manga Larga para Mujeres Camiseta de Encaje Waffle de Cuello Redondo Casual Sueltas Blusas Tops(Blanco,S)","Label":"Title","Locale":"es_ES"}},"Offers":{"Summaries":[{"Condition":{"Value":"New"},"LowestPrice":{"Amount":19.99,"Currency":"EUR","DisplayAmount":"19,99 €"}}]}},{"ASIN":"B0C4Y4J22J","DetailPageURL":"https://www.amazon.es/dp/B0C4Y4J22J?tag=topinalambricos-21&linkCode=osi&th=1&psc=1","Images":{"Primary":{"Small":{"Height":75,"URL":"https://m.media-amazon.com/images/I/41-8kXZMqAL._SL75_.jpg","Width":56}}},"ItemInfo":{"ByLineInfo":{"Brand":{"DisplayValue":"GORGLITTER","Label":"Brand","Locale":"es_ES"}},"Title":{"DisplayValue":"GORGLITTER Elegante blusa de encaje para mujer, túnica de oficina, blusa de encaje, blusa con volantes, Blanco, XL","Label":"Title","Locale":"es_ES"}},"Offers":{"Summaries":[{"Condition":{"Value":"New"},"LowestPrice":{"Amount":33.28,"Currency":"EUR","DisplayAmount":"33,28 €"}}]}},{"ASIN":"B08RJ9TCN9","DetailPageURL":"https://www.amazon.es/dp/B08RJ9TCN9?tag=topinalambricos-21&linkCode=osi&th=1&psc=1","Images":{"Primary":{"Small":{"Height":75,"URL":"https://m.media-amazon.com/images/I/31N5XuLVTZS._SL75_.jpg","Width":57}}},"ItemInfo":{"ByLineInfo":{"Brand":{"DisplayValue":"SCARLET DARKNESS","Label":"Brand","Locale":"es_ES"}},"Title":{"DisplayValue":"SCARLET DARKNESS Blusa Vintage de Encaje Combinados con Cuello Pico para Mujer S Albaricoque","Label":"Title","Locale":"es_ES"}},"Offers":{"Summaries":[{"Condition":{"Value":"New"},"LowestPrice":{"Amount":29.99,"Currency":"EUR","DisplayAmount":"29,99 €"}}]}},{"ASIN":"B08B1BK4LN","DetailPageURL":"https://www.amazon.es/dp/B08B1BK4LN?tag=topinalambricos-21&linkCode=osi&th=1&psc=1","Images":{"Primary":{"Small":{"Height":75,"URL":"https://m.media-amazon.com/images/I/51WMHsRSCCL._SL75_.jpg","Width":75}}},"ItemInfo":{"ByLineInfo":{"Brand":{"DisplayValue":"Allegra K","Label":"Brand","Locale":"es_ES"},"Manufacturer":{"DisplayValue":"Allegra K","Label":"Manufacturer","Locale":"es_ES"}},"Title":{"DisplayValue":"Allegra K Blusa de Encaje Elegante Floral con Cuello de Volantes de Ganchillo para Mujer Blanco L","Label":"Title","Locale":"es_ES"}},"Offers":{"Summaries":[{"Condition":{"Value":"New"},"LowestPrice":{"Amount":34.99,"Currency":"EUR","DisplayAmount":"34,99 €"}}]}}],"SearchURL":"https://www.amazon.es/s?k=blusa+encaje&rh=n%3A3074055031%2Cp_n_availability%3A-1&tag=topinalambricos-21&linkCode=osi","TotalResultCount":1000}},"73":{"SearchResult":{"Items":[{"ASIN":"B09ZP2FTBG","DetailPageURL":"https://www.amazon.es/dp/B09ZP2FTBG?tag=topinalambricos-21&linkCode=osi&th=1&psc=1","Images":{"Primary":{"Small":{"Height":75,"URL":"https://m.media-amazon.com/images/I/51KEPJ5ifkL._SL75_.jpg","Width":75}}},"ItemInfo":{"ByLineInfo":{"Brand":{"DisplayValue":"Bipily","Label":"Brand","Locale":"es_ES"}},"Title":{"DisplayValue":"Bipily Camiseta para Mujer Blusa de Encaje con Cuello en V de Gasa Manga Larga Elegante y Básica Color Sólido Tops(Blanco,S)","Label":"Title","Locale":"es_ES"}},"Offers":{"Summaries":[{"Condition":{"Value":"New"},"LowestPrice":{"Amount":26.99,"Currency":"EUR","DisplayAmount":"26,99 €"}}]}},{"ASIN":"B09XPWJG16","DetailPageURL":"https://www.amazon.es/dp/B09XPWJG16?tag=topinalambricos-21&linkCode=osi&th=1&psc=1","Images":{"Primary":{"Small":{"Height":75,"URL":"https://m.media-amazon.com/images/I/51a1JfNqP4L._SL75_.jpg","Width":59}}},"ItemInfo":{"ByLineInfo":{"Brand":{"DisplayValue":"PANOZON","Label":"Brand","Locale":"es_ES"}},"Title":{"DisplayValue":"PANOZON Mujer Camiseta de Encaje sin Mangas Top Elástico Cuello V Sexy Camisola Cami Casual (L, A-Negro)","Label":"Title","Locale":"es_ES"}},"Offers":{"Summaries":[{"Condition":{"Value":"New"},"LowestPrice":{"Amount":12.99,"Currency":"EUR","DisplayAmount":"12,99 €"}}]}},{"ASIN":"B0BRFZWTQ8","DetailPageURL":"https://www.amazon.es/dp/B0BRFZWTQ8?tag=topinalambricos-21&linkCode=osi&th=1&psc=1","Images":{"Primary":{"Small":{"Height":75,"URL":"https://m.media-amazon.com/images/I/41-vYGBGBiL._SL75_.jpg","Width":58}}},"ItemInfo":{"ByLineInfo":{"Brand":{"DisplayValue":"GRACE KARIN","Label":"Brand","Locale":"es_ES"}},"Title":{"DisplayValue":"Blusa Elegante de Encaje con Manga 3/4 para Mujer Blusa de Color para Primavera y Verano Color Blanco 2XL","Label":"Title","Locale":"es_ES"}},"Offers":{"Summaries":[{"Condition":{"Value":"New"},"LowestPrice":{"Amount":27.99,"Currency":"EUR","DisplayAmount":"27,99 €"}}]}},{"ASIN":"B085R4TJ4J","DetailPageURL":"https://www.amazon.es/dp/B085R4TJ4J?tag=topinalambricos-21&linkCode=osi&th=1&psc=1","Images":{"Primary":{"Small":{"Height":75,"URL":"https://m.media-amazon.com/images/I/41cR4jz1LpS._SL75_.jpg","Width":57}}},"ItemInfo":{"ByLineInfo":{"Brand":{"DisplayValue":"JDY","Label":"Brand","Locale":"es_ES"},"Manufacturer":{"DisplayValue":"JdY","Label":"Manufacturer","Locale":"es_ES"}},"Title":{"DisplayValue":"JDY Jdyblond S/l Top Jrs Noos Blusas, Bailarina De La Nube, XL para Mujer","Label":"Title","Locale":"es_ES"}},"Offers":{"Summaries":[{"Condition":{"Value":"New"},"LowestPrice":{"Amount":9.0,"Currency":"EUR","DisplayAmount":"9,00 €"}}]}},{"ASIN":"B0BNBLDHHP","DetailPageURL":"https://www.amazon.es/dp/B0BNBLDHHP?tag=topinalambricos-21&linkCode=osi&th=1&psc=1","Images":{"Primary":{"Small":{"Height":75,"URL":"https://m.media-amazon.com/images/I/51+17SOyARL._SL75_.jpg","Width":56}}},"ItemInfo":{"ByLineInfo":{"Brand":{"DisplayValue":"GORGLITTER","Label":"Brand","Locale":"es_ES"}},"Title":{"DisplayValue":"GORGLITTER Blusa elegante para mujer, cuello alto, camiseta de manga larga, encaje, túnica con mangas de farol, Blanco, M","Label":"Title","Locale":"es_ES"}},"Offers":{"Summaries":[{"Condition":{"Value":"New"},"LowestPrice":{"Amount":32.19,"Currency":"EUR","DisplayAmount":"32,19 €"}}]}},{"ASIN":"B07G4CYFW3","DetailPageURL":"https://www.amazon.es/dp/B07G4CYFW3?tag=topinalambricos-21&linkCode=osi&th=1&psc=1","Images":{"Primary":{"Small":{"Height":75,"URL":"https://m.media-amazon.com/images/I/51xBN5FTCtL._SL75_.jpg","Width":75}}},"ItemInfo":{"ByLineInfo":{"Brand":{"DisplayValue":"SHOBDW Camisetas de manga larga","Label":"Brand","Locale":"es_ES"}},"Title":{"DisplayValue":"SHOBDW Mujeres Gasa Sólida O Cuello Sexy Encaje Elegante Otoño Tops Casual Blusa Camiseta Camisa de Manga Larga (Blanco,M)","Label":"Title","Locale":"es_ES"}},"Offers":{"Summaries":[{"Condition":{"Value":"New"},"LowestPrice":{"Amount":10.99,"Currency":"EUR","DisplayAmount":"10,99 €"}}]}},{"ASIN":"B0B51T51HB","DetailPageURL":"https://www.amazon.es/dp/B0B51T51HB?tag=topinalambricos-21&linkCode=osi&th=1&psc=1","Images":{"Primary":{"Small":{"Height":75,"URL":"https://m.media-amazon.com/images/I/41Y2dmoUzbL._SL75_.jpg","Width":57}}},"ItemInfo":{"ByLineInfo":{"Brand":{"DisplayValue":"Tuopuda","Label":"Brand","Locale":"es_ES"},"Manufacturer":{"DisplayValue":"GHF-Direct","Label":"Manufacturer","Locale":"es_ES"}},"Title":{"DisplayValue":"Tuopuda Camisetas de Manga Larga para Mujeres Camiseta de Encaje Waffle de Cuello Redondo Casual Sueltas Blusas Tops(Blanco,S)","Label":"Title","Locale":"es_ES"}},"Offers":{"Summaries":[{"Condition":{"Value":"New"},"LowestPrice":{"Amount":19.99,"Currency":"EUR","DisplayAmount":"19,99 €"}}]}},{"ASIN":"B0C4Y4J22J","DetailPageURL":"https://www.amazon.es/dp/B0C4Y4J22J?tag=topinalambricos-21&linkCode=osi&th=1&psc=1","Images":{"Primary":{"Small":{"Height":75,"URL":"https://m.media-amazon.com/images/I/41-8kXZMqAL._SL75_.jpg","Width":56}}},"ItemInfo":{"ByLineInfo":{"Brand":{"DisplayValue":"GORGLITTER","Label":"Brand","Locale":"es_ES"}},"Title":{"DisplayValue":"GORGLITTER Elegante blusa de encaje para mujer, túnica de oficina, blusa de encaje, blusa con volantes, Blanco, XL","Label":"Title","Locale":"es_ES"}},"Offers":{"Summaries":[{"Condition":{"Value":"New"},"LowestPrice":{"Amount":33.28,"Currency":"EUR","DisplayAmount":"33,28 €"}}]}},{"ASIN":"B08RJ9TCN9","DetailPageURL":"https://www.amazon.es/dp/B08RJ9TCN9?tag=topinalambricos-21&linkCode=osi&th=1&psc=1","Images":{"Primary":{"Small":{"Height":75,"URL":"https://m.media-amazon.com/images/I/31N5XuLVTZS._SL75_.jpg","Width":57}}},"ItemInfo":{"ByLineInfo":{"Brand":{"DisplayValue":"SCARLET DARKNESS","Label":"Brand","Locale":"es_ES"}},"Title":{"DisplayValue":"SCARLET DARKNESS Blusa Vintage de Encaje Combinados con Cuello Pico para Mujer S Albaricoque","Label":"Title","Locale":"es_ES"}},"Offers":{"Summaries":[{"Condition":{"Value":"New"},"LowestPrice":{"Amount":29.99,"Currency":"EUR","DisplayAmount":"29,99 €"}}]}},{"ASIN":"B08B1BK4LN","DetailPageURL":"https://www.amazon.es/dp/B08B1BK4LN?tag=topinalambricos-21&linkCode=osi&th=1&psc=1","Images":{"Primary":{"Small":{"Height":75,"URL":"https://m.media-amazon.com/images/I/51WMHsRSCCL._SL75_.jpg","Width":75}}},"ItemInfo":{"ByLineInfo":{"Brand":{"DisplayValue":"Allegra K","Label":"Brand","Locale":"es_ES"},"Manufacturer":{"DisplayValue":"Allegra K","Label":"Manufacturer","Locale":"es_ES"}},"Title":{"DisplayValue":"Allegra K Blusa de Encaje Elegante Floral con Cuello de Volantes de Ganchillo para Mujer Blanco L","Label":"Title","Locale":"es_ES"}},"Offers":{"Summaries":[{"Condition":{"Value":"New"},"LowestPrice":{"Amount":34.99,"Currency":"EUR","DisplayAmount":"34,99 €"}}]}}],"SearchURL":"https://www.amazon.es/s?k=blusa+encaje&rh=n%3A3074055031%2Cp_n_availability%3A-1&tag=topinalambricos-21&linkCode=osi","TotalResultCount":1000}},"75":{"SearchResult":{"Items":[{"ASIN":"B09ZP2FTBG","DetailPageURL":"https://www.amazon.es/dp/B09ZP2FTBG?tag=topinalambricos-21&linkCode=osi&th=1&psc=1","Images":{"Primary":{"Small":{"Height":75,"URL":"https://m.media-amazon.com/images/I/51KEPJ5ifkL._SL75_.jpg","Width":75}}},"ItemInfo":{"ByLineInfo":{"Brand":{"DisplayValue":"Bipily","Label":"Brand","Locale":"es_ES"}},"Title":{"DisplayValue":"Bipily Camiseta para Mujer Blusa de Encaje con Cuello en V de Gasa Manga Larga Elegante y Básica Color Sólido Tops(Blanco,S)","Label":"Title","Locale":"es_ES"}},"Offers":{"Summaries":[{"Condition":{"Value":"New"},"LowestPrice":{"Amount":26.99,"Currency":"EUR","DisplayAmount":"26,99 €"}}]}},{"ASIN":"B09XPWJG16","DetailPageURL":"https://www.amazon.es/dp/B09XPWJG16?tag=topinalambricos-21&linkCode=osi&th=1&psc=1","Images":{"Primary":{"Small":{"Height":75,"URL":"https://m.media-amazon.com/images/I/51a1JfNqP4L._SL75_.jpg","Width":59}}},"ItemInfo":{"ByLineInfo":{"Brand":{"DisplayValue":"PANOZON","Label":"Brand","Locale":"es_ES"}},"Title":{"DisplayValue":"PANOZON Mujer Camiseta de Encaje sin Mangas Top Elástico Cuello V Sexy Camisola Cami Casual (L, A-Negro)","Label":"Title","Locale":"es_ES"}},"Offers":{"Summaries":[{"Condition":{"Value":"New"},"LowestPrice":{"Amount":12.99,"Currency":"EUR","DisplayAmount":"12,99 €"}}]}},{"ASIN":"B0BRFZWTQ8","DetailPageURL":"https://www.amazon.es/dp/B0BRFZWTQ8?tag=topinalambricos-21&linkCode=osi&th=1&psc=1","Images":{"Primary":{"Small":{"Height":75,"URL":"https://m.media-amazon.com/images/I/41-vYGBGBiL._SL75_.jpg","Width":58}}},"ItemInfo":{"ByLineInfo":{"Brand":{"DisplayValue":"GRACE KARIN","Label":"Brand","Locale":"es_ES"}},"Title":{"DisplayValue":"Blusa Elegante de Encaje con Manga 3/4 para Mujer Blusa de Color para Primavera y Verano Color Blanco 2XL","Label":"Title","Locale":"es_ES"}},"Offers":{"Summaries":[{"Condition":{"Value":"New"},"LowestPrice":{"Amount":27.99,"Currency":"EUR","DisplayAmount":"27,99 €"}}]}},{"ASIN":"B085R4TJ4J","DetailPageURL":"https://www.amazon.es/dp/B085R4TJ4J?tag=topinalambricos-21&linkCode=osi&th=1&psc=1","Images":{"Primary":{"Small":{"Height":75,"URL":"https://m.media-amazon.com/images/I/41cR4jz1LpS._SL75_.jpg","Width":57}}},"ItemInfo":{"ByLineInfo":{"Brand":{"DisplayValue":"JDY","Label":"Brand","Locale":"es_ES"},"Manufacturer":{"DisplayValue":"JdY","Label":"Manufacturer","Locale":"es_ES"}},"Title":{"DisplayValue":"JDY Jdyblond S/l Top Jrs Noos Blusas, Bailarina De La Nube, XL para Mujer","Label":"Title","Locale":"es_ES"}},"Offers":{"Summaries":[{"Condition":{"Value":"New"},"LowestPrice":{"Amount":9.0,"Currency":"EUR","DisplayAmount":"9,00 €"}}]}},{"ASIN":"B0BNBLDHHP","DetailPageURL":"https://www.amazon.es/dp/B0BNBLDHHP?tag=topinalambricos-21&linkCode=osi&th=1&psc=1","Images":{"Primary":{"Small":{"Height":75,"URL":"https://m.media-amazon.com/images/I/51+17SOyARL._SL75_.jpg","Width":56}}},"ItemInfo":{"ByLineInfo":{"Brand":{"DisplayValue":"GORGLITTER","Label":"Brand","Locale":"es_ES"}},"Title":{"DisplayValue":"GORGLITTER Blusa elegante para mujer, cuello alto, camiseta de manga larga, encaje, túnica con mangas de farol, Blanco, M","Label":"Title","Locale":"es_ES"}},"Offers":{"Summaries":[{"Condition":{"Value":"New"},"LowestPrice":{"Amount":32.19,"Currency":"EUR","DisplayAmount":"32,19 €"}}]}},{"ASIN":"B07G4CYFW3","DetailPageURL":"https://www.amazon.es/dp/B07G4CYFW3?tag=topinalambricos-21&linkCode=osi&th=1&psc=1","Images":{"Primary":{"Small":{"Height":75,"URL":"https://m.media-amazon.com/images/I/51xBN5FTCtL._SL75_.jpg","Width":75}}},"ItemInfo":{"ByLineInfo":{"Brand":{"DisplayValue":"SHOBDW Camisetas de manga larga","Label":"Brand","Locale":"es_ES"}},"Title":{"DisplayValue":"SHOBDW Mujeres Gasa Sólida O Cuello Sexy Encaje Elegante Otoño Tops Casual Blusa Camiseta Camisa de Manga Larga (Blanco,M)","Label":"Title","Locale":"es_ES"}},"Offers":{"Summaries":[{"Condition":{"Value":"New"},"LowestPrice":{"Amount":10.99,"Currency":"EUR","DisplayAmount":"10,99 €"}}]}},{"ASIN":"B0B51T51HB","DetailPageURL":"https://www.amazon.es/dp/B0B51T51HB?tag=topinalambricos-21&linkCode=osi&th=1&psc=1","Images":{"Primary":{"Small":{"Height":75,"URL":"https://m.media-amazon.com/images/I/41Y2dmoUzbL._SL75_.jpg","Width":57}}},"ItemInfo":{"ByLineInfo":{"Brand":{"DisplayValue":"Tuopuda","Label":"Brand","Locale":"es_ES"},"Manufacturer":{"DisplayValue":"GHF-Direct","Label":"Manufacturer","Locale":"es_ES"}},"Title":{"DisplayValue":"Tuopuda Camisetas de Manga Larga para Mujeres Camiseta de Encaje Waffle de Cuello Redondo Casual Sueltas Blusas Tops(Blanco,S)","Label":"Title","Locale":"es_ES"}},"Offers":{"Summaries":[{"Condition":{"Value":"New"},"LowestPrice":{"Amount":19.99,"Currency":"EUR","DisplayAmount":"19,99 €"}}]}},{"ASIN":"B0C4Y4J22J","DetailPageURL":"https://www.amazon.es/dp/B0C4Y4J22J?tag=topinalambricos-21&linkCode=osi&th=1&psc=1","Images":{"Primary":{"Small":{"Height":75,"URL":"https://m.media-amazon.com/images/I/41-8kXZMqAL._SL75_.jpg","Width":56}}},"ItemInfo":{"ByLineInfo":{"Brand":{"DisplayValue":"GORGLITTER","Label":"Brand","Locale":"es_ES"}},"Title":{"DisplayValue":"GORGLITTER Elegante blusa de encaje para mujer, túnica de oficina, blusa de encaje, blusa con volantes, Blanco, XL","Label":"Title","Locale":"es_ES"}},"Offers":{"Summaries":[{"Condition":{"Value":"New"},"LowestPrice":{"Amount":33.28,"Currency":"EUR","DisplayAmount":"33,28 €"}}]}},{"ASIN":"B08RJ9TCN9","DetailPageURL":"https://www.amazon.es/dp/B08RJ9TCN9?tag=topinalambricos-21&linkCode=osi&th=1&psc=1","Images":{"Primary":{"Small":{"Height":75,"URL":"https://m.media-amazon.com/images/I/31N5XuLVTZS._SL75_.jpg","Width":57}}},"ItemInfo":{"ByLineInfo":{"Brand":{"DisplayValue":"SCARLET DARKNESS","Label":"Brand","Locale":"es_ES"}},"Title":{"DisplayValue":"SCARLET DARKNESS Blusa Vintage de Encaje Combinados con Cuello Pico para Mujer S Albaricoque","Label":"Title","Locale":"es_ES"}},"Offers":{"Summaries":[{"Condition":{"Value":"New"},"LowestPrice":{"Amount":29.99,"Currency":"EUR","DisplayAmount":"29,99 €"}}]}},{"ASIN":"B08B1BK4LN","DetailPageURL":"https://www.amazon.es/dp/B08B1BK4LN?tag=topinalambricos-21&linkCode=osi&th=1&psc=1","Images":{"Primary":{"Small":{"Height":75,"URL":"https://m.media-amazon.com/images/I/51WMHsRSCCL._SL75_.jpg","Width":75}}},"ItemInfo":{"ByLineInfo":{"Brand":{"DisplayValue":"Allegra K","Label":"Brand","Locale":"es_ES"},"Manufacturer":{"DisplayValue":"Allegra K","Label":"Manufacturer","Locale":"es_ES"}},"Title":{"DisplayValue":"Allegra K Blusa de Encaje Elegante Floral con Cuello de Volantes de Ganchillo para Mujer Blanco L","Label":"Title","Locale":"es_ES"}},"Offers":{"Summaries":[{"Condition":{"Value":"New"},"LowestPrice":{"Amount":34.99,"Currency":"EUR","DisplayAmount":"34,99 €"}}]}}],"SearchURL":"https://www.amazon.es/s?k=blusa+encaje&rh=n%3A3074055031%2Cp_n_availability%3A-1&tag=topinalambricos-21&linkCode=osi","TotalResultCount":1000}},"76":{"SearchResult":{"Items":[{"ASIN":"B09ZP2FTBG","DetailPageURL":"https://www.amazon.es/dp/B09ZP2FTBG?tag=topinalambricos-21&linkCode=osi&th=1&psc=1","Images":{"Primary":{"Small":{"Height":75,"URL":"https://m.media-amazon.com/images/I/51KEPJ5ifkL._SL75_.jpg","Width":75}}},"ItemInfo":{"ByLineInfo":{"Brand":{"DisplayValue":"Bipily","Label":"Brand","Locale":"es_ES"}},"Title":{"DisplayValue":"Bipily Camiseta para Mujer Blusa de Encaje con Cuello en V de Gasa Manga Larga Elegante y Básica Color Sólido Tops(Blanco,S)","Label":"Title","Locale":"es_ES"}},"Offers":{"Summaries":[{"Condition":{"Value":"New"},"LowestPrice":{"Amount":26.99,"Currency":"EUR","DisplayAmount":"26,99 €"}}]}},{"ASIN":"B09XPWJG16","DetailPageURL":"https://www.amazon.es/dp/B09XPWJG16?tag=topinalambricos-21&linkCode=osi&th=1&psc=1","Images":{"Primary":{"Small":{"Height":75,"URL":"https://m.media-amazon.com/images/I/51a1JfNqP4L._SL75_.jpg","Width":59}}},"ItemInfo":{"ByLineInfo":{"Brand":{"DisplayValue":"PANOZON","Label":"Brand","Locale":"es_ES"}},"Title":{"DisplayValue":"PANOZON Mujer Camiseta de Encaje sin Mangas Top Elástico Cuello V Sexy Camisola Cami Casual (L, A-Negro)","Label":"Title","Locale":"es_ES"}},"Offers":{"Summaries":[{"Condition":{"Value":"New"},"LowestPrice":{"Amount":12.99,"Currency":"EUR","DisplayAmount":"12,99 €"}}]}},{"ASIN":"B0BRFZWTQ8","DetailPageURL":"https://www.amazon.es/dp/B0BRFZWTQ8?tag=topinalambricos-21&linkCode=osi&th=1&psc=1","Images":{"Primary":{"Small":{"Height":75,"URL":"https://m.media-amazon.com/images/I/41-vYGBGBiL._SL75_.jpg","Width":58}}},"ItemInfo":{"ByLineInfo":{"Brand":{"DisplayValue":"GRACE KARIN","Label":"Brand","Locale":"es_ES"}},"Title":{"DisplayValue":"Blusa Elegante de Encaje con Manga 3/4 para Mujer Blusa de Color para Primavera y Verano Color Blanco 2XL","Label":"Title","Locale":"es_ES"}},"Offers":{"Summaries":[{"Condition":{"Value":"New"},"LowestPrice":{"Amount":27.99,"Currency":"EUR","DisplayAmount":"27,99 €"}}]}},{"ASIN":"B085R4TJ4J","DetailPageURL":"https://www.amazon.es/dp/B085R4TJ4J?tag=topinalambricos-21&linkCode=osi&th=1&psc=1","Images":{"Primary":{"Small":{"Height":75,"URL":"https://m.media-amazon.com/images/I/41cR4jz1LpS._SL75_.jpg","Width":57}}},"ItemInfo":{"ByLineInfo":{"Brand":{"DisplayValue":"JDY","Label":"Brand","Locale":"es_ES"},"Manufacturer":{"DisplayValue":"JdY","Label":"Manufacturer","Locale":"es_ES"}},"Title":{"DisplayValue":"JDY Jdyblond S/l Top Jrs Noos Blusas, Bailarina De La Nube, XL para Mujer","Label":"Title","Locale":"es_ES"}},"Offers":{"Summaries":[{"Condition":{"Value":"New"},"LowestPrice":{"Amount":9.0,"Currency":"EUR","DisplayAmount":"9,00 €"}}]}},{"ASIN":"B0BNBLDHHP","DetailPageURL":"https://www.amazon.es/dp/B0BNBLDHHP?tag=topinalambricos-21&linkCode=osi&th=1&psc=1","Images":{"Primary":{"Small":{"Height":75,"URL":"https://m.media-amazon.com/images/I/51+17SOyARL._SL75_.jpg","Width":56}}},"ItemInfo":{"ByLineInfo":{"Brand":{"DisplayValue":"GORGLITTER","Label":"Brand","Locale":"es_ES"}},"Title":{"DisplayValue":"GORGLITTER Blusa elegante para mujer, cuello alto, camiseta de manga larga, encaje, túnica con mangas de farol, Blanco, M","Label":"Title","Locale":"es_ES"}},"Offers":{"Summaries":[{"Condition":{"Value":"New"},"LowestPrice":{"Amount":32.19,"Currency":"EUR","DisplayAmount":"32,19 €"}}]}},{"ASIN":"B07G4CYFW3","DetailPageURL":"https://www.amazon.es/dp/B07G4CYFW3?tag=topinalambricos-21&linkCode=osi&th=1&psc=1","Images":{"Primary":{"Small":{"Height":75,"URL":"https://m.media-amazon.com/images/I/51xBN5FTCtL._SL75_.jpg","Width":75}}},"ItemInfo":{"ByLineInfo":{"Brand":{"DisplayValue":"SHOBDW Camisetas de manga larga","Label":"Brand","Locale":"es_ES"}},"Title":{"DisplayValue":"SHOBDW Mujeres Gasa Sólida O Cuello Sexy Encaje Elegante Otoño Tops Casual Blusa Camiseta Camisa de Manga Larga (Blanco,M)","Label":"Title","Locale":"es_ES"}},"Offers":{"Summaries":[{"Condition":{"Value":"New"},"LowestPrice":{"Amount":10.99,"Currency":"EUR","DisplayAmount":"10,99 €"}}]}},{"ASIN":"B0B51T51HB","DetailPageURL":"https://www.amazon.es/dp/B0B51T51HB?tag=topinalambricos-21&linkCode=osi&th=1&psc=1","Images":{"Primary":{"Small":{"Height":75,"URL":"https://m.media-amazon.com/images/I/41Y2dmoUzbL._SL75_.jpg","Width":57}}},"ItemInfo":{"ByLineInfo":{"Brand":{"DisplayValue":"Tuopuda","Label":"Brand","Locale":"es_ES"},"Manufacturer":{"DisplayValue":"GHF-Direct","Label":"Manufacturer","Locale":"es_ES"}},"Title":{"DisplayValue":"Tuopuda Camisetas de Manga Larga para Mujeres Camiseta de Encaje Waffle de Cuello Redondo Casual Sueltas Blusas Tops(Blanco,S)","Label":"Title","Locale":"es_ES"}},"Offers":{"Summaries":[{"Condition":{"Value":"New"},"LowestPrice":{"Amount":19.99,"Currency":"EUR","DisplayAmount":"19,99 €"}}]}},{"ASIN":"B0C4Y4J22J","DetailPageURL":"https://www.amazon.es/dp/B0C4Y4J22J?tag=topinalambricos-21&linkCode=osi&th=1&psc=1","Images":{"Primary":{"Small":{"Height":75,"URL":"https://m.media-amazon.com/images/I/41-8kXZMqAL._SL75_.jpg","Width":56}}},"ItemInfo":{"ByLineInfo":{"Brand":{"DisplayValue":"GORGLITTER","Label":"Brand","Locale":"es_ES"}},"Title":{"DisplayValue":"GORGLITTER Elegante blusa de encaje para mujer, túnica de oficina, blusa de encaje, blusa con volantes, Blanco, XL","Label":"Title","Locale":"es_ES"}},"Offers":{"Summaries":[{"Condition":{"Value":"New"},"LowestPrice":{"Amount":33.28,"Currency":"EUR","DisplayAmount":"33,28 €"}}]}},{"ASIN":"B08RJ9TCN9","DetailPageURL":"https://www.amazon.es/dp/B08RJ9TCN9?tag=topinalambricos-21&linkCode=osi&th=1&psc=1","Images":{"Primary":{"Small":{"Height":75,"URL":"https://m.media-amazon.com/images/I/31N5XuLVTZS._SL75_.jpg","Width":57}}},"ItemInfo":{"ByLineInfo":{"Brand":{"DisplayValue":"SCARLET DARKNESS","Label":"Brand","Locale":"es_ES"}},"Title":{"DisplayValue":"SCARLET DARKNESS Blusa Vintage de Encaje Combinados con Cuello Pico para Mujer S Albaricoque","Label":"Title","Locale":"es_ES"}},"Offers":{"Summaries":[{"Condition":{"Value":"New"},"LowestPrice":{"Amount":29.99,"Currency":"EUR","DisplayAmount":"29,99 €"}}]}},{"ASIN":"B08B1BK4LN","DetailPageURL":"https://www.amazon.es/dp/B08B1BK4LN?tag=topinalambricos-21&linkCode=osi&th=1&psc=1","Images":{"Primary":{"Small":{"Height":75,"URL":"https://m.media-amazon.com/images/I/51WMHsRSCCL._SL75_.jpg","Width":75}}},"ItemInfo":{"ByLineInfo":{"Brand":{"DisplayValue":"Allegra K","Label":"Brand","Locale":"es_ES"},"Manufacturer":{"DisplayValue":"Allegra K","Label":"Manufacturer","Locale":"es_ES"}},"Title":{"DisplayValue":"Allegra K Blusa de Encaje Elegante Floral con Cuello de Volantes de Ganchillo para Mujer Blanco L","Label":"Title","Locale":"es_ES"}},"Offers":{"Summaries":[{"Condition":{"Value":"New"},"LowestPrice":{"Amount":34.99,"Currency":"EUR","DisplayAmount":"34,99 €"}}]}}],"SearchURL":"https://www.amazon.es/s?k=blusa+encaje&rh=n%3A3074055031%2Cp_n_availability%3A-1&tag=topinalambricos-21&linkCode=osi","TotalResultCount":1000}},"77":{"SearchResult":{"Items":[{"ASIN":"B09ZP2FTBG","DetailPageURL":"https://www.amazon.es/dp/B09ZP2FTBG?tag=topinalambricos-21&linkCode=osi&th=1&psc=1","Images":{"Primary":{"Small":{"Height":75,"URL":"https://m.media-amazon.com/images/I/51KEPJ5ifkL._SL75_.jpg","Width":75}}},"ItemInfo":{"ByLineInfo":{"Brand":{"DisplayValue":"Bipily","Label":"Brand","Locale":"es_ES"}},"Title":{"DisplayValue":"Bipily Camiseta para Mujer Blusa de Encaje con Cuello en V de Gasa Manga Larga Elegante y Básica Color Sólido Tops(Blanco,S)","Label":"Title","Locale":"es_ES"}},"Offers":{"Summaries":[{"Condition":{"Value":"New"},"LowestPrice":{"Amount":26.99,"Currency":"EUR","DisplayAmount":"26,99 €"}}]}},{"ASIN":"B09XPWJG16","DetailPageURL":"https://www.amazon.es/dp/B09XPWJG16?tag=topinalambricos-21&linkCode=osi&th=1&psc=1","Images":{"Primary":{"Small":{"Height":75,"URL":"https://m.media-amazon.com/images/I/51a1JfNqP4L._SL75_.jpg","Width":59}}},"ItemInfo":{"ByLineInfo":{"Brand":{"DisplayValue":"PANOZON","Label":"Brand","Locale":"es_ES"}},"Title":{"DisplayValue":"PANOZON Mujer Camiseta de Encaje sin Mangas Top Elástico Cuello V Sexy Camisola Cami Casual (L, A-Negro)","Label":"Title","Locale":"es_ES"}},"Offers":{"Summaries":[{"Condition":{"Value":"New"},"LowestPrice":{"Amount":12.99,"Currency":"EUR","DisplayAmount":"12,99 €"}}]}},{"ASIN":"B0BRFZWTQ8","DetailPageURL":"https://www.amazon.es/dp/B0BRFZWTQ8?tag=topinalambricos-21&linkCode=osi&th=1&psc=1","Images":{"Primary":{"Small":{"Height":75,"URL":"https://m.media-amazon.com/images/I/41-vYGBGBiL._SL75_.jpg","Width":58}}},"ItemInfo":{"ByLineInfo":{"Brand":{"DisplayValue":"GRACE KARIN","Label":"Brand","Locale":"es_ES"}},"Title":{"DisplayValue":"Blusa Elegante de Encaje con Manga 3/4 para Mujer Blusa de Color para Primavera y Verano Color Blanco 2XL","Label":"Title","Locale":"es_ES"}},"Offers":{"Summaries":[{"Condition":{"Value":"New"},"LowestPrice":{"Amount":27.99,"Currency":"EUR","DisplayAmount":"27,99 €"}}]}},{"ASIN":"B085R4TJ4J","DetailPageURL":"https://www.amazon.es/dp/B085R4TJ4J?tag=topinalambricos-21&linkCode=osi&th=1&psc=1","Images":{"Primary":{"Small":{"Height":75,"URL":"https://m.media-amazon.com/images/I/41cR4jz1LpS._SL75_.jpg","Width":57}}},"ItemInfo":{"ByLineInfo":{"Brand":{"DisplayValue":"JDY","Label":"Brand","Locale":"es_ES"},"Manufacturer":{"DisplayValue":"JdY","Label":"Manufacturer","Locale":"es_ES"}},"Title":{"DisplayValue":"JDY Jdyblond S/l Top Jrs Noos Blusas, Bailarina De La Nube, XL para Mujer","Label":"Title","Locale":"es_ES"}},"Offers":{"Summaries":[{"Condition":{"Value":"New"},"LowestPrice":{"Amount":9.0,"Currency":"EUR","DisplayAmount":"9,00 €"}}]}},{"ASIN":"B0BNBLDHHP","DetailPageURL":"https://www.amazon.es/dp/B0BNBLDHHP?tag=topinalambricos-21&linkCode=osi&th=1&psc=1","Images":{"Primary":{"Small":{"Height":75,"URL":"https://m.media-amazon.com/images/I/51+17SOyARL._SL75_.jpg","Width":56}}},"ItemInfo":{"ByLineInfo":{"Brand":{"DisplayValue":"GORGLITTER","Label":"Brand","Locale":"es_ES"}},"Title":{"DisplayValue":"GORGLITTER Blusa elegante para mujer, cuello alto, camiseta de manga larga, encaje, túnica con mangas de farol, Blanco, M","Label":"Title","Locale":"es_ES"}},"Offers":{"Summaries":[{"Condition":{"Value":"New"},"LowestPrice":{"Amount":32.19,"Currency":"EUR","DisplayAmount":"32,19 €"}}]}},{"ASIN":"B07G4CYFW3","DetailPageURL":"https://www.amazon.es/dp/B07G4CYFW3?tag=topinalambricos-21&linkCode=osi&th=1&psc=1","Images":{"Primary":{"Small":{"Height":75,"URL":"https://m.media-amazon.com/images/I/51xBN5FTCtL._SL75_.jpg","Width":75}}},"ItemInfo":{"ByLineInfo":{"Brand":{"DisplayValue":"SHOBDW Camisetas de manga larga","Label":"Brand","Locale":"es_ES"}},"Title":{"DisplayValue":"SHOBDW Mujeres Gasa Sólida O Cuello Sexy Encaje Elegante Otoño Tops Casual Blusa Camiseta Camisa de Manga Larga (Blanco,M)","Label":"Title","Locale":"es_ES"}},"Offers":{"Summaries":[{"Condition":{"Value":"New"},"LowestPrice":{"Amount":10.99,"Currency":"EUR","DisplayAmount":"10,99 €"}}]}},{"ASIN":"B0B51T51HB","DetailPageURL":"https://www.amazon.es/dp/B0B51T51HB?tag=topinalambricos-21&linkCode=osi&th=1&psc=1","Images":{"Primary":{"Small":{"Height":75,"URL":"https://m.media-amazon.com/images/I/41Y2dmoUzbL._SL75_.jpg","Width":57}}},"ItemInfo":{"ByLineInfo":{"Brand":{"DisplayValue":"Tuopuda","Label":"Brand","Locale":"es_ES"},"Manufacturer":{"DisplayValue":"GHF-Direct","Label":"Manufacturer","Locale":"es_ES"}},"Title":{"DisplayValue":"Tuopuda Camisetas de Manga Larga para Mujeres Camiseta de Encaje Waffle de Cuello Redondo Casual Sueltas Blusas Tops(Blanco,S)","Label":"Title","Locale":"es_ES"}},"Offers":{"Summaries":[{"Condition":{"Value":"New"},"LowestPrice":{"Amount":19.99,"Currency":"EUR","DisplayAmount":"19,99 €"}}]}},{"ASIN":"B0C4Y4J22J","DetailPageURL":"https://www.amazon.es/dp/B0C4Y4J22J?tag=topinalambricos-21&linkCode=osi&th=1&psc=1","Images":{"Primary":{"Small":{"Height":75,"URL":"https://m.media-amazon.com/images/I/41-8kXZMqAL._SL75_.jpg","Width":56}}},"ItemInfo":{"ByLineInfo":{"Brand":{"DisplayValue":"GORGLITTER","Label":"Brand","Locale":"es_ES"}},"Title":{"DisplayValue":"GORGLITTER Elegante blusa de encaje para mujer, túnica de oficina, blusa de encaje, blusa con volantes, Blanco, XL","Label":"Title","Locale":"es_ES"}},"Offers":{"Summaries":[{"Condition":{"Value":"New"},"LowestPrice":{"Amount":33.28,"Currency":"EUR","DisplayAmount":"33,28 €"}}]}},{"ASIN":"B08RJ9TCN9","DetailPageURL":"https://www.amazon.es/dp/B08RJ9TCN9?tag=topinalambricos-21&linkCode=osi&th=1&psc=1","Images":{"Primary":{"Small":{"Height":75,"URL":"https://m.media-amazon.com/images/I/31N5XuLVTZS._SL75_.jpg","Width":57}}},"ItemInfo":{"ByLineInfo":{"Brand":{"DisplayValue":"SCARLET DARKNESS","Label":"Brand","Locale":"es_ES"}},"Title":{"DisplayValue":"SCARLET DARKNESS Blusa Vintage de Encaje Combinados con Cuello Pico para Mujer S Albaricoque","Label":"Title","Locale":"es_ES"}},"Offers":{"Summaries":[{"Condition":{"Value":"New"},"LowestPrice":{"Amount":29.99,"Currency":"EUR","DisplayAmount":"29,99 €"}}]}},{"ASIN":"B08B1BK4LN","DetailPageURL":"https://www.amazon.es/dp/B08B1BK4LN?tag=topinalambricos-21&linkCode=osi&th=1&psc=1","Images":{"Primary":{"Small":{"Height":75,"URL":"https://m.media-amazon.com/images/I/51WMHsRSCCL._SL75_.jpg","Width":75}}},"ItemInfo":{"ByLineInfo":{"Brand":{"DisplayValue":"Allegra K","Label":"Brand","Locale":"es_ES"},"Manufacturer":{"DisplayValue":"Allegra K","Label":"Manufacturer","Locale":"es_ES"}},"Title":{"DisplayValue":"Allegra K Blusa de Encaje Elegante Floral con Cuello de Volantes de Ganchillo para Mujer Blanco L","Label":"Title","Locale":"es_ES"}},"Offers":{"Summaries":[{"Condition":{"Value":"New"},"LowestPrice":{"Amount":34.99,"Currency":"EUR","DisplayAmount":"34,99 €"}}]}}],"SearchURL":"https://www.amazon.es/s?k=blusa+encaje&rh=n%3A3074055031%2Cp_n_availability%3A-1&tag=topinalambricos-21&linkCode=osi","TotalResultCount":1000}},"78":{"SearchResult":{"Items":[{"ASIN":"B09ZP2FTBG","DetailPageURL":"https://www.amazon.es/dp/B09ZP2FTBG?tag=topinalambricos-21&linkCode=osi&th=1&psc=1","Images":{"Primary":{"Small":{"Height":75,"URL":"https://m.media-amazon.com/images/I/51KEPJ5ifkL._SL75_.jpg","Width":75}}},"ItemInfo":{"ByLineInfo":{"Brand":{"DisplayValue":"Bipily","Label":"Brand","Locale":"es_ES"}},"Title":{"DisplayValue":"Bipily Camiseta para Mujer Blusa de Encaje con Cuello en V de Gasa Manga Larga Elegante y Básica Color Sólido Tops(Blanco,S)","Label":"Title","Locale":"es_ES"}},"Offers":{"Summaries":[{"Condition":{"Value":"New"},"LowestPrice":{"Amount":26.99,"Currency":"EUR","DisplayAmount":"26,99 €"}}]}},{"ASIN":"B09XPWJG16","DetailPageURL":"https://www.amazon.es/dp/B09XPWJG16?tag=topinalambricos-21&linkCode=osi&th=1&psc=1","Images":{"Primary":{"Small":{"Height":75,"URL":"https://m.media-amazon.com/images/I/51a1JfNqP4L._SL75_.jpg","Width":59}}},"ItemInfo":{"ByLineInfo":{"Brand":{"DisplayValue":"PANOZON","Label":"Brand","Locale":"es_ES"}},"Title":{"DisplayValue":"PANOZON Mujer Camiseta de Encaje sin Mangas Top Elástico Cuello V Sexy Camisola Cami Casual (L, A-Negro)","Label":"Title","Locale":"es_ES"}},"Offers":{"Summaries":[{"Condition":{"Value":"New"},"LowestPrice":{"Amount":12.99,"Currency":"EUR","DisplayAmount":"12,99 €"}}]}},{"ASIN":"B0BRFZWTQ8","DetailPageURL":"https://www.amazon.es/dp/B0BRFZWTQ8?tag=topinalambricos-21&linkCode=osi&th=1&psc=1","Images":{"Primary":{"Small":{"Height":75,"URL":"https://m.media-amazon.com/images/I/41-vYGBGBiL._SL75_.jpg","Width":58}}},"ItemInfo":{"ByLineInfo":{"Brand":{"DisplayValue":"GRACE KARIN","Label":"Brand","Locale":"es_ES"}},"Title":{"DisplayValue":"Blusa Elegante de Encaje con Manga 3/4 para Mujer Blusa de Color para Primavera y Verano Color Blanco 2XL","Label":"Title","Locale":"es_ES"}},"Offers":{"Summaries":[{"Condition":{"Value":"New"},"LowestPrice":{"Amount":27.99,"Currency":"EUR","DisplayAmount":"27,99 €"}}]}},{"ASIN":"B085R4TJ4J","DetailPageURL":"https://www.amazon.es/dp/B085R4TJ4J?tag=topinalambricos-21&linkCode=osi&th=1&psc=1","Images":{"Primary":{"Small":{"Height":75,"URL":"https://m.media-amazon.com/images/I/41cR4jz1LpS._SL75_.jpg","Width":57}}},"ItemInfo":{"ByLineInfo":{"Brand":{"DisplayValue":"JDY","Label":"Brand","Locale":"es_ES"},"Manufacturer":{"DisplayValue":"JdY","Label":"Manufacturer","Locale":"es_ES"}},"Title":{"DisplayValue":"JDY Jdyblond S/l Top Jrs Noos Blusas, Bailarina De La Nube, XL para Mujer","Label":"Title","Locale":"es_ES"}},"Offers":{"Summaries":[{"Condition":{"Value":"New"},"LowestPrice":{"Amount":9.0,"Currency":"EUR","DisplayAmount":"9,00 €"}}]}},{"ASIN":"B0BNBLDHHP","DetailPageURL":"https://www.amazon.es/dp/B0BNBLDHHP?tag=topinalambricos-21&linkCode=osi&th=1&psc=1","Images":{"Primary":{"Small":{"Height":75,"URL":"https://m.media-amazon.com/images/I/51+17SOyARL._SL75_.jpg","Width":56}}},"ItemInfo":{"ByLineInfo":{"Brand":{"DisplayValue":"GORGLITTER","Label":"Brand","Locale":"es_ES"}},"Title":{"DisplayValue":"GORGLITTER Blusa elegante para mujer, cuello alto, camiseta de manga larga, encaje, túnica con mangas de farol, Blanco, M","Label":"Title","Locale":"es_ES"}},"Offers":{"Summaries":[{"Condition":{"Value":"New"},"LowestPrice":{"Amount":32.19,"Currency":"EUR","DisplayAmount":"32,19 €"}}]}},{"ASIN":"B07G4CYFW3","DetailPageURL":"https://www.amazon.es/dp/B07G4CYFW3?tag=topinalambricos-21&linkCode=osi&th=1&psc=1","Images":{"Primary":{"Small":{"Height":75,"URL":"https://m.media-amazon.com/images/I/51xBN5FTCtL._SL75_.jpg","Width":75}}},"ItemInfo":{"ByLineInfo":{"Brand":{"DisplayValue":"SHOBDW Camisetas de manga larga","Label":"Brand","Locale":"es_ES"}},"Title":{"DisplayValue":"SHOBDW Mujeres Gasa Sólida O Cuello Sexy Encaje Elegante Otoño Tops Casual Blusa Camiseta Camisa de Manga Larga (Blanco,M)","Label":"Title","Locale":"es_ES"}},"Offers":{"Summaries":[{"Condition":{"Value":"New"},"LowestPrice":{"Amount":10.99,"Currency":"EUR","DisplayAmount":"10,99 €"}}]}},{"ASIN":"B0B51T51HB","DetailPageURL":"https://www.amazon.es/dp/B0B51T51HB?tag=topinalambricos-21&linkCode=osi&th=1&psc=1","Images":{"Primary":{"Small":{"Height":75,"URL":"https://m.media-amazon.com/images/I/41Y2dmoUzbL._SL75_.jpg","Width":57}}},"ItemInfo":{"ByLineInfo":{"Brand":{"DisplayValue":"Tuopuda","Label":"Brand","Locale":"es_ES"},"Manufacturer":{"DisplayValue":"GHF-Direct","Label":"Manufacturer","Locale":"es_ES"}},"Title":{"DisplayValue":"Tuopuda Camisetas de Manga Larga para Mujeres Camiseta de Encaje Waffle de Cuello Redondo Casual Sueltas Blusas Tops(Blanco,S)","Label":"Title","Locale":"es_ES"}},"Offers":{"Summaries":[{"Condition":{"Value":"New"},"LowestPrice":{"Amount":19.99,"Currency":"EUR","DisplayAmount":"19,99 €"}}]}},{"ASIN":"B0C4Y4J22J","DetailPageURL":"https://www.amazon.es/dp/B0C4Y4J22J?tag=topinalambricos-21&linkCode=osi&th=1&psc=1","Images":{"Primary":{"Small":{"Height":75,"URL":"https://m.media-amazon.com/images/I/41-8kXZMqAL._SL75_.jpg","Width":56}}},"ItemInfo":{"ByLineInfo":{"Brand":{"DisplayValue":"GORGLITTER","Label":"Brand","Locale":"es_ES"}},"Title":{"DisplayValue":"GORGLITTER Elegante blusa de encaje para mujer, túnica de oficina, blusa de encaje, blusa con volantes, Blanco, XL","Label":"Title","Locale":"es_ES"}},"Offers":{"Summaries":[{"Condition":{"Value":"New"},"LowestPrice":{"Amount":33.28,"Currency":"EUR","DisplayAmount":"33,28 €"}}]}},{"ASIN":"B08RJ9TCN9","DetailPageURL":"https://www.amazon.es/dp/B08RJ9TCN9?tag=topinalambricos-21&linkCode=osi&th=1&psc=1","Images":{"Primary":{"Small":{"Height":75,"URL":"https://m.media-amazon.com/images/I/31N5XuLVTZS._SL75_.jpg","Width":57}}},"ItemInfo":{"ByLineInfo":{"Brand":{"DisplayValue":"SCARLET DARKNESS","Label":"Brand","Locale":"es_ES"}},"Title":{"DisplayValue":"SCARLET DARKNESS Blusa Vintage de Encaje Combinados con Cuello Pico para Mujer S Albaricoque","Label":"Title","Locale":"es_ES"}},"Offers":{"Summaries":[{"Condition":{"Value":"New"},"LowestPrice":{"Amount":29.99,"Currency":"EUR","DisplayAmount":"29,99 €"}}]}},{"ASIN":"B08B1BK4LN","DetailPageURL":"https://www.amazon.es/dp/B08B1BK4LN?tag=topinalambricos-21&linkCode=osi&th=1&psc=1","Images":{"Primary":{"Small":{"Height":75,"URL":"https://m.media-amazon.com/images/I/51WMHsRSCCL._SL75_.jpg","Width":75}}},"ItemInfo":{"ByLineInfo":{"Brand":{"DisplayValue":"Allegra K","Label":"Brand","Locale":"es_ES"},"Manufacturer":{"DisplayValue":"Allegra K","Label":"Manufacturer","Locale":"es_ES"}},"Title":{"DisplayValue":"Allegra K Blusa de Encaje Elegante Floral con Cuello de Volantes de Ganchillo para Mujer Blanco L","Label":"Title","Locale":"es_ES"}},"Offers":{"Summaries":[{"Condition":{"Value":"New"},"LowestPrice":{"Amount":34.99,"Currency":"EUR","DisplayAmount":"34,99 €"}}]}}],"SearchURL":"https://www.amazon.es/s?k=blusa+encaje&rh=n%3A3074055031%2Cp_n_availability%3A-1&tag=topinalambricos-21&linkCode=osi","TotalResultCount":1000}},"79":{"SearchResult":{"Items":[{"ASIN":"B09ZP2FTBG","DetailPageURL":"https://www.amazon.es/dp/B09ZP2FTBG?tag=topinalambricos-21&linkCode=osi&th=1&psc=1","Images":{"Primary":{"Small":{"Height":75,"URL":"https://m.media-amazon.com/images/I/51KEPJ5ifkL._SL75_.jpg","Width":75}}},"ItemInfo":{"ByLineInfo":{"Brand":{"DisplayValue":"Bipily","Label":"Brand","Locale":"es_ES"}},"Title":{"DisplayValue":"Bipily Camiseta para Mujer Blusa de Encaje con Cuello en V de Gasa Manga Larga Elegante y Básica Color Sólido Tops(Blanco,S)","Label":"Title","Locale":"es_ES"}},"Offers":{"Summaries":[{"Condition":{"Value":"New"},"LowestPrice":{"Amount":26.99,"Currency":"EUR","DisplayAmount":"26,99 €"}}]}},{"ASIN":"B09XPWJG16","DetailPageURL":"https://www.amazon.es/dp/B09XPWJG16?tag=topinalambricos-21&linkCode=osi&th=1&psc=1","Images":{"Primary":{"Small":{"Height":75,"URL":"https://m.media-amazon.com/images/I/51a1JfNqP4L._SL75_.jpg","Width":59}}},"ItemInfo":{"ByLineInfo":{"Brand":{"DisplayValue":"PANOZON","Label":"Brand","Locale":"es_ES"}},"Title":{"DisplayValue":"PANOZON Mujer Camiseta de Encaje sin Mangas Top Elástico Cuello V Sexy Camisola Cami Casual (L, A-Negro)","Label":"Title","Locale":"es_ES"}},"Offers":{"Summaries":[{"Condition":{"Value":"New"},"LowestPrice":{"Amount":12.99,"Currency":"EUR","DisplayAmount":"12,99 €"}}]}},{"ASIN":"B0BRFZWTQ8","DetailPageURL":"https://www.amazon.es/dp/B0BRFZWTQ8?tag=topinalambricos-21&linkCode=osi&th=1&psc=1","Images":{"Primary":{"Small":{"Height":75,"URL":"https://m.media-amazon.com/images/I/41-vYGBGBiL._SL75_.jpg","Width":58}}},"ItemInfo":{"ByLineInfo":{"Brand":{"DisplayValue":"GRACE KARIN","Label":"Brand","Locale":"es_ES"}},"Title":{"DisplayValue":"Blusa Elegante de Encaje con Manga 3/4 para Mujer Blusa de Color para Primavera y Verano Color Blanco 2XL","Label":"Title","Locale":"es_ES"}},"Offers":{"Summaries":[{"Condition":{"Value":"New"},"LowestPrice":{"Amount":27.99,"Currency":"EUR","DisplayAmount":"27,99 €"}}]}},{"ASIN":"B085R4TJ4J","DetailPageURL":"https://www.amazon.es/dp/B085R4TJ4J?tag=topinalambricos-21&linkCode=osi&th=1&psc=1","Images":{"Primary":{"Small":{"Height":75,"URL":"https://m.media-amazon.com/images/I/41cR4jz1LpS._SL75_.jpg","Width":57}}},"ItemInfo":{"ByLineInfo":{"Brand":{"DisplayValue":"JDY","Label":"Brand","Locale":"es_ES"},"Manufacturer":{"DisplayValue":"JdY","Label":"Manufacturer","Locale":"es_ES"}},"Title":{"DisplayValue":"JDY Jdyblond S/l Top Jrs Noos Blusas, Bailarina De La Nube, XL para Mujer","Label":"Title","Locale":"es_ES"}},"Offers":{"Summaries":[{"Condition":{"Value":"New"},"LowestPrice":{"Amount":9.0,"Currency":"EUR","DisplayAmount":"9,00 €"}}]}},{"ASIN":"B0BNBLDHHP","DetailPageURL":"https://www.amazon.es/dp/B0BNBLDHHP?tag=topinalambricos-21&linkCode=osi&th=1&psc=1","Images":{"Primary":{"Small":{"Height":75,"URL":"https://m.media-amazon.com/images/I/51+17SOyARL._SL75_.jpg","Width":56}}},"ItemInfo":{"ByLineInfo":{"Brand":{"DisplayValue":"GORGLITTER","Label":"Brand","Locale":"es_ES"}},"Title":{"DisplayValue":"GORGLITTER Blusa elegante para mujer, cuello alto, camiseta de manga larga, encaje, túnica con mangas de farol, Blanco, M","Label":"Title","Locale":"es_ES"}},"Offers":{"Summaries":[{"Condition":{"Value":"New"},"LowestPrice":{"Amount":32.19,"Currency":"EUR","DisplayAmount":"32,19 €"}}]}},{"ASIN":"B07G4CYFW3","DetailPageURL":"https://www.amazon.es/dp/B07G4CYFW3?tag=topinalambricos-21&linkCode=osi&th=1&psc=1","Images":{"Primary":{"Small":{"Height":75,"URL":"https://m.media-amazon.com/images/I/51xBN5FTCtL._SL75_.jpg","Width":75}}},"ItemInfo":{"ByLineInfo":{"Brand":{"DisplayValue":"SHOBDW Camisetas de manga larga","Label":"Brand","Locale":"es_ES"}},"Title":{"DisplayValue":"SHOBDW Mujeres Gasa Sólida O Cuello Sexy Encaje Elegante Otoño Tops Casual Blusa Camiseta Camisa de Manga Larga (Blanco,M)","Label":"Title","Locale":"es_ES"}},"Offers":{"Summaries":[{"Condition":{"Value":"New"},"LowestPrice":{"Amount":10.99,"Currency":"EUR","DisplayAmount":"10,99 €"}}]}},{"ASIN":"B0B51T51HB","DetailPageURL":"https://www.amazon.es/dp/B0B51T51HB?tag=topinalambricos-21&linkCode=osi&th=1&psc=1","Images":{"Primary":{"Small":{"Height":75,"URL":"https://m.media-amazon.com/images/I/41Y2dmoUzbL._SL75_.jpg","Width":57}}},"ItemInfo":{"ByLineInfo":{"Brand":{"DisplayValue":"Tuopuda","Label":"Brand","Locale":"es_ES"},"Manufacturer":{"DisplayValue":"GHF-Direct","Label":"Manufacturer","Locale":"es_ES"}},"Title":{"DisplayValue":"Tuopuda Camisetas de Manga Larga para Mujeres Camiseta de Encaje Waffle de Cuello Redondo Casual Sueltas Blusas Tops(Blanco,S)","Label":"Title","Locale":"es_ES"}},"Offers":{"Summaries":[{"Condition":{"Value":"New"},"LowestPrice":{"Amount":19.99,"Currency":"EUR","DisplayAmount":"19,99 €"}}]}},{"ASIN":"B0C4Y4J22J","DetailPageURL":"https://www.amazon.es/dp/B0C4Y4J22J?tag=topinalambricos-21&linkCode=osi&th=1&psc=1","Images":{"Primary":{"Small":{"Height":75,"URL":"https://m.media-amazon.com/images/I/41-8kXZMqAL._SL75_.jpg","Width":56}}},"ItemInfo":{"ByLineInfo":{"Brand":{"DisplayValue":"GORGLITTER","Label":"Brand","Locale":"es_ES"}},"Title":{"DisplayValue":"GORGLITTER Elegante blusa de encaje para mujer, túnica de oficina, blusa de encaje, blusa con volantes, Blanco, XL","Label":"Title","Locale":"es_ES"}},"Offers":{"Summaries":[{"Condition":{"Value":"New"},"LowestPrice":{"Amount":33.28,"Currency":"EUR","DisplayAmount":"33,28 €"}}]}},{"ASIN":"B08RJ9TCN9","DetailPageURL":"https://www.amazon.es/dp/B08RJ9TCN9?tag=topinalambricos-21&linkCode=osi&th=1&psc=1","Images":{"Primary":{"Small":{"Height":75,"URL":"https://m.media-amazon.com/images/I/31N5XuLVTZS._SL75_.jpg","Width":57}}},"ItemInfo":{"ByLineInfo":{"Brand":{"DisplayValue":"SCARLET DARKNESS","Label":"Brand","Locale":"es_ES"}},"Title":{"DisplayValue":"SCARLET DARKNESS Blusa Vintage de Encaje Combinados con Cuello Pico para Mujer S Albaricoque","Label":"Title","Locale":"es_ES"}},"Offers":{"Summaries":[{"Condition":{"Value":"New"},"LowestPrice":{"Amount":29.99,"Currency":"EUR","DisplayAmount":"29,99 €"}}]}},{"ASIN":"B08B1BK4LN","DetailPageURL":"https://www.amazon.es/dp/B08B1BK4LN?tag=topinalambricos-21&linkCode=osi&th=1&psc=1","Images":{"Primary":{"Small":{"Height":75,"URL":"https://m.media-amazon.com/images/I/51WMHsRSCCL._SL75_.jpg","Width":75}}},"ItemInfo":{"ByLineInfo":{"Brand":{"DisplayValue":"Allegra K","Label":"Brand","Locale":"es_ES"},"Manufacturer":{"DisplayValue":"Allegra K","Label":"Manufacturer","Locale":"es_ES"}},"Title":{"DisplayValue":"Allegra K Blusa de Encaje Elegante Floral con Cuello de Volantes de Ganchillo para Mujer Blanco L","Label":"Title","Locale":"es_ES"}},"Offers":{"Summaries":[{"Condition":{"Value":"New"},"LowestPrice":{"Amount":34.99,"Currency":"EUR","DisplayAmount":"34,99 €"}}]}}],"SearchURL":"https://www.amazon.es/s?k=blusa+encaje&rh=n%3A3074055031%2Cp_n_availability%3A-1&tag=topinalambricos-21&linkCode=osi","TotalResultCount":1000}},"80":{"SearchResult":{"Items":[{"ASIN":"B09ZP2FTBG","DetailPageURL":"https://www.amazon.es/dp/B09ZP2FTBG?tag=topinalambricos-21&linkCode=osi&th=1&psc=1","Images":{"Primary":{"Small":{"Height":75,"URL":"https://m.media-amazon.com/images/I/51KEPJ5ifkL._SL75_.jpg","Width":75}}},"ItemInfo":{"ByLineInfo":{"Brand":{"DisplayValue":"Bipily","Label":"Brand","Locale":"es_ES"}},"Title":{"DisplayValue":"Bipily Camiseta para Mujer Blusa de Encaje con Cuello en V de Gasa Manga Larga Elegante y Básica Color Sólido Tops(Blanco,S)","Label":"Title","Locale":"es_ES"}},"Offers":{"Summaries":[{"Condition":{"Value":"New"},"LowestPrice":{"Amount":26.99,"Currency":"EUR","DisplayAmount":"26,99 €"}}]}},{"ASIN":"B09XPWJG16","DetailPageURL":"https://www.amazon.es/dp/B09XPWJG16?tag=topinalambricos-21&linkCode=osi&th=1&psc=1","Images":{"Primary":{"Small":{"Height":75,"URL":"https://m.media-amazon.com/images/I/51a1JfNqP4L._SL75_.jpg","Width":59}}},"ItemInfo":{"ByLineInfo":{"Brand":{"DisplayValue":"PANOZON","Label":"Brand","Locale":"es_ES"}},"Title":{"DisplayValue":"PANOZON Mujer Camiseta de Encaje sin Mangas Top Elástico Cuello V Sexy Camisola Cami Casual (L, A-Negro)","Label":"Title","Locale":"es_ES"}},"Offers":{"Summaries":[{"Condition":{"Value":"New"},"LowestPrice":{"Amount":12.99,"Currency":"EUR","DisplayAmount":"12,99 €"}}]}},{"ASIN":"B0BRFZWTQ8","DetailPageURL":"https://www.amazon.es/dp/B0BRFZWTQ8?tag=topinalambricos-21&linkCode=osi&th=1&psc=1","Images":{"Primary":{"Small":{"Height":75,"URL":"https://m.media-amazon.com/images/I/41-vYGBGBiL._SL75_.jpg","Width":58}}},"ItemInfo":{"ByLineInfo":{"Brand":{"DisplayValue":"GRACE KARIN","Label":"Brand","Locale":"es_ES"}},"Title":{"DisplayValue":"Blusa Elegante de Encaje con Manga 3/4 para Mujer Blusa de Color para Primavera y Verano Color Blanco 2XL","Label":"Title","Locale":"es_ES"}},"Offers":{"Summaries":[{"Condition":{"Value":"New"},"LowestPrice":{"Amount":27.99,"Currency":"EUR","DisplayAmount":"27,99 €"}}]}},{"ASIN":"B085R4TJ4J","DetailPageURL":"https://www.amazon.es/dp/B085R4TJ4J?tag=topinalambricos-21&linkCode=osi&th=1&psc=1","Images":{"Primary":{"Small":{"Height":75,"URL":"https://m.media-amazon.com/images/I/41cR4jz1LpS._SL75_.jpg","Width":57}}},"ItemInfo":{"ByLineInfo":{"Brand":{"DisplayValue":"JDY","Label":"Brand","Locale":"es_ES"},"Manufacturer":{"DisplayValue":"JdY","Label":"Manufacturer","Locale":"es_ES"}},"Title":{"DisplayValue":"JDY Jdyblond S/l Top Jrs Noos Blusas, Bailarina De La Nube, XL para Mujer","Label":"Title","Locale":"es_ES"}},"Offers":{"Summaries":[{"Condition":{"Value":"New"},"LowestPrice":{"Amount":9.0,"Currency":"EUR","DisplayAmount":"9,00 €"}}]}},{"ASIN":"B0BNBLDHHP","DetailPageURL":"https://www.amazon.es/dp/B0BNBLDHHP?tag=topinalambricos-21&linkCode=osi&th=1&psc=1","Images":{"Primary":{"Small":{"Height":75,"URL":"https://m.media-amazon.com/images/I/51+17SOyARL._SL75_.jpg","Width":56}}},"ItemInfo":{"ByLineInfo":{"Brand":{"DisplayValue":"GORGLITTER","Label":"Brand","Locale":"es_ES"}},"Title":{"DisplayValue":"GORGLITTER Blusa elegante para mujer, cuello alto, camiseta de manga larga, encaje, túnica con mangas de farol, Blanco, M","Label":"Title","Locale":"es_ES"}},"Offers":{"Summaries":[{"Condition":{"Value":"New"},"LowestPrice":{"Amount":32.19,"Currency":"EUR","DisplayAmount":"32,19 €"}}]}},{"ASIN":"B07G4CYFW3","DetailPageURL":"https://www.amazon.es/dp/B07G4CYFW3?tag=topinalambricos-21&linkCode=osi&th=1&psc=1","Images":{"Primary":{"Small":{"Height":75,"URL":"https://m.media-amazon.com/images/I/51xBN5FTCtL._SL75_.jpg","Width":75}}},"ItemInfo":{"ByLineInfo":{"Brand":{"DisplayValue":"SHOBDW Camisetas de manga larga","Label":"Brand","Locale":"es_ES"}},"Title":{"DisplayValue":"SHOBDW Mujeres Gasa Sólida O Cuello Sexy Encaje Elegante Otoño Tops Casual Blusa Camiseta Camisa de Manga Larga (Blanco,M)","Label":"Title","Locale":"es_ES"}},"Offers":{"Summaries":[{"Condition":{"Value":"New"},"LowestPrice":{"Amount":10.99,"Currency":"EUR","DisplayAmount":"10,99 €"}}]}},{"ASIN":"B0B51T51HB","DetailPageURL":"https://www.amazon.es/dp/B0B51T51HB?tag=topinalambricos-21&linkCode=osi&th=1&psc=1","Images":{"Primary":{"Small":{"Height":75,"URL":"https://m.media-amazon.com/images/I/41Y2dmoUzbL._SL75_.jpg","Width":57}}},"ItemInfo":{"ByLineInfo":{"Brand":{"DisplayValue":"Tuopuda","Label":"Brand","Locale":"es_ES"},"Manufacturer":{"DisplayValue":"GHF-Direct","Label":"Manufacturer","Locale":"es_ES"}},"Title":{"DisplayValue":"Tuopuda Camisetas de Manga Larga para Mujeres Camiseta de Encaje Waffle de Cuello Redondo Casual Sueltas Blusas Tops(Blanco,S)","Label":"Title","Locale":"es_ES"}},"Offers":{"Summaries":[{"Condition":{"Value":"New"},"LowestPrice":{"Amount":19.99,"Currency":"EUR","DisplayAmount":"19,99 €"}}]}},{"ASIN":"B0C4Y4J22J","DetailPageURL":"https://www.amazon.es/dp/B0C4Y4J22J?tag=topinalambricos-21&linkCode=osi&th=1&psc=1","Images":{"Primary":{"Small":{"Height":75,"URL":"https://m.media-amazon.com/images/I/41-8kXZMqAL._SL75_.jpg","Width":56}}},"ItemInfo":{"ByLineInfo":{"Brand":{"DisplayValue":"GORGLITTER","Label":"Brand","Locale":"es_ES"}},"Title":{"DisplayValue":"GORGLITTER Elegante blusa de encaje para mujer, túnica de oficina, blusa de encaje, blusa con volantes, Blanco, XL","Label":"Title","Locale":"es_ES"}},"Offers":{"Summaries":[{"Condition":{"Value":"New"},"LowestPrice":{"Amount":33.28,"Currency":"EUR","DisplayAmount":"33,28 €"}}]}},{"ASIN":"B08RJ9TCN9","DetailPageURL":"https://www.amazon.es/dp/B08RJ9TCN9?tag=topinalambricos-21&linkCode=osi&th=1&psc=1","Images":{"Primary":{"Small":{"Height":75,"URL":"https://m.media-amazon.com/images/I/31N5XuLVTZS._SL75_.jpg","Width":57}}},"ItemInfo":{"ByLineInfo":{"Brand":{"DisplayValue":"SCARLET DARKNESS","Label":"Brand","Locale":"es_ES"}},"Title":{"DisplayValue":"SCARLET DARKNESS Blusa Vintage de Encaje Combinados con Cuello Pico para Mujer S Albaricoque","Label":"Title","Locale":"es_ES"}},"Offers":{"Summaries":[{"Condition":{"Value":"New"},"LowestPrice":{"Amount":29.99,"Currency":"EUR","DisplayAmount":"29,99 €"}}]}},{"ASIN":"B08B1BK4LN","DetailPageURL":"https://www.amazon.es/dp/B08B1BK4LN?tag=topinalambricos-21&linkCode=osi&th=1&psc=1","Images":{"Primary":{"Small":{"Height":75,"URL":"https://m.media-amazon.com/images/I/51WMHsRSCCL._SL75_.jpg","Width":75}}},"ItemInfo":{"ByLineInfo":{"Brand":{"DisplayValue":"Allegra K","Label":"Brand","Locale":"es_ES"},"Manufacturer":{"DisplayValue":"Allegra K","Label":"Manufacturer","Locale":"es_ES"}},"Title":{"DisplayValue":"Allegra K Blusa de Encaje Elegante Floral con Cuello de Volantes de Ganchillo para Mujer Blanco L","Label":"Title","Locale":"es_ES"}},"Offers":{"Summaries":[{"Condition":{"Value":"New"},"LowestPrice":{"Amount":34.99,"Currency":"EUR","DisplayAmount":"34,99 €"}}]}}],"SearchURL":"https://www.amazon.es/s?k=blusa+encaje&rh=n%3A3074055031%2Cp_n_availability%3A-1&tag=topinalambricos-21&linkCode=osi","TotalResultCount":1000}},"81":{"SearchResult":{"Items":[{"ASIN":"B09ZP2FTBG","DetailPageURL":"https://www.amazon.es/dp/B09ZP2FTBG?tag=topinalambricos-21&linkCode=osi&th=1&psc=1","Images":{"Primary":{"Small":{"Height":75,"URL":"https://m.media-amazon.com/images/I/51KEPJ5ifkL._SL75_.jpg","Width":75}}},"ItemInfo":{"ByLineInfo":{"Brand":{"DisplayValue":"Bipily","Label":"Brand","Locale":"es_ES"}},"Title":{"DisplayValue":"Bipily Camiseta para Mujer Blusa de Encaje con Cuello en V de Gasa Manga Larga Elegante y Básica Color Sólido Tops(Blanco,S)","Label":"Title","Locale":"es_ES"}},"Offers":{"Summaries":[{"Condition":{"Value":"New"},"LowestPrice":{"Amount":26.99,"Currency":"EUR","DisplayAmount":"26,99 €"}}]}},{"ASIN":"B09XPWJG16","DetailPageURL":"https://www.amazon.es/dp/B09XPWJG16?tag=topinalambricos-21&linkCode=osi&th=1&psc=1","Images":{"Primary":{"Small":{"Height":75,"URL":"https://m.media-amazon.com/images/I/51a1JfNqP4L._SL75_.jpg","Width":59}}},"ItemInfo":{"ByLineInfo":{"Brand":{"DisplayValue":"PANOZON","Label":"Brand","Locale":"es_ES"}},"Title":{"DisplayValue":"PANOZON Mujer Camiseta de Encaje sin Mangas Top Elástico Cuello V Sexy Camisola Cami Casual (L, A-Negro)","Label":"Title","Locale":"es_ES"}},"Offers":{"Summaries":[{"Condition":{"Value":"New"},"LowestPrice":{"Amount":12.99,"Currency":"EUR","DisplayAmount":"12,99 €"}}]}},{"ASIN":"B0BRFZWTQ8","DetailPageURL":"https://www.amazon.es/dp/B0BRFZWTQ8?tag=topinalambricos-21&linkCode=osi&th=1&psc=1","Images":{"Primary":{"Small":{"Height":75,"URL":"https://m.media-amazon.com/images/I/41-vYGBGBiL._SL75_.jpg","Width":58}}},"ItemInfo":{"ByLineInfo":{"Brand":{"DisplayValue":"GRACE KARIN","Label":"Brand","Locale":"es_ES"}},"Title":{"DisplayValue":"Blusa Elegante de Encaje con Manga 3/4 para Mujer Blusa de Color para Primavera y Verano Color Blanco 2XL","Label":"Title","Locale":"es_ES"}},"Offers":{"Summaries":[{"Condition":{"Value":"New"},"LowestPrice":{"Amount":27.99,"Currency":"EUR","DisplayAmount":"27,99 €"}}]}},{"ASIN":"B085R4TJ4J","DetailPageURL":"https://www.amazon.es/dp/B085R4TJ4J?tag=topinalambricos-21&linkCode=osi&th=1&psc=1","Images":{"Primary":{"Small":{"Height":75,"URL":"https://m.media-amazon.com/images/I/41cR4jz1LpS._SL75_.jpg","Width":57}}},"ItemInfo":{"ByLineInfo":{"Brand":{"DisplayValue":"JDY","Label":"Brand","Locale":"es_ES"},"Manufacturer":{"DisplayValue":"JdY","Label":"Manufacturer","Locale":"es_ES"}},"Title":{"DisplayValue":"JDY Jdyblond S/l Top Jrs Noos Blusas, Bailarina De La Nube, XL para Mujer","Label":"Title","Locale":"es_ES"}},"Offers":{"Summaries":[{"Condition":{"Value":"New"},"LowestPrice":{"Amount":9.0,"Currency":"EUR","DisplayAmount":"9,00 €"}}]}},{"ASIN":"B0BNBLDHHP","DetailPageURL":"https://www.amazon.es/dp/B0BNBLDHHP?tag=topinalambricos-21&linkCode=osi&th=1&psc=1","Images":{"Primary":{"Small":{"Height":75,"URL":"https://m.media-amazon.com/images/I/51+17SOyARL._SL75_.jpg","Width":56}}},"ItemInfo":{"ByLineInfo":{"Brand":{"DisplayValue":"GORGLITTER","Label":"Brand","Locale":"es_ES"}},"Title":{"DisplayValue":"GORGLITTER Blusa elegante para mujer, cuello alto, camiseta de manga larga, encaje, túnica con mangas de farol, Blanco, M","Label":"Title","Locale":"es_ES"}},"Offers":{"Summaries":[{"Condition":{"Value":"New"},"LowestPrice":{"Amount":32.19,"Currency":"EUR","DisplayAmount":"32,19 €"}}]}},{"ASIN":"B07G4CYFW3","DetailPageURL":"https://www.amazon.es/dp/B07G4CYFW3?tag=topinalambricos-21&linkCode=osi&th=1&psc=1","Images":{"Primary":{"Small":{"Height":75,"URL":"https://m.media-amazon.com/images/I/51xBN5FTCtL._SL75_.jpg","Width":75}}},"ItemInfo":{"ByLineInfo":{"Brand":{"DisplayValue":"SHOBDW Camisetas de manga larga","Label":"Brand","Locale":"es_ES"}},"Title":{"DisplayValue":"SHOBDW Mujeres Gasa Sólida O Cuello Sexy Encaje Elegante Otoño Tops Casual Blusa Camiseta Camisa de Manga Larga (Blanco,M)","Label":"Title","Locale":"es_ES"}},"Offers":{"Summaries":[{"Condition":{"Value":"New"},"LowestPrice":{"Amount":10.99,"Currency":"EUR","DisplayAmount":"10,99 €"}}]}},{"ASIN":"B0B51T51HB","DetailPageURL":"https://www.amazon.es/dp/B0B51T51HB?tag=topinalambricos-21&linkCode=osi&th=1&psc=1","Images":{"Primary":{"Small":{"Height":75,"URL":"https://m.media-amazon.com/images/I/41Y2dmoUzbL._SL75_.jpg","Width":57}}},"ItemInfo":{"ByLineInfo":{"Brand":{"DisplayValue":"Tuopuda","Label":"Brand","Locale":"es_ES"},"Manufacturer":{"DisplayValue":"GHF-Direct","Label":"Manufacturer","Locale":"es_ES"}},"Title":{"DisplayValue":"Tuopuda Camisetas de Manga Larga para Mujeres Camiseta de Encaje Waffle de Cuello Redondo Casual Sueltas Blusas Tops(Blanco,S)","Label":"Title","Locale":"es_ES"}},"Offers":{"Summaries":[{"Condition":{"Value":"New"},"LowestPrice":{"Amount":19.99,"Currency":"EUR","DisplayAmount":"19,99 €"}}]}},{"ASIN":"B0C4Y4J22J","DetailPageURL":"https://www.amazon.es/dp/B0C4Y4J22J?tag=topinalambricos-21&linkCode=osi&th=1&psc=1","Images":{"Primary":{"Small":{"Height":75,"URL":"https://m.media-amazon.com/images/I/41-8kXZMqAL._SL75_.jpg","Width":56}}},"ItemInfo":{"ByLineInfo":{"Brand":{"DisplayValue":"GORGLITTER","Label":"Brand","Locale":"es_ES"}},"Title":{"DisplayValue":"GORGLITTER Elegante blusa de encaje para mujer, túnica de oficina, blusa de encaje, blusa con volantes, Blanco, XL","Label":"Title","Locale":"es_ES"}},"Offers":{"Summaries":[{"Condition":{"Value":"New"},"LowestPrice":{"Amount":33.28,"Currency":"EUR","DisplayAmount":"33,28 €"}}]}},{"ASIN":"B08RJ9TCN9","DetailPageURL":"https://www.amazon.es/dp/B08RJ9TCN9?tag=topinalambricos-21&linkCode=osi&th=1&psc=1","Images":{"Primary":{"Small":{"Height":75,"URL":"https://m.media-amazon.com/images/I/31N5XuLVTZS._SL75_.jpg","Width":57}}},"ItemInfo":{"ByLineInfo":{"Brand":{"DisplayValue":"SCARLET DARKNESS","Label":"Brand","Locale":"es_ES"}},"Title":{"DisplayValue":"SCARLET DARKNESS Blusa Vintage de Encaje Combinados con Cuello Pico para Mujer S Albaricoque","Label":"Title","Locale":"es_ES"}},"Offers":{"Summaries":[{"Condition":{"Value":"New"},"LowestPrice":{"Amount":29.99,"Currency":"EUR","DisplayAmount":"29,99 €"}}]}},{"ASIN":"B08B1BK4LN","DetailPageURL":"https://www.amazon.es/dp/B08B1BK4LN?tag=topinalambricos-21&linkCode=osi&th=1&psc=1","Images":{"Primary":{"Small":{"Height":75,"URL":"https://m.media-amazon.com/images/I/51WMHsRSCCL._SL75_.jpg","Width":75}}},"ItemInfo":{"ByLineInfo":{"Brand":{"DisplayValue":"Allegra K","Label":"Brand","Locale":"es_ES"},"Manufacturer":{"DisplayValue":"Allegra K","Label":"Manufacturer","Locale":"es_ES"}},"Title":{"DisplayValue":"Allegra K Blusa de Encaje Elegante Floral con Cuello de Volantes de Ganchillo para Mujer Blanco L","Label":"Title","Locale":"es_ES"}},"Offers":{"Summaries":[{"Condition":{"Value":"New"},"LowestPrice":{"Amount":34.99,"Currency":"EUR","DisplayAmount":"34,99 €"}}]}}],"SearchURL":"https://www.amazon.es/s?k=blusa+encaje&rh=n%3A3074055031%2Cp_n_availability%3A-1&tag=topinalambricos-21&linkCode=osi","TotalResultCount":1000}},"82":{"SearchResult":{"Items":[{"ASIN":"B09ZP2FTBG","DetailPageURL":"https://www.amazon.es/dp/B09ZP2FTBG?tag=topinalambricos-21&linkCode=osi&th=1&psc=1","Images":{"Primary":{"Small":{"Height":75,"URL":"https://m.media-amazon.com/images/I/51KEPJ5ifkL._SL75_.jpg","Width":75}}},"ItemInfo":{"ByLineInfo":{"Brand":{"DisplayValue":"Bipily","Label":"Brand","Locale":"es_ES"}},"Title":{"DisplayValue":"Bipily Camiseta para Mujer Blusa de Encaje con Cuello en V de Gasa Manga Larga Elegante y Básica Color Sólido Tops(Blanco,S)","Label":"Title","Locale":"es_ES"}},"Offers":{"Summaries":[{"Condition":{"Value":"New"},"LowestPrice":{"Amount":26.99,"Currency":"EUR","DisplayAmount":"26,99 €"}}]}},{"ASIN":"B09XPWJG16","DetailPageURL":"https://www.amazon.es/dp/B09XPWJG16?tag=topinalambricos-21&linkCode=osi&th=1&psc=1","Images":{"Primary":{"Small":{"Height":75,"URL":"https://m.media-amazon.com/images/I/51a1JfNqP4L._SL75_.jpg","Width":59}}},"ItemInfo":{"ByLineInfo":{"Brand":{"DisplayValue":"PANOZON","Label":"Brand","Locale":"es_ES"}},"Title":{"DisplayValue":"PANOZON Mujer Camiseta de Encaje sin Mangas Top Elástico Cuello V Sexy Camisola Cami Casual (L, A-Negro)","Label":"Title","Locale":"es_ES"}},"Offers":{"Summaries":[{"Condition":{"Value":"New"},"LowestPrice":{"Amount":12.99,"Currency":"EUR","DisplayAmount":"12,99 €"}}]}},{"ASIN":"B0BRFZWTQ8","DetailPageURL":"https://www.amazon.es/dp/B0BRFZWTQ8?tag=topinalambricos-21&linkCode=osi&th=1&psc=1","Images":{"Primary":{"Small":{"Height":75,"URL":"https://m.media-amazon.com/images/I/41-vYGBGBiL._SL75_.jpg","Width":58}}},"ItemInfo":{"ByLineInfo":{"Brand":{"DisplayValue":"GRACE KARIN","Label":"Brand","Locale":"es_ES"}},"Title":{"DisplayValue":"Blusa Elegante de Encaje con Manga 3/4 para Mujer Blusa de Color para Primavera y Verano Color Blanco 2XL","Label":"Title","Locale":"es_ES"}},"Offers":{"Summaries":[{"Condition":{"Value":"New"},"LowestPrice":{"Amount":27.99,"Currency":"EUR","DisplayAmount":"27,99 €"}}]}},{"ASIN":"B085R4TJ4J","DetailPageURL":"https://www.amazon.es/dp/B085R4TJ4J?tag=topinalambricos-21&linkCode=osi&th=1&psc=1","Images":{"Primary":{"Small":{"Height":75,"URL":"https://m.media-amazon.com/images/I/41cR4jz1LpS._SL75_.jpg","Width":57}}},"ItemInfo":{"ByLineInfo":{"Brand":{"DisplayValue":"JDY","Label":"Brand","Locale":"es_ES"},"Manufacturer":{"DisplayValue":"JdY","Label":"Manufacturer","Locale":"es_ES"}},"Title":{"DisplayValue":"JDY Jdyblond S/l Top Jrs Noos Blusas, Bailarina De La Nube, XL para Mujer","Label":"Title","Locale":"es_ES"}},"Offers":{"Summaries":[{"Condition":{"Value":"New"},"LowestPrice":{"Amount":9.0,"Currency":"EUR","DisplayAmount":"9,00 €"}}]}},{"ASIN":"B0BNBLDHHP","DetailPageURL":"https://www.amazon.es/dp/B0BNBLDHHP?tag=topinalambricos-21&linkCode=osi&th=1&psc=1","Images":{"Primary":{"Small":{"Height":75,"URL":"https://m.media-amazon.com/images/I/51+17SOyARL._SL75_.jpg","Width":56}}},"ItemInfo":{"ByLineInfo":{"Brand":{"DisplayValue":"GORGLITTER","Label":"Brand","Locale":"es_ES"}},"Title":{"DisplayValue":"GORGLITTER Blusa elegante para mujer, cuello alto, camiseta de manga larga, encaje, túnica con mangas de farol, Blanco, M","Label":"Title","Locale":"es_ES"}},"Offers":{"Summaries":[{"Condition":{"Value":"New"},"LowestPrice":{"Amount":32.19,"Currency":"EUR","DisplayAmount":"32,19 €"}}]}},{"ASIN":"B07G4CYFW3","DetailPageURL":"https://www.amazon.es/dp/B07G4CYFW3?tag=topinalambricos-21&linkCode=osi&th=1&psc=1","Images":{"Primary":{"Small":{"Height":75,"URL":"https://m.media-amazon.com/images/I/51xBN5FTCtL._SL75_.jpg","Width":75}}},"ItemInfo":{"ByLineInfo":{"Brand":{"DisplayValue":"SHOBDW Camisetas de manga larga","Label":"Brand","Locale":"es_ES"}},"Title":{"DisplayValue":"SHOBDW Mujeres Gasa Sólida O Cuello Sexy Encaje Elegante Otoño Tops Casual Blusa Camiseta Camisa de Manga Larga (Blanco,M)","Label":"Title","Locale":"es_ES"}},"Offers":{"Summaries":[{"Condition":{"Value":"New"},"LowestPrice":{"Amount":10.99,"Currency":"EUR","DisplayAmount":"10,99 €"}}]}},{"ASIN":"B0B51T51HB","DetailPageURL":"https://www.amazon.es/dp/B0B51T51HB?tag=topinalambricos-21&linkCode=osi&th=1&psc=1","Images":{"Primary":{"Small":{"Height":75,"URL":"https://m.media-amazon.com/images/I/41Y2dmoUzbL._SL75_.jpg","Width":57}}},"ItemInfo":{"ByLineInfo":{"Brand":{"DisplayValue":"Tuopuda","Label":"Brand","Locale":"es_ES"},"Manufacturer":{"DisplayValue":"GHF-Direct","Label":"Manufacturer","Locale":"es_ES"}},"Title":{"DisplayValue":"Tuopuda Camisetas de Manga Larga para Mujeres Camiseta de Encaje Waffle de Cuello Redondo Casual Sueltas Blusas Tops(Blanco,S)","Label":"Title","Locale":"es_ES"}},"Offers":{"Summaries":[{"Condition":{"Value":"New"},"LowestPrice":{"Amount":19.99,"Currency":"EUR","DisplayAmount":"19,99 €"}}]}},{"ASIN":"B0C4Y4J22J","DetailPageURL":"https://www.amazon.es/dp/B0C4Y4J22J?tag=topinalambricos-21&linkCode=osi&th=1&psc=1","Images":{"Primary":{"Small":{"Height":75,"URL":"https://m.media-amazon.com/images/I/41-8kXZMqAL._SL75_.jpg","Width":56}}},"ItemInfo":{"ByLineInfo":{"Brand":{"DisplayValue":"GORGLITTER","Label":"Brand","Locale":"es_ES"}},"Title":{"DisplayValue":"GORGLITTER Elegante blusa de encaje para mujer, túnica de oficina, blusa de encaje, blusa con volantes, Blanco, XL","Label":"Title","Locale":"es_ES"}},"Offers":{"Summaries":[{"Condition":{"Value":"New"},"LowestPrice":{"Amount":33.28,"Currency":"EUR","DisplayAmount":"33,28 €"}}]}},{"ASIN":"B08RJ9TCN9","DetailPageURL":"https://www.amazon.es/dp/B08RJ9TCN9?tag=topinalambricos-21&linkCode=osi&th=1&psc=1","Images":{"Primary":{"Small":{"Height":75,"URL":"https://m.media-amazon.com/images/I/31N5XuLVTZS._SL75_.jpg","Width":57}}},"ItemInfo":{"ByLineInfo":{"Brand":{"DisplayValue":"SCARLET DARKNESS","Label":"Brand","Locale":"es_ES"}},"Title":{"DisplayValue":"SCARLET DARKNESS Blusa Vintage de Encaje Combinados con Cuello Pico para Mujer S Albaricoque","Label":"Title","Locale":"es_ES"}},"Offers":{"Summaries":[{"Condition":{"Value":"New"},"LowestPrice":{"Amount":29.99,"Currency":"EUR","DisplayAmount":"29,99 €"}}]}},{"ASIN":"B08B1BK4LN","DetailPageURL":"https://www.amazon.es/dp/B08B1BK4LN?tag=topinalambricos-21&linkCode=osi&th=1&psc=1","Images":{"Primary":{"Small":{"Height":75,"URL":"https://m.media-amazon.com/images/I/51WMHsRSCCL._SL75_.jpg","Width":75}}},"ItemInfo":{"ByLineInfo":{"Brand":{"DisplayValue":"Allegra K","Label":"Brand","Locale":"es_ES"},"Manufacturer":{"DisplayValue":"Allegra K","Label":"Manufacturer","Locale":"es_ES"}},"Title":{"DisplayValue":"Allegra K Blusa de Encaje Elegante Floral con Cuello de Volantes de Ganchillo para Mujer Blanco L","Label":"Title","Locale":"es_ES"}},"Offers":{"Summaries":[{"Condition":{"Value":"New"},"LowestPrice":{"Amount":34.99,"Currency":"EUR","DisplayAmount":"34,99 €"}}]}}],"SearchURL":"https://www.amazon.es/s?k=blusa+encaje&rh=n%3A3074055031%2Cp_n_availability%3A-1&tag=topinalambricos-21&linkCode=osi","TotalResultCount":1000}},"84":{"SearchResult":{"Items":[{"ASIN":"B09NMG4KQY","DetailPageURL":"https://www.amazon.es/dp/B09NMG4KQY?tag=topinalambricos-21&linkCode=osi&th=1&psc=1","Images":{"Primary":{"Small":{"Height":65,"URL":"https://m.media-amazon.com/images/I/51yozsE+9YL._SL75_.jpg","Width":75}}},"ItemInfo":{"ByLineInfo":{"Brand":{"DisplayValue":"Bolilleando.com","Label":"Brand","Locale":"es_ES"},"Manufacturer":{"DisplayValue":"Bolilleando.com","Label":"Manufacturer","Locale":"es_ES"}},"Title":{"DisplayValue":"Varillas con patrón para encaje de bolillos (color blanco)","Label":"Title","Locale":"es_ES"}},"Offers":{"Summaries":[{"Condition":{"Value":"New"},"LowestPrice":{"Amount":12.0,"Currency":"EUR","DisplayAmount":"12,00 €"}}]}},{"ASIN":"B0BZDG9625","DetailPageURL":"https://www.amazon.es/dp/B0BZDG9625?tag=topinalambricos-21&linkCode=osi&th=1&psc=1","Images":{"Primary":{"Small":{"Height":62,"URL":"https://m.media-amazon.com/images/I/51Qesrmq6WL._SL75_.jpg","Width":75}}},"ItemInfo":{"ByLineInfo":{"Brand":{"DisplayValue":"Bolilleando.com","Label":"Brand","Locale":"es_ES"},"Manufacturer":{"DisplayValue":"Bolilleando.com","Label":"Manufacturer","Locale":"es_ES"}},"Title":{"DisplayValue":"Varilla metalizada rosa con patrón de encaje de bolillos ref.7","Label":"Title","Locale":"es_ES"}},"Offers":{"Summaries":[{"Condition":{"Value":"New"},"LowestPrice":{"Amount":14.6,"Currency":"EUR","DisplayAmount":"14,60 €"}}]}},{"ASIN":"B0BKL4CM3D","DetailPageURL":"https://www.amazon.es/dp/B0BKL4CM3D?tag=topinalambricos-21&linkCode=osi&th=1&psc=1","Images":{"Primary":{"Small":{"Height":66,"URL":"https://m.media-amazon.com/images/I/51dyl5GSKyL._SL75_.jpg","Width":75}}},"ItemInfo":{"ByLineInfo":{"Brand":{"DisplayValue":"Bolilleando.com","Label":"Brand","Locale":"es_ES"},"Manufacturer":{"DisplayValue":"Bolilleando.com","Label":"Manufacturer","Locale":"es_ES"}},"Title":{"DisplayValue":"Varilla metalizada oro con patrón de encaje de bolillos ref.7","Label":"Title","Locale":"es_ES"}},"Offers":{"Summaries":[{"Condition":{"Value":"New"},"LowestPrice":{"Amount":14.6,"Currency":"EUR","DisplayAmount":"14,60 €"}}]}},{"ASIN":"B01JIL2CT8","DetailPageURL":"https://www.amazon.es/dp/B01JIL2CT8?tag=topinalambricos-21&linkCode=osi&th=1&psc=1","Images":{"Primary":{"Small":{"Height":45,"URL":"https://m.media-amazon.com/images/I/312ltAUQjwL._SL75_.jpg","Width":75}}},"ItemInfo":{"ByLineInfo":{"Brand":{"DisplayValue":"Anchor","Label":"Brand","Locale":"es_ES"},"Manufacturer":{"DisplayValue":"MEZ","Label":"Manufacturer","Locale":"es_ES"}},"Title":{"DisplayValue":"Anchor Hilo De Encaje De Bolillos Encaje, Espesor: 20, Longitud: 500m 206, 3cm x 3cm x 7cm Verde menta 206","Label":"Title","Locale":"es_ES"}},"Offers":{"Summaries":[{"Condition":{"Value":"New"},"LowestPrice":{"Amount":8.0,"Currency":"EUR","DisplayAmount":"8,00 €"}}]}},{"ASIN":"B01I5J71SQ","DetailPageURL":"https://www.amazon.es/dp/B01I5J71SQ?tag=topinalambricos-21&linkCode=osi&th=1&psc=1","Images":{"Primary":{"Small":{"Height":46,"URL":"https://m.media-amazon.com/images/I/21B9-5jxY+L._SL75_.jpg","Width":75}}},"ItemInfo":{"ByLineInfo":{"Brand":{"DisplayValue":"Anchor","Label":"Brand","Locale":"es_ES"},"Manufacturer":{"DisplayValue":"MEZ","Label":"Manufacturer","Locale":"es_ES"}},"Title":{"DisplayValue":"Anchor Hilo De Encaje De Bolillos Encaje, Espesor: 40, Longitud: 900m 2, 4cm x 4cm x 7cm Blanco 2","Label":"Title","Locale":"es_ES"}},"Offers":{"Summaries":[{"Condition":{"Value":"New"},"LowestPrice":{"Amount":8.5,"Currency":"EUR","DisplayAmount":"8,50 € (0,01 € / metro)","PricePerUnit":0.01}}]}},{"ASIN":"B09963WZYC","DetailPageURL":"https://www.amazon.es/dp/B09963WZYC?tag=topinalambricos-21&linkCode=osi&th=1&psc=1","Images":{"Primary":{"Small":{"Height":49,"URL":"https://m.media-amazon.com/images/I/41WVhMd2mgS._SL75_.jpg","Width":75}}},"ItemInfo":{"ByLineInfo":{"Brand":{"DisplayValue":"Bolilleando.com","Label":"Brand","Locale":"es_ES"},"Manufacturer":{"DisplayValue":"Bolilleando.com","Label":"Manufacturer","Locale":"es_ES"}},"Title":{"DisplayValue":"Surtido de patrones para lazos de encaje de bolillos","Label":"Title","Locale":"es_ES"}},"Offers":{"Summaries":[{"Condition":{"Value":"New"},"LowestPrice":{"Amount":9.0,"Currency":"EUR","DisplayAmount":"9,00 €"}}]}},{"ASIN":"B0BZDG2WT8","DetailPageURL":"https://www.amazon.es/dp/B0BZDG2WT8?tag=topinalambricos-21&linkCode=osi&th=1&psc=1","Images":{"Primary":{"Small":{"Height":69,"URL":"https://m.media-amazon.com/images/I/51LN40xStHL._SL75_.jpg","Width":75}}},"ItemInfo":{"ByLineInfo":{"Brand":{"DisplayValue":"Bolilleando.com","Label":"Brand","Locale":"es_ES"},"Manufacturer":{"DisplayValue":"Bolilleando.com","Label":"Manufacturer","Locale":"es_ES"}},"Title":{"DisplayValue":"Varilla metalizada crudo con patrón de encaje de bolillos ref.7","Label":"Title","Locale":"es_ES"}},"Offers":{"Summaries":[{"Condition":{"Value":"New"},"LowestPrice":{"Amount":14.6,"Currency":"EUR","DisplayAmount":"14,60 €"}}]}},{"ASIN":"B01JIL2PTA","DetailPageURL":"https://www.amazon.es/dp/B01JIL2PTA?tag=topinalambricos-21&linkCode=osi&th=1&psc=1","Images":{"Primary":{"Small":{"Height":45,"URL":"https://m.media-amazon.com/images/I/31E+nMPhraL._SL75_.jpg","Width":75}}},"ItemInfo":{"ByLineInfo":{"Brand":{"DisplayValue":"Anchor","Label":"Brand","Locale":"es_ES"},"Manufacturer":{"DisplayValue":"MEZ","Label":"Manufacturer","Locale":"es_ES"}},"Title":{"DisplayValue":"Anchor Hilo De Encaje De Bolillos Encaje, Espesor: 30, Longitud: 500m 206, 3cm x 3cm x 7cm Verde menta 206","Label":"Title","Locale":"es_ES"}},"Offers":{"Summaries":[{"Condition":{"Value":"New"},"LowestPrice":{"Amount":8.0,"Currency":"EUR","DisplayAmount":"8,00 €"}}]}},{"ASIN":"B0BKL1DGXF","DetailPageURL":"https://www.amazon.es/dp/B0BKL1DGXF?tag=topinalambricos-21&linkCode=osi&th=1&psc=1","Images":{"Primary":{"Small":{"Height":75,"URL":"https://m.media-amazon.com/images/I/51MPLv1JVtL._SL75_.jpg","Width":66}}},"ItemInfo":{"ByLineInfo":{"Brand":{"DisplayValue":"Bolilleando.com","Label":"Brand","Locale":"es_ES"},"Manufacturer":{"DisplayValue":"Bolilleando.com","Label":"Manufacturer","Locale":"es_ES"}},"Title":{"DisplayValue":"Kit para hacer abanico de comunión de encaje de bolillos ref. Sipo 17","Label":"Title","Locale":"es_ES"}},"Offers":{"Summaries":[{"Condition":{"Value":"New"},"LowestPrice":{"Amount":34.5,"Currency":"EUR","DisplayAmount":"34,50 €"}}]}},{"ASIN":"B0BZDD7215","DetailPageURL":"https://www.amazon.es/dp/B0BZDD7215?tag=topinalambricos-21&linkCode=osi&th=1&psc=1","Images":{"Primary":{"Small":{"Height":67,"URL":"https://m.media-amazon.com/images/I/51MF4qQs76L._SL75_.jpg","Width":75}}},"ItemInfo":{"ByLineInfo":{"Brand":{"DisplayValue":"Bolilleando.com","Label":"Brand","Locale":"es_ES"},"Manufacturer":{"DisplayValue":"Bolilleando.com","Label":"Manufacturer","Locale":"es_ES"}},"Title":{"DisplayValue":"Varilla metalizada blanco con patrón de encaje de bolillos ref.7","Label":"Title","Locale":"es_ES"}},"Offers":{"Summaries":[{"Condition":{"Value":"New"},"LowestPrice":{"Amount":14.6,"Currency":"EUR","DisplayAmount":"14,60 €"}}]}}],"SearchURL":"https://www.amazon.es/s?k=bolillo&rh=n%3A4358484031%2Cp_n_availability%3A-1&tag=topinalambricos-21&linkCode=osi","TotalResultCount":196}},"85":{"SearchResult":{"Items":[{"ASIN":"B09NMG4KQY","DetailPageURL":"https://www.amazon.es/dp/B09NMG4KQY?tag=topinalambricos-21&linkCode=osi&th=1&psc=1","Images":{"Primary":{"Small":{"Height":65,"URL":"https://m.media-amazon.com/images/I/51yozsE+9YL._SL75_.jpg","Width":75}}},"ItemInfo":{"ByLineInfo":{"Brand":{"DisplayValue":"Bolilleando.com","Label":"Brand","Locale":"es_ES"},"Manufacturer":{"DisplayValue":"Bolilleando.com","Label":"Manufacturer","Locale":"es_ES"}},"Title":{"DisplayValue":"Varillas con patrón para encaje de bolillos (color blanco)","Label":"Title","Locale":"es_ES"}},"Offers":{"Summaries":[{"Condition":{"Value":"New"},"LowestPrice":{"Amount":12.0,"Currency":"EUR","DisplayAmount":"12,00 €"}}]}},{"ASIN":"B0BZDG9625","DetailPageURL":"https://www.amazon.es/dp/B0BZDG9625?tag=topinalambricos-21&linkCode=osi&th=1&psc=1","Images":{"Primary":{"Small":{"Height":62,"URL":"https://m.media-amazon.com/images/I/51Qesrmq6WL._SL75_.jpg","Width":75}}},"ItemInfo":{"ByLineInfo":{"Brand":{"DisplayValue":"Bolilleando.com","Label":"Brand","Locale":"es_ES"},"Manufacturer":{"DisplayValue":"Bolilleando.com","Label":"Manufacturer","Locale":"es_ES"}},"Title":{"DisplayValue":"Varilla metalizada rosa con patrón de encaje de bolillos ref.7","Label":"Title","Locale":"es_ES"}},"Offers":{"Summaries":[{"Condition":{"Value":"New"},"LowestPrice":{"Amount":14.6,"Currency":"EUR","DisplayAmount":"14,60 €"}}]}},{"ASIN":"B0BKL4CM3D","DetailPageURL":"https://www.amazon.es/dp/B0BKL4CM3D?tag=topinalambricos-21&linkCode=osi&th=1&psc=1","Images":{"Primary":{"Small":{"Height":66,"URL":"https://m.media-amazon.com/images/I/51dyl5GSKyL._SL75_.jpg","Width":75}}},"ItemInfo":{"ByLineInfo":{"Brand":{"DisplayValue":"Bolilleando.com","Label":"Brand","Locale":"es_ES"},"Manufacturer":{"DisplayValue":"Bolilleando.com","Label":"Manufacturer","Locale":"es_ES"}},"Title":{"DisplayValue":"Varilla metalizada oro con patrón de encaje de bolillos ref.7","Label":"Title","Locale":"es_ES"}},"Offers":{"Summaries":[{"Condition":{"Value":"New"},"LowestPrice":{"Amount":14.6,"Currency":"EUR","DisplayAmount":"14,60 €"}}]}},{"ASIN":"B01JIL2CT8","DetailPageURL":"https://www.amazon.es/dp/B01JIL2CT8?tag=topinalambricos-21&linkCode=osi&th=1&psc=1","Images":{"Primary":{"Small":{"Height":45,"URL":"https://m.media-amazon.com/images/I/312ltAUQjwL._SL75_.jpg","Width":75}}},"ItemInfo":{"ByLineInfo":{"Brand":{"DisplayValue":"Anchor","Label":"Brand","Locale":"es_ES"},"Manufacturer":{"DisplayValue":"MEZ","Label":"Manufacturer","Locale":"es_ES"}},"Title":{"DisplayValue":"Anchor Hilo De Encaje De Bolillos Encaje, Espesor: 20, Longitud: 500m 206, 3cm x 3cm x 7cm Verde menta 206","Label":"Title","Locale":"es_ES"}},"Offers":{"Summaries":[{"Condition":{"Value":"New"},"LowestPrice":{"Amount":8.0,"Currency":"EUR","DisplayAmount":"8,00 €"}}]}},{"ASIN":"B01I5J71SQ","DetailPageURL":"https://www.amazon.es/dp/B01I5J71SQ?tag=topinalambricos-21&linkCode=osi&th=1&psc=1","Images":{"Primary":{"Small":{"Height":46,"URL":"https://m.media-amazon.com/images/I/21B9-5jxY+L._SL75_.jpg","Width":75}}},"ItemInfo":{"ByLineInfo":{"Brand":{"DisplayValue":"Anchor","Label":"Brand","Locale":"es_ES"},"Manufacturer":{"DisplayValue":"MEZ","Label":"Manufacturer","Locale":"es_ES"}},"Title":{"DisplayValue":"Anchor Hilo De Encaje De Bolillos Encaje, Espesor: 40, Longitud: 900m 2, 4cm x 4cm x 7cm Blanco 2","Label":"Title","Locale":"es_ES"}},"Offers":{"Summaries":[{"Condition":{"Value":"New"},"LowestPrice":{"Amount":8.5,"Currency":"EUR","DisplayAmount":"8,50 € (0,01 € / metro)","PricePerUnit":0.01}}]}},{"ASIN":"B09963WZYC","DetailPageURL":"https://www.amazon.es/dp/B09963WZYC?tag=topinalambricos-21&linkCode=osi&th=1&psc=1","Images":{"Primary":{"Small":{"Height":49,"URL":"https://m.media-amazon.com/images/I/41WVhMd2mgS._SL75_.jpg","Width":75}}},"ItemInfo":{"ByLineInfo":{"Brand":{"DisplayValue":"Bolilleando.com","Label":"Brand","Locale":"es_ES"},"Manufacturer":{"DisplayValue":"Bolilleando.com","Label":"Manufacturer","Locale":"es_ES"}},"Title":{"DisplayValue":"Surtido de patrones para lazos de encaje de bolillos","Label":"Title","Locale":"es_ES"}},"Offers":{"Summaries":[{"Condition":{"Value":"New"},"LowestPrice":{"Amount":9.0,"Currency":"EUR","DisplayAmount":"9,00 €"}}]}},{"ASIN":"B0BZDG2WT8","DetailPageURL":"https://www.amazon.es/dp/B0BZDG2WT8?tag=topinalambricos-21&linkCode=osi&th=1&psc=1","Images":{"Primary":{"Small":{"Height":69,"URL":"https://m.media-amazon.com/images/I/51LN40xStHL._SL75_.jpg","Width":75}}},"ItemInfo":{"ByLineInfo":{"Brand":{"DisplayValue":"Bolilleando.com","Label":"Brand","Locale":"es_ES"},"Manufacturer":{"DisplayValue":"Bolilleando.com","Label":"Manufacturer","Locale":"es_ES"}},"Title":{"DisplayValue":"Varilla metalizada crudo con patrón de encaje de bolillos ref.7","Label":"Title","Locale":"es_ES"}},"Offers":{"Summaries":[{"Condition":{"Value":"New"},"LowestPrice":{"Amount":14.6,"Currency":"EUR","DisplayAmount":"14,60 €"}}]}},{"ASIN":"B01JIL2PTA","DetailPageURL":"https://www.amazon.es/dp/B01JIL2PTA?tag=topinalambricos-21&linkCode=osi&th=1&psc=1","Images":{"Primary":{"Small":{"Height":45,"URL":"https://m.media-amazon.com/images/I/31E+nMPhraL._SL75_.jpg","Width":75}}},"ItemInfo":{"ByLineInfo":{"Brand":{"DisplayValue":"Anchor","Label":"Brand","Locale":"es_ES"},"Manufacturer":{"DisplayValue":"MEZ","Label":"Manufacturer","Locale":"es_ES"}},"Title":{"DisplayValue":"Anchor Hilo De Encaje De Bolillos Encaje, Espesor: 30, Longitud: 500m 206, 3cm x 3cm x 7cm Verde menta 206","Label":"Title","Locale":"es_ES"}},"Offers":{"Summaries":[{"Condition":{"Value":"New"},"LowestPrice":{"Amount":8.0,"Currency":"EUR","DisplayAmount":"8,00 €"}}]}},{"ASIN":"B0BKL1DGXF","DetailPageURL":"https://www.amazon.es/dp/B0BKL1DGXF?tag=topinalambricos-21&linkCode=osi&th=1&psc=1","Images":{"Primary":{"Small":{"Height":75,"URL":"https://m.media-amazon.com/images/I/51MPLv1JVtL._SL75_.jpg","Width":66}}},"ItemInfo":{"ByLineInfo":{"Brand":{"DisplayValue":"Bolilleando.com","Label":"Brand","Locale":"es_ES"},"Manufacturer":{"DisplayValue":"Bolilleando.com","Label":"Manufacturer","Locale":"es_ES"}},"Title":{"DisplayValue":"Kit para hacer abanico de comunión de encaje de bolillos ref. Sipo 17","Label":"Title","Locale":"es_ES"}},"Offers":{"Summaries":[{"Condition":{"Value":"New"},"LowestPrice":{"Amount":34.5,"Currency":"EUR","DisplayAmount":"34,50 €"}}]}},{"ASIN":"B0BZDD7215","DetailPageURL":"https://www.amazon.es/dp/B0BZDD7215?tag=topinalambricos-21&linkCode=osi&th=1&psc=1","Images":{"Primary":{"Small":{"Height":67,"URL":"https://m.media-amazon.com/images/I/51MF4qQs76L._SL75_.jpg","Width":75}}},"ItemInfo":{"ByLineInfo":{"Brand":{"DisplayValue":"Bolilleando.com","Label":"Brand","Locale":"es_ES"},"Manufacturer":{"DisplayValue":"Bolilleando.com","Label":"Manufacturer","Locale":"es_ES"}},"Title":{"DisplayValue":"Varilla metalizada blanco con patrón de encaje de bolillos ref.7","Label":"Title","Locale":"es_ES"}},"Offers":{"Summaries":[{"Condition":{"Value":"New"},"LowestPrice":{"Amount":14.6,"Currency":"EUR","DisplayAmount":"14,60 €"}}]}}],"SearchURL":"https://www.amazon.es/s?k=bolillo&rh=n%3A4358484031%2Cp_n_availability%3A-1&tag=topinalambricos-21&linkCode=osi","TotalResultCount":196}},"86":{"SearchResult":{"Items":[{"ASIN":"B09NMG4KQY","DetailPageURL":"https://www.amazon.es/dp/B09NMG4KQY?tag=topinalambricos-21&linkCode=osi&th=1&psc=1","Images":{"Primary":{"Small":{"Height":65,"URL":"https://m.media-amazon.com/images/I/51yozsE+9YL._SL75_.jpg","Width":75}}},"ItemInfo":{"ByLineInfo":{"Brand":{"DisplayValue":"Bolilleando.com","Label":"Brand","Locale":"es_ES"},"Manufacturer":{"DisplayValue":"Bolilleando.com","Label":"Manufacturer","Locale":"es_ES"}},"Title":{"DisplayValue":"Varillas con patrón para encaje de bolillos (color blanco)","Label":"Title","Locale":"es_ES"}},"Offers":{"Summaries":[{"Condition":{"Value":"New"},"LowestPrice":{"Amount":12.0,"Currency":"EUR","DisplayAmount":"12,00 €"}}]}},{"ASIN":"B0BZDG9625","DetailPageURL":"https://www.amazon.es/dp/B0BZDG9625?tag=topinalambricos-21&linkCode=osi&th=1&psc=1","Images":{"Primary":{"Small":{"Height":62,"URL":"https://m.media-amazon.com/images/I/51Qesrmq6WL._SL75_.jpg","Width":75}}},"ItemInfo":{"ByLineInfo":{"Brand":{"DisplayValue":"Bolilleando.com","Label":"Brand","Locale":"es_ES"},"Manufacturer":{"DisplayValue":"Bolilleando.com","Label":"Manufacturer","Locale":"es_ES"}},"Title":{"DisplayValue":"Varilla metalizada rosa con patrón de encaje de bolillos ref.7","Label":"Title","Locale":"es_ES"}},"Offers":{"Summaries":[{"Condition":{"Value":"New"},"LowestPrice":{"Amount":14.6,"Currency":"EUR","DisplayAmount":"14,60 €"}}]}},{"ASIN":"B0BKL4CM3D","DetailPageURL":"https://www.amazon.es/dp/B0BKL4CM3D?tag=topinalambricos-21&linkCode=osi&th=1&psc=1","Images":{"Primary":{"Small":{"Height":66,"URL":"https://m.media-amazon.com/images/I/51dyl5GSKyL._SL75_.jpg","Width":75}}},"ItemInfo":{"ByLineInfo":{"Brand":{"DisplayValue":"Bolilleando.com","Label":"Brand","Locale":"es_ES"},"Manufacturer":{"DisplayValue":"Bolilleando.com","Label":"Manufacturer","Locale":"es_ES"}},"Title":{"DisplayValue":"Varilla metalizada oro con patrón de encaje de bolillos ref.7","Label":"Title","Locale":"es_ES"}},"Offers":{"Summaries":[{"Condition":{"Value":"New"},"LowestPrice":{"Amount":14.6,"Currency":"EUR","DisplayAmount":"14,60 €"}}]}},{"ASIN":"B01JIL2CT8","DetailPageURL":"https://www.amazon.es/dp/B01JIL2CT8?tag=topinalambricos-21&linkCode=osi&th=1&psc=1","Images":{"Primary":{"Small":{"Height":45,"URL":"https://m.media-amazon.com/images/I/312ltAUQjwL._SL75_.jpg","Width":75}}},"ItemInfo":{"ByLineInfo":{"Brand":{"DisplayValue":"Anchor","Label":"Brand","Locale":"es_ES"},"Manufacturer":{"DisplayValue":"MEZ","Label":"Manufacturer","Locale":"es_ES"}},"Title":{"DisplayValue":"Anchor Hilo De Encaje De Bolillos Encaje, Espesor: 20, Longitud: 500m 206, 3cm x 3cm x 7cm Verde menta 206","Label":"Title","Locale":"es_ES"}},"Offers":{"Summaries":[{"Condition":{"Value":"New"},"LowestPrice":{"Amount":8.0,"Currency":"EUR","DisplayAmount":"8,00 €"}}]}},{"ASIN":"B01I5J71SQ","DetailPageURL":"https://www.amazon.es/dp/B01I5J71SQ?tag=topinalambricos-21&linkCode=osi&th=1&psc=1","Images":{"Primary":{"Small":{"Height":46,"URL":"https://m.media-amazon.com/images/I/21B9-5jxY+L._SL75_.jpg","Width":75}}},"ItemInfo":{"ByLineInfo":{"Brand":{"DisplayValue":"Anchor","Label":"Brand","Locale":"es_ES"},"Manufacturer":{"DisplayValue":"MEZ","Label":"Manufacturer","Locale":"es_ES"}},"Title":{"DisplayValue":"Anchor Hilo De Encaje De Bolillos Encaje, Espesor: 40, Longitud: 900m 2, 4cm x 4cm x 7cm Blanco 2","Label":"Title","Locale":"es_ES"}},"Offers":{"Summaries":[{"Condition":{"Value":"New"},"LowestPrice":{"Amount":8.5,"Currency":"EUR","DisplayAmount":"8,50 € (0,01 € / metro)","PricePerUnit":0.01}}]}},{"ASIN":"B09963WZYC","DetailPageURL":"https://www.amazon.es/dp/B09963WZYC?tag=topinalambricos-21&linkCode=osi&th=1&psc=1","Images":{"Primary":{"Small":{"Height":49,"URL":"https://m.media-amazon.com/images/I/41WVhMd2mgS._SL75_.jpg","Width":75}}},"ItemInfo":{"ByLineInfo":{"Brand":{"DisplayValue":"Bolilleando.com","Label":"Brand","Locale":"es_ES"},"Manufacturer":{"DisplayValue":"Bolilleando.com","Label":"Manufacturer","Locale":"es_ES"}},"Title":{"DisplayValue":"Surtido de patrones para lazos de encaje de bolillos","Label":"Title","Locale":"es_ES"}},"Offers":{"Summaries":[{"Condition":{"Value":"New"},"LowestPrice":{"Amount":9.0,"Currency":"EUR","DisplayAmount":"9,00 €"}}]}},{"ASIN":"B0BZDG2WT8","DetailPageURL":"https://www.amazon.es/dp/B0BZDG2WT8?tag=topinalambricos-21&linkCode=osi&th=1&psc=1","Images":{"Primary":{"Small":{"Height":69,"URL":"https://m.media-amazon.com/images/I/51LN40xStHL._SL75_.jpg","Width":75}}},"ItemInfo":{"ByLineInfo":{"Brand":{"DisplayValue":"Bolilleando.com","Label":"Brand","Locale":"es_ES"},"Manufacturer":{"DisplayValue":"Bolilleando.com","Label":"Manufacturer","Locale":"es_ES"}},"Title":{"DisplayValue":"Varilla metalizada crudo con patrón de encaje de bolillos ref.7","Label":"Title","Locale":"es_ES"}},"Offers":{"Summaries":[{"Condition":{"Value":"New"},"LowestPrice":{"Amount":14.6,"Currency":"EUR","DisplayAmount":"14,60 €"}}]}},{"ASIN":"B01JIL2PTA","DetailPageURL":"https://www.amazon.es/dp/B01JIL2PTA?tag=topinalambricos-21&linkCode=osi&th=1&psc=1","Images":{"Primary":{"Small":{"Height":45,"URL":"https://m.media-amazon.com/images/I/31E+nMPhraL._SL75_.jpg","Width":75}}},"ItemInfo":{"ByLineInfo":{"Brand":{"DisplayValue":"Anchor","Label":"Brand","Locale":"es_ES"},"Manufacturer":{"DisplayValue":"MEZ","Label":"Manufacturer","Locale":"es_ES"}},"Title":{"DisplayValue":"Anchor Hilo De Encaje De Bolillos Encaje, Espesor: 30, Longitud: 500m 206, 3cm x 3cm x 7cm Verde menta 206","Label":"Title","Locale":"es_ES"}},"Offers":{"Summaries":[{"Condition":{"Value":"New"},"LowestPrice":{"Amount":8.0,"Currency":"EUR","DisplayAmount":"8,00 €"}}]}},{"ASIN":"B0BKL1DGXF","DetailPageURL":"https://www.amazon.es/dp/B0BKL1DGXF?tag=topinalambricos-21&linkCode=osi&th=1&psc=1","Images":{"Primary":{"Small":{"Height":75,"URL":"https://m.media-amazon.com/images/I/51MPLv1JVtL._SL75_.jpg","Width":66}}},"ItemInfo":{"ByLineInfo":{"Brand":{"DisplayValue":"Bolilleando.com","Label":"Brand","Locale":"es_ES"},"Manufacturer":{"DisplayValue":"Bolilleando.com","Label":"Manufacturer","Locale":"es_ES"}},"Title":{"DisplayValue":"Kit para hacer abanico de comunión de encaje de bolillos ref. Sipo 17","Label":"Title","Locale":"es_ES"}},"Offers":{"Summaries":[{"Condition":{"Value":"New"},"LowestPrice":{"Amount":34.5,"Currency":"EUR","DisplayAmount":"34,50 €"}}]}},{"ASIN":"B0BZDD7215","DetailPageURL":"https://www.amazon.es/dp/B0BZDD7215?tag=topinalambricos-21&linkCode=osi&th=1&psc=1","Images":{"Primary":{"Small":{"Height":67,"URL":"https://m.media-amazon.com/images/I/51MF4qQs76L._SL75_.jpg","Width":75}}},"ItemInfo":{"ByLineInfo":{"Brand":{"DisplayValue":"Bolilleando.com","Label":"Brand","Locale":"es_ES"},"Manufacturer":{"DisplayValue":"Bolilleando.com","Label":"Manufacturer","Locale":"es_ES"}},"Title":{"DisplayValue":"Varilla metalizada blanco con patrón de encaje de bolillos ref.7","Label":"Title","Locale":"es_ES"}},"Offers":{"Summaries":[{"Condition":{"Value":"New"},"LowestPrice":{"Amount":14.6,"Currency":"EUR","DisplayAmount":"14,60 €"}}]}}],"SearchURL":"https://www.amazon.es/s?k=bolillo&rh=n%3A4358484031%2Cp_n_availability%3A-1&tag=topinalambricos-21&linkCode=osi","TotalResultCount":196}},"87":{"SearchResult":{"Items":[{"ASIN":"B09NMG4KQY","DetailPageURL":"https://www.amazon.es/dp/B09NMG4KQY?tag=topinalambricos-21&linkCode=osi&th=1&psc=1","Images":{"Primary":{"Small":{"Height":65,"URL":"https://m.media-amazon.com/images/I/51yozsE+9YL._SL75_.jpg","Width":75}}},"ItemInfo":{"ByLineInfo":{"Brand":{"DisplayValue":"Bolilleando.com","Label":"Brand","Locale":"es_ES"},"Manufacturer":{"DisplayValue":"Bolilleando.com","Label":"Manufacturer","Locale":"es_ES"}},"Title":{"DisplayValue":"Varillas con patrón para encaje de bolillos (color blanco)","Label":"Title","Locale":"es_ES"}},"Offers":{"Summaries":[{"Condition":{"Value":"New"},"LowestPrice":{"Amount":12.0,"Currency":"EUR","DisplayAmount":"12,00 €"}}]}},{"ASIN":"B0BZDG9625","DetailPageURL":"https://www.amazon.es/dp/B0BZDG9625?tag=topinalambricos-21&linkCode=osi&th=1&psc=1","Images":{"Primary":{"Small":{"Height":62,"URL":"https://m.media-amazon.com/images/I/51Qesrmq6WL._SL75_.jpg","Width":75}}},"ItemInfo":{"ByLineInfo":{"Brand":{"DisplayValue":"Bolilleando.com","Label":"Brand","Locale":"es_ES"},"Manufacturer":{"DisplayValue":"Bolilleando.com","Label":"Manufacturer","Locale":"es_ES"}},"Title":{"DisplayValue":"Varilla metalizada rosa con patrón de encaje de bolillos ref.7","Label":"Title","Locale":"es_ES"}},"Offers":{"Summaries":[{"Condition":{"Value":"New"},"LowestPrice":{"Amount":14.6,"Currency":"EUR","DisplayAmount":"14,60 €"}}]}},{"ASIN":"B0BKL4CM3D","DetailPageURL":"https://www.amazon.es/dp/B0BKL4CM3D?tag=topinalambricos-21&linkCode=osi&th=1&psc=1","Images":{"Primary":{"Small":{"Height":66,"URL":"https://m.media-amazon.com/images/I/51dyl5GSKyL._SL75_.jpg","Width":75}}},"ItemInfo":{"ByLineInfo":{"Brand":{"DisplayValue":"Bolilleando.com","Label":"Brand","Locale":"es_ES"},"Manufacturer":{"DisplayValue":"Bolilleando.com","Label":"Manufacturer","Locale":"es_ES"}},"Title":{"DisplayValue":"Varilla metalizada oro con patrón de encaje de bolillos ref.7","Label":"Title","Locale":"es_ES"}},"Offers":{"Summaries":[{"Condition":{"Value":"New"},"LowestPrice":{"Amount":14.6,"Currency":"EUR","DisplayAmount":"14,60 €"}}]}},{"ASIN":"B01JIL2CT8","DetailPageURL":"https://www.amazon.es/dp/B01JIL2CT8?tag=topinalambricos-21&linkCode=osi&th=1&psc=1","Images":{"Primary":{"Small":{"Height":45,"URL":"https://m.media-amazon.com/images/I/312ltAUQjwL._SL75_.jpg","Width":75}}},"ItemInfo":{"ByLineInfo":{"Brand":{"DisplayValue":"Anchor","Label":"Brand","Locale":"es_ES"},"Manufacturer":{"DisplayValue":"MEZ","Label":"Manufacturer","Locale":"es_ES"}},"Title":{"DisplayValue":"Anchor Hilo De Encaje De Bolillos Encaje, Espesor: 20, Longitud: 500m 206, 3cm x 3cm x 7cm Verde menta 206","Label":"Title","Locale":"es_ES"}},"Offers":{"Summaries":[{"Condition":{"Value":"New"},"LowestPrice":{"Amount":8.0,"Currency":"EUR","DisplayAmount":"8,00 €"}}]}},{"ASIN":"B01I5J71SQ","DetailPageURL":"https://www.amazon.es/dp/B01I5J71SQ?tag=topinalambricos-21&linkCode=osi&th=1&psc=1","Images":{"Primary":{"Small":{"Height":46,"URL":"https://m.media-amazon.com/images/I/21B9-5jxY+L._SL75_.jpg","Width":75}}},"ItemInfo":{"ByLineInfo":{"Brand":{"DisplayValue":"Anchor","Label":"Brand","Locale":"es_ES"},"Manufacturer":{"DisplayValue":"MEZ","Label":"Manufacturer","Locale":"es_ES"}},"Title":{"DisplayValue":"Anchor Hilo De Encaje De Bolillos Encaje, Espesor: 40, Longitud: 900m 2, 4cm x 4cm x 7cm Blanco 2","Label":"Title","Locale":"es_ES"}},"Offers":{"Summaries":[{"Condition":{"Value":"New"},"LowestPrice":{"Amount":8.5,"Currency":"EUR","DisplayAmount":"8,50 € (0,01 € / metro)","PricePerUnit":0.01}}]}},{"ASIN":"B09963WZYC","DetailPageURL":"https://www.amazon.es/dp/B09963WZYC?tag=topinalambricos-21&linkCode=osi&th=1&psc=1","Images":{"Primary":{"Small":{"Height":49,"URL":"https://m.media-amazon.com/images/I/41WVhMd2mgS._SL75_.jpg","Width":75}}},"ItemInfo":{"ByLineInfo":{"Brand":{"DisplayValue":"Bolilleando.com","Label":"Brand","Locale":"es_ES"},"Manufacturer":{"DisplayValue":"Bolilleando.com","Label":"Manufacturer","Locale":"es_ES"}},"Title":{"DisplayValue":"Surtido de patrones para lazos de encaje de bolillos","Label":"Title","Locale":"es_ES"}},"Offers":{"Summaries":[{"Condition":{"Value":"New"},"LowestPrice":{"Amount":9.0,"Currency":"EUR","DisplayAmount":"9,00 €"}}]}},{"ASIN":"B0BZDG2WT8","DetailPageURL":"https://www.amazon.es/dp/B0BZDG2WT8?tag=topinalambricos-21&linkCode=osi&th=1&psc=1","Images":{"Primary":{"Small":{"Height":69,"URL":"https://m.media-amazon.com/images/I/51LN40xStHL._SL75_.jpg","Width":75}}},"ItemInfo":{"ByLineInfo":{"Brand":{"DisplayValue":"Bolilleando.com","Label":"Brand","Locale":"es_ES"},"Manufacturer":{"DisplayValue":"Bolilleando.com","Label":"Manufacturer","Locale":"es_ES"}},"Title":{"DisplayValue":"Varilla metalizada crudo con patrón de encaje de bolillos ref.7","Label":"Title","Locale":"es_ES"}},"Offers":{"Summaries":[{"Condition":{"Value":"New"},"LowestPrice":{"Amount":14.6,"Currency":"EUR","DisplayAmount":"14,60 €"}}]}},{"ASIN":"B01JIL2PTA","DetailPageURL":"https://www.amazon.es/dp/B01JIL2PTA?tag=topinalambricos-21&linkCode=osi&th=1&psc=1","Images":{"Primary":{"Small":{"Height":45,"URL":"https://m.media-amazon.com/images/I/31E+nMPhraL._SL75_.jpg","Width":75}}},"ItemInfo":{"ByLineInfo":{"Brand":{"DisplayValue":"Anchor","Label":"Brand","Locale":"es_ES"},"Manufacturer":{"DisplayValue":"MEZ","Label":"Manufacturer","Locale":"es_ES"}},"Title":{"DisplayValue":"Anchor Hilo De Encaje De Bolillos Encaje, Espesor: 30, Longitud: 500m 206, 3cm x 3cm x 7cm Verde menta 206","Label":"Title","Locale":"es_ES"}},"Offers":{"Summaries":[{"Condition":{"Value":"New"},"LowestPrice":{"Amount":8.0,"Currency":"EUR","DisplayAmount":"8,00 €"}}]}},{"ASIN":"B0BKL1DGXF","DetailPageURL":"https://www.amazon.es/dp/B0BKL1DGXF?tag=topinalambricos-21&linkCode=osi&th=1&psc=1","Images":{"Primary":{"Small":{"Height":75,"URL":"https://m.media-amazon.com/images/I/51MPLv1JVtL._SL75_.jpg","Width":66}}},"ItemInfo":{"ByLineInfo":{"Brand":{"DisplayValue":"Bolilleando.com","Label":"Brand","Locale":"es_ES"},"Manufacturer":{"DisplayValue":"Bolilleando.com","Label":"Manufacturer","Locale":"es_ES"}},"Title":{"DisplayValue":"Kit para hacer abanico de comunión de encaje de bolillos ref. Sipo 17","Label":"Title","Locale":"es_ES"}},"Offers":{"Summaries":[{"Condition":{"Value":"New"},"LowestPrice":{"Amount":34.5,"Currency":"EUR","DisplayAmount":"34,50 €"}}]}},{"ASIN":"B0BZDD7215","DetailPageURL":"https://www.amazon.es/dp/B0BZDD7215?tag=topinalambricos-21&linkCode=osi&th=1&psc=1","Images":{"Primary":{"Small":{"Height":67,"URL":"https://m.media-amazon.com/images/I/51MF4qQs76L._SL75_.jpg","Width":75}}},"ItemInfo":{"ByLineInfo":{"Brand":{"DisplayValue":"Bolilleando.com","Label":"Brand","Locale":"es_ES"},"Manufacturer":{"DisplayValue":"Bolilleando.com","Label":"Manufacturer","Locale":"es_ES"}},"Title":{"DisplayValue":"Varilla metalizada blanco con patrón de encaje de bolillos ref.7","Label":"Title","Locale":"es_ES"}},"Offers":{"Summaries":[{"Condition":{"Value":"New"},"LowestPrice":{"Amount":14.6,"Currency":"EUR","DisplayAmount":"14,60 €"}}]}}],"SearchURL":"https://www.amazon.es/s?k=bolillo&rh=n%3A4358484031%2Cp_n_availability%3A-1&tag=topinalambricos-21&linkCode=osi","TotalResultCount":196}},"88":{"SearchResult":{"Items":[{"ASIN":"B09NMG4KQY","DetailPageURL":"https://www.amazon.es/dp/B09NMG4KQY?tag=topinalambricos-21&linkCode=osi&th=1&psc=1","Images":{"Primary":{"Small":{"Height":65,"URL":"https://m.media-amazon.com/images/I/51yozsE+9YL._SL75_.jpg","Width":75}}},"ItemInfo":{"ByLineInfo":{"Brand":{"DisplayValue":"Bolilleando.com","Label":"Brand","Locale":"es_ES"},"Manufacturer":{"DisplayValue":"Bolilleando.com","Label":"Manufacturer","Locale":"es_ES"}},"Title":{"DisplayValue":"Varillas con patrón para encaje de bolillos (color blanco)","Label":"Title","Locale":"es_ES"}},"Offers":{"Summaries":[{"Condition":{"Value":"New"},"LowestPrice":{"Amount":12.0,"Currency":"EUR","DisplayAmount":"12,00 €"}}]}},{"ASIN":"B0BZDG9625","DetailPageURL":"https://www.amazon.es/dp/B0BZDG9625?tag=topinalambricos-21&linkCode=osi&th=1&psc=1","Images":{"Primary":{"Small":{"Height":62,"URL":"https://m.media-amazon.com/images/I/51Qesrmq6WL._SL75_.jpg","Width":75}}},"ItemInfo":{"ByLineInfo":{"Brand":{"DisplayValue":"Bolilleando.com","Label":"Brand","Locale":"es_ES"},"Manufacturer":{"DisplayValue":"Bolilleando.com","Label":"Manufacturer","Locale":"es_ES"}},"Title":{"DisplayValue":"Varilla metalizada rosa con patrón de encaje de bolillos ref.7","Label":"Title","Locale":"es_ES"}},"Offers":{"Summaries":[{"Condition":{"Value":"New"},"LowestPrice":{"Amount":14.6,"Currency":"EUR","DisplayAmount":"14,60 €"}}]}},{"ASIN":"B0BKL4CM3D","DetailPageURL":"https://www.amazon.es/dp/B0BKL4CM3D?tag=topinalambricos-21&linkCode=osi&th=1&psc=1","Images":{"Primary":{"Small":{"Height":66,"URL":"https://m.media-amazon.com/images/I/51dyl5GSKyL._SL75_.jpg","Width":75}}},"ItemInfo":{"ByLineInfo":{"Brand":{"DisplayValue":"Bolilleando.com","Label":"Brand","Locale":"es_ES"},"Manufacturer":{"DisplayValue":"Bolilleando.com","Label":"Manufacturer","Locale":"es_ES"}},"Title":{"DisplayValue":"Varilla metalizada oro con patrón de encaje de bolillos ref.7","Label":"Title","Locale":"es_ES"}},"Offers":{"Summaries":[{"Condition":{"Value":"New"},"LowestPrice":{"Amount":14.6,"Currency":"EUR","DisplayAmount":"14,60 €"}}]}},{"ASIN":"B01JIL2CT8","DetailPageURL":"https://www.amazon.es/dp/B01JIL2CT8?tag=topinalambricos-21&linkCode=osi&th=1&psc=1","Images":{"Primary":{"Small":{"Height":45,"URL":"https://m.media-amazon.com/images/I/312ltAUQjwL._SL75_.jpg","Width":75}}},"ItemInfo":{"ByLineInfo":{"Brand":{"DisplayValue":"Anchor","Label":"Brand","Locale":"es_ES"},"Manufacturer":{"DisplayValue":"MEZ","Label":"Manufacturer","Locale":"es_ES"}},"Title":{"DisplayValue":"Anchor Hilo De Encaje De Bolillos Encaje, Espesor: 20, Longitud: 500m 206, 3cm x 3cm x 7cm Verde menta 206","Label":"Title","Locale":"es_ES"}},"Offers":{"Summaries":[{"Condition":{"Value":"New"},"LowestPrice":{"Amount":8.0,"Currency":"EUR","DisplayAmount":"8,00 €"}}]}},{"ASIN":"B01I5J71SQ","DetailPageURL":"https://www.amazon.es/dp/B01I5J71SQ?tag=topinalambricos-21&linkCode=osi&th=1&psc=1","Images":{"Primary":{"Small":{"Height":46,"URL":"https://m.media-amazon.com/images/I/21B9-5jxY+L._SL75_.jpg","Width":75}}},"ItemInfo":{"ByLineInfo":{"Brand":{"DisplayValue":"Anchor","Label":"Brand","Locale":"es_ES"},"Manufacturer":{"DisplayValue":"MEZ","Label":"Manufacturer","Locale":"es_ES"}},"Title":{"DisplayValue":"Anchor Hilo De Encaje De Bolillos Encaje, Espesor: 40, Longitud: 900m 2, 4cm x 4cm x 7cm Blanco 2","Label":"Title","Locale":"es_ES"}},"Offers":{"Summaries":[{"Condition":{"Value":"New"},"LowestPrice":{"Amount":8.5,"Currency":"EUR","DisplayAmount":"8,50 € (0,01 € / metro)","PricePerUnit":0.01}}]}},{"ASIN":"B09963WZYC","DetailPageURL":"https://www.amazon.es/dp/B09963WZYC?tag=topinalambricos-21&linkCode=osi&th=1&psc=1","Images":{"Primary":{"Small":{"Height":49,"URL":"https://m.media-amazon.com/images/I/41WVhMd2mgS._SL75_.jpg","Width":75}}},"ItemInfo":{"ByLineInfo":{"Brand":{"DisplayValue":"Bolilleando.com","Label":"Brand","Locale":"es_ES"},"Manufacturer":{"DisplayValue":"Bolilleando.com","Label":"Manufacturer","Locale":"es_ES"}},"Title":{"DisplayValue":"Surtido de patrones para lazos de encaje de bolillos","Label":"Title","Locale":"es_ES"}},"Offers":{"Summaries":[{"Condition":{"Value":"New"},"LowestPrice":{"Amount":9.0,"Currency":"EUR","DisplayAmount":"9,00 €"}}]}},{"ASIN":"B0BZDG2WT8","DetailPageURL":"https://www.amazon.es/dp/B0BZDG2WT8?tag=topinalambricos-21&linkCode=osi&th=1&psc=1","Images":{"Primary":{"Small":{"Height":69,"URL":"https://m.media-amazon.com/images/I/51LN40xStHL._SL75_.jpg","Width":75}}},"ItemInfo":{"ByLineInfo":{"Brand":{"DisplayValue":"Bolilleando.com","Label":"Brand","Locale":"es_ES"},"Manufacturer":{"DisplayValue":"Bolilleando.com","Label":"Manufacturer","Locale":"es_ES"}},"Title":{"DisplayValue":"Varilla metalizada crudo con patrón de encaje de bolillos ref.7","Label":"Title","Locale":"es_ES"}},"Offers":{"Summaries":[{"Condition":{"Value":"New"},"LowestPrice":{"Amount":14.6,"Currency":"EUR","DisplayAmount":"14,60 €"}}]}},{"ASIN":"B01JIL2PTA","DetailPageURL":"https://www.amazon.es/dp/B01JIL2PTA?tag=topinalambricos-21&linkCode=osi&th=1&psc=1","Images":{"Primary":{"Small":{"Height":45,"URL":"https://m.media-amazon.com/images/I/31E+nMPhraL._SL75_.jpg","Width":75}}},"ItemInfo":{"ByLineInfo":{"Brand":{"DisplayValue":"Anchor","Label":"Brand","Locale":"es_ES"},"Manufacturer":{"DisplayValue":"MEZ","Label":"Manufacturer","Locale":"es_ES"}},"Title":{"DisplayValue":"Anchor Hilo De Encaje De Bolillos Encaje, Espesor: 30, Longitud: 500m 206, 3cm x 3cm x 7cm Verde menta 206","Label":"Title","Locale":"es_ES"}},"Offers":{"Summaries":[{"Condition":{"Value":"New"},"LowestPrice":{"Amount":8.0,"Currency":"EUR","DisplayAmount":"8,00 €"}}]}},{"ASIN":"B0BKL1DGXF","DetailPageURL":"https://www.amazon.es/dp/B0BKL1DGXF?tag=topinalambricos-21&linkCode=osi&th=1&psc=1","Images":{"Primary":{"Small":{"Height":75,"URL":"https://m.media-amazon.com/images/I/51MPLv1JVtL._SL75_.jpg","Width":66}}},"ItemInfo":{"ByLineInfo":{"Brand":{"DisplayValue":"Bolilleando.com","Label":"Brand","Locale":"es_ES"},"Manufacturer":{"DisplayValue":"Bolilleando.com","Label":"Manufacturer","Locale":"es_ES"}},"Title":{"DisplayValue":"Kit para hacer abanico de comunión de encaje de bolillos ref. Sipo 17","Label":"Title","Locale":"es_ES"}},"Offers":{"Summaries":[{"Condition":{"Value":"New"},"LowestPrice":{"Amount":34.5,"Currency":"EUR","DisplayAmount":"34,50 €"}}]}},{"ASIN":"B0BZDD7215","DetailPageURL":"https://www.amazon.es/dp/B0BZDD7215?tag=topinalambricos-21&linkCode=osi&th=1&psc=1","Images":{"Primary":{"Small":{"Height":67,"URL":"https://m.media-amazon.com/images/I/51MF4qQs76L._SL75_.jpg","Width":75}}},"ItemInfo":{"ByLineInfo":{"Brand":{"DisplayValue":"Bolilleando.com","Label":"Brand","Locale":"es_ES"},"Manufacturer":{"DisplayValue":"Bolilleando.com","Label":"Manufacturer","Locale":"es_ES"}},"Title":{"DisplayValue":"Varilla metalizada blanco con patrón de encaje de bolillos ref.7","Label":"Title","Locale":"es_ES"}},"Offers":{"Summaries":[{"Condition":{"Value":"New"},"LowestPrice":{"Amount":14.6,"Currency":"EUR","DisplayAmount":"14,60 €"}}]}}],"SearchURL":"https://www.amazon.es/s?k=bolillo&rh=n%3A4358484031%2Cp_n_availability%3A-1&tag=topinalambricos-21&linkCode=osi","TotalResultCount":196}},"89":{"SearchResult":{"Items":[{"ASIN":"B09NMG4KQY","DetailPageURL":"https://www.amazon.es/dp/B09NMG4KQY?tag=topinalambricos-21&linkCode=osi&th=1&psc=1","Images":{"Primary":{"Small":{"Height":65,"URL":"https://m.media-amazon.com/images/I/51yozsE+9YL._SL75_.jpg","Width":75}}},"ItemInfo":{"ByLineInfo":{"Brand":{"DisplayValue":"Bolilleando.com","Label":"Brand","Locale":"es_ES"},"Manufacturer":{"DisplayValue":"Bolilleando.com","Label":"Manufacturer","Locale":"es_ES"}},"Title":{"DisplayValue":"Varillas con patrón para encaje de bolillos (color blanco)","Label":"Title","Locale":"es_ES"}},"Offers":{"Summaries":[{"Condition":{"Value":"New"},"LowestPrice":{"Amount":12.0,"Currency":"EUR","DisplayAmount":"12,00 €"}}]}},{"ASIN":"B0BZDG9625","DetailPageURL":"https://www.amazon.es/dp/B0BZDG9625?tag=topinalambricos-21&linkCode=osi&th=1&psc=1","Images":{"Primary":{"Small":{"Height":62,"URL":"https://m.media-amazon.com/images/I/51Qesrmq6WL._SL75_.jpg","Width":75}}},"ItemInfo":{"ByLineInfo":{"Brand":{"DisplayValue":"Bolilleando.com","Label":"Brand","Locale":"es_ES"},"Manufacturer":{"DisplayValue":"Bolilleando.com","Label":"Manufacturer","Locale":"es_ES"}},"Title":{"DisplayValue":"Varilla metalizada rosa con patrón de encaje de bolillos ref.7","Label":"Title","Locale":"es_ES"}},"Offers":{"Summaries":[{"Condition":{"Value":"New"},"LowestPrice":{"Amount":14.6,"Currency":"EUR","DisplayAmount":"14,60 €"}}]}},{"ASIN":"B0BKL4CM3D","DetailPageURL":"https://www.amazon.es/dp/B0BKL4CM3D?tag=topinalambricos-21&linkCode=osi&th=1&psc=1","Images":{"Primary":{"Small":{"Height":66,"URL":"https://m.media-amazon.com/images/I/51dyl5GSKyL._SL75_.jpg","Width":75}}},"ItemInfo":{"ByLineInfo":{"Brand":{"DisplayValue":"Bolilleando.com","Label":"Brand","Locale":"es_ES"},"Manufacturer":{"DisplayValue":"Bolilleando.com","Label":"Manufacturer","Locale":"es_ES"}},"Title":{"DisplayValue":"Varilla metalizada oro con patrón de encaje de bolillos ref.7","Label":"Title","Locale":"es_ES"}},"Offers":{"Summaries":[{"Condition":{"Value":"New"},"LowestPrice":{"Amount":14.6,"Currency":"EUR","DisplayAmount":"14,60 €"}}]}},{"ASIN":"B01JIL2CT8","DetailPageURL":"https://www.amazon.es/dp/B01JIL2CT8?tag=topinalambricos-21&linkCode=osi&th=1&psc=1","Images":{"Primary":{"Small":{"Height":45,"URL":"https://m.media-amazon.com/images/I/312ltAUQjwL._SL75_.jpg","Width":75}}},"ItemInfo":{"ByLineInfo":{"Brand":{"DisplayValue":"Anchor","Label":"Brand","Locale":"es_ES"},"Manufacturer":{"DisplayValue":"MEZ","Label":"Manufacturer","Locale":"es_ES"}},"Title":{"DisplayValue":"Anchor Hilo De Encaje De Bolillos Encaje, Espesor: 20, Longitud: 500m 206, 3cm x 3cm x 7cm Verde menta 206","Label":"Title","Locale":"es_ES"}},"Offers":{"Summaries":[{"Condition":{"Value":"New"},"LowestPrice":{"Amount":8.0,"Currency":"EUR","DisplayAmount":"8,00 €"}}]}},{"ASIN":"B01I5J71SQ","DetailPageURL":"https://www.amazon.es/dp/B01I5J71SQ?tag=topinalambricos-21&linkCode=osi&th=1&psc=1","Images":{"Primary":{"Small":{"Height":46,"URL":"https://m.media-amazon.com/images/I/21B9-5jxY+L._SL75_.jpg","Width":75}}},"ItemInfo":{"ByLineInfo":{"Brand":{"DisplayValue":"Anchor","Label":"Brand","Locale":"es_ES"},"Manufacturer":{"DisplayValue":"MEZ","Label":"Manufacturer","Locale":"es_ES"}},"Title":{"DisplayValue":"Anchor Hilo De Encaje De Bolillos Encaje, Espesor: 40, Longitud: 900m 2, 4cm x 4cm x 7cm Blanco 2","Label":"Title","Locale":"es_ES"}},"Offers":{"Summaries":[{"Condition":{"Value":"New"},"LowestPrice":{"Amount":8.5,"Currency":"EUR","DisplayAmount":"8,50 € (0,01 € / metro)","PricePerUnit":0.01}}]}},{"ASIN":"B09963WZYC","DetailPageURL":"https://www.amazon.es/dp/B09963WZYC?tag=topinalambricos-21&linkCode=osi&th=1&psc=1","Images":{"Primary":{"Small":{"Height":49,"URL":"https://m.media-amazon.com/images/I/41WVhMd2mgS._SL75_.jpg","Width":75}}},"ItemInfo":{"ByLineInfo":{"Brand":{"DisplayValue":"Bolilleando.com","Label":"Brand","Locale":"es_ES"},"Manufacturer":{"DisplayValue":"Bolilleando.com","Label":"Manufacturer","Locale":"es_ES"}},"Title":{"DisplayValue":"Surtido de patrones para lazos de encaje de bolillos","Label":"Title","Locale":"es_ES"}},"Offers":{"Summaries":[{"Condition":{"Value":"New"},"LowestPrice":{"Amount":9.0,"Currency":"EUR","DisplayAmount":"9,00 €"}}]}},{"ASIN":"B0BZDG2WT8","DetailPageURL":"https://www.amazon.es/dp/B0BZDG2WT8?tag=topinalambricos-21&linkCode=osi&th=1&psc=1","Images":{"Primary":{"Small":{"Height":69,"URL":"https://m.media-amazon.com/images/I/51LN40xStHL._SL75_.jpg","Width":75}}},"ItemInfo":{"ByLineInfo":{"Brand":{"DisplayValue":"Bolilleando.com","Label":"Brand","Locale":"es_ES"},"Manufacturer":{"DisplayValue":"Bolilleando.com","Label":"Manufacturer","Locale":"es_ES"}},"Title":{"DisplayValue":"Varilla metalizada crudo con patrón de encaje de bolillos ref.7","Label":"Title","Locale":"es_ES"}},"Offers":{"Summaries":[{"Condition":{"Value":"New"},"LowestPrice":{"Amount":14.6,"Currency":"EUR","DisplayAmount":"14,60 €"}}]}},{"ASIN":"B01JIL2PTA","DetailPageURL":"https://www.amazon.es/dp/B01JIL2PTA?tag=topinalambricos-21&linkCode=osi&th=1&psc=1","Images":{"Primary":{"Small":{"Height":45,"URL":"https://m.media-amazon.com/images/I/31E+nMPhraL._SL75_.jpg","Width":75}}},"ItemInfo":{"ByLineInfo":{"Brand":{"DisplayValue":"Anchor","Label":"Brand","Locale":"es_ES"},"Manufacturer":{"DisplayValue":"MEZ","Label":"Manufacturer","Locale":"es_ES"}},"Title":{"DisplayValue":"Anchor Hilo De Encaje De Bolillos Encaje, Espesor: 30, Longitud: 500m 206, 3cm x 3cm x 7cm Verde menta 206","Label":"Title","Locale":"es_ES"}},"Offers":{"Summaries":[{"Condition":{"Value":"New"},"LowestPrice":{"Amount":8.0,"Currency":"EUR","DisplayAmount":"8,00 €"}}]}},{"ASIN":"B0BKL1DGXF","DetailPageURL":"https://www.amazon.es/dp/B0BKL1DGXF?tag=topinalambricos-21&linkCode=osi&th=1&psc=1","Images":{"Primary":{"Small":{"Height":75,"URL":"https://m.media-amazon.com/images/I/51MPLv1JVtL._SL75_.jpg","Width":66}}},"ItemInfo":{"ByLineInfo":{"Brand":{"DisplayValue":"Bolilleando.com","Label":"Brand","Locale":"es_ES"},"Manufacturer":{"DisplayValue":"Bolilleando.com","Label":"Manufacturer","Locale":"es_ES"}},"Title":{"DisplayValue":"Kit para hacer abanico de comunión de encaje de bolillos ref. Sipo 17","Label":"Title","Locale":"es_ES"}},"Offers":{"Summaries":[{"Condition":{"Value":"New"},"LowestPrice":{"Amount":34.5,"Currency":"EUR","DisplayAmount":"34,50 €"}}]}},{"ASIN":"B0BZDD7215","DetailPageURL":"https://www.amazon.es/dp/B0BZDD7215?tag=topinalambricos-21&linkCode=osi&th=1&psc=1","Images":{"Primary":{"Small":{"Height":67,"URL":"https://m.media-amazon.com/images/I/51MF4qQs76L._SL75_.jpg","Width":75}}},"ItemInfo":{"ByLineInfo":{"Brand":{"DisplayValue":"Bolilleando.com","Label":"Brand","Locale":"es_ES"},"Manufacturer":{"DisplayValue":"Bolilleando.com","Label":"Manufacturer","Locale":"es_ES"}},"Title":{"DisplayValue":"Varilla metalizada blanco con patrón de encaje de bolillos ref.7","Label":"Title","Locale":"es_ES"}},"Offers":{"Summaries":[{"Condition":{"Value":"New"},"LowestPrice":{"Amount":14.6,"Currency":"EUR","DisplayAmount":"14,60 €"}}]}}],"SearchURL":"https://www.amazon.es/s?k=bolillo&rh=n%3A4358484031%2Cp_n_availability%3A-1&tag=topinalambricos-21&linkCode=osi","TotalResultCount":196}},"90":{"SearchResult":{"Items":[{"ASIN":"B09NMG4KQY","DetailPageURL":"https://www.amazon.es/dp/B09NMG4KQY?tag=topinalambricos-21&linkCode=osi&th=1&psc=1","Images":{"Primary":{"Small":{"Height":65,"URL":"https://m.media-amazon.com/images/I/51yozsE+9YL._SL75_.jpg","Width":75}}},"ItemInfo":{"ByLineInfo":{"Brand":{"DisplayValue":"Bolilleando.com","Label":"Brand","Locale":"es_ES"},"Manufacturer":{"DisplayValue":"Bolilleando.com","Label":"Manufacturer","Locale":"es_ES"}},"Title":{"DisplayValue":"Varillas con patrón para encaje de bolillos (color blanco)","Label":"Title","Locale":"es_ES"}},"Offers":{"Summaries":[{"Condition":{"Value":"New"},"LowestPrice":{"Amount":12.0,"Currency":"EUR","DisplayAmount":"12,00 €"}}]}},{"ASIN":"B0BZDG9625","DetailPageURL":"https://www.amazon.es/dp/B0BZDG9625?tag=topinalambricos-21&linkCode=osi&th=1&psc=1","Images":{"Primary":{"Small":{"Height":62,"URL":"https://m.media-amazon.com/images/I/51Qesrmq6WL._SL75_.jpg","Width":75}}},"ItemInfo":{"ByLineInfo":{"Brand":{"DisplayValue":"Bolilleando.com","Label":"Brand","Locale":"es_ES"},"Manufacturer":{"DisplayValue":"Bolilleando.com","Label":"Manufacturer","Locale":"es_ES"}},"Title":{"DisplayValue":"Varilla metalizada rosa con patrón de encaje de bolillos ref.7","Label":"Title","Locale":"es_ES"}},"Offers":{"Summaries":[{"Condition":{"Value":"New"},"LowestPrice":{"Amount":14.6,"Currency":"EUR","DisplayAmount":"14,60 €"}}]}},{"ASIN":"B0BKL4CM3D","DetailPageURL":"https://www.amazon.es/dp/B0BKL4CM3D?tag=topinalambricos-21&linkCode=osi&th=1&psc=1","Images":{"Primary":{"Small":{"Height":66,"URL":"https://m.media-amazon.com/images/I/51dyl5GSKyL._SL75_.jpg","Width":75}}},"ItemInfo":{"ByLineInfo":{"Brand":{"DisplayValue":"Bolilleando.com","Label":"Brand","Locale":"es_ES"},"Manufacturer":{"DisplayValue":"Bolilleando.com","Label":"Manufacturer","Locale":"es_ES"}},"Title":{"DisplayValue":"Varilla metalizada oro con patrón de encaje de bolillos ref.7","Label":"Title","Locale":"es_ES"}},"Offers":{"Summaries":[{"Condition":{"Value":"New"},"LowestPrice":{"Amount":14.6,"Currency":"EUR","DisplayAmount":"14,60 €"}}]}},{"ASIN":"B01JIL2CT8","DetailPageURL":"https://www.amazon.es/dp/B01JIL2CT8?tag=topinalambricos-21&linkCode=osi&th=1&psc=1","Images":{"Primary":{"Small":{"Height":45,"URL":"https://m.media-amazon.com/images/I/312ltAUQjwL._SL75_.jpg","Width":75}}},"ItemInfo":{"ByLineInfo":{"Brand":{"DisplayValue":"Anchor","Label":"Brand","Locale":"es_ES"},"Manufacturer":{"DisplayValue":"MEZ","Label":"Manufacturer","Locale":"es_ES"}},"Title":{"DisplayValue":"Anchor Hilo De Encaje De Bolillos Encaje, Espesor: 20, Longitud: 500m 206, 3cm x 3cm x 7cm Verde menta 206","Label":"Title","Locale":"es_ES"}},"Offers":{"Summaries":[{"Condition":{"Value":"New"},"LowestPrice":{"Amount":8.0,"Currency":"EUR","DisplayAmount":"8,00 €"}}]}},{"ASIN":"B01I5J71SQ","DetailPageURL":"https://www.amazon.es/dp/B01I5J71SQ?tag=topinalambricos-21&linkCode=osi&th=1&psc=1","Images":{"Primary":{"Small":{"Height":46,"URL":"https://m.media-amazon.com/images/I/21B9-5jxY+L._SL75_.jpg","Width":75}}},"ItemInfo":{"ByLineInfo":{"Brand":{"DisplayValue":"Anchor","Label":"Brand","Locale":"es_ES"},"Manufacturer":{"DisplayValue":"MEZ","Label":"Manufacturer","Locale":"es_ES"}},"Title":{"DisplayValue":"Anchor Hilo De Encaje De Bolillos Encaje, Espesor: 40, Longitud: 900m 2, 4cm x 4cm x 7cm Blanco 2","Label":"Title","Locale":"es_ES"}},"Offers":{"Summaries":[{"Condition":{"Value":"New"},"LowestPrice":{"Amount":8.5,"Currency":"EUR","DisplayAmount":"8,50 € (0,01 € / metro)","PricePerUnit":0.01}}]}},{"ASIN":"B09963WZYC","DetailPageURL":"https://www.amazon.es/dp/B09963WZYC?tag=topinalambricos-21&linkCode=osi&th=1&psc=1","Images":{"Primary":{"Small":{"Height":49,"URL":"https://m.media-amazon.com/images/I/41WVhMd2mgS._SL75_.jpg","Width":75}}},"ItemInfo":{"ByLineInfo":{"Brand":{"DisplayValue":"Bolilleando.com","Label":"Brand","Locale":"es_ES"},"Manufacturer":{"DisplayValue":"Bolilleando.com","Label":"Manufacturer","Locale":"es_ES"}},"Title":{"DisplayValue":"Surtido de patrones para lazos de encaje de bolillos","Label":"Title","Locale":"es_ES"}},"Offers":{"Summaries":[{"Condition":{"Value":"New"},"LowestPrice":{"Amount":9.0,"Currency":"EUR","DisplayAmount":"9,00 €"}}]}},{"ASIN":"B0BZDG2WT8","DetailPageURL":"https://www.amazon.es/dp/B0BZDG2WT8?tag=topinalambricos-21&linkCode=osi&th=1&psc=1","Images":{"Primary":{"Small":{"Height":69,"URL":"https://m.media-amazon.com/images/I/51LN40xStHL._SL75_.jpg","Width":75}}},"ItemInfo":{"ByLineInfo":{"Brand":{"DisplayValue":"Bolilleando.com","Label":"Brand","Locale":"es_ES"},"Manufacturer":{"DisplayValue":"Bolilleando.com","Label":"Manufacturer","Locale":"es_ES"}},"Title":{"DisplayValue":"Varilla metalizada crudo con patrón de encaje de bolillos ref.7","Label":"Title","Locale":"es_ES"}},"Offers":{"Summaries":[{"Condition":{"Value":"New"},"LowestPrice":{"Amount":14.6,"Currency":"EUR","DisplayAmount":"14,60 €"}}]}},{"ASIN":"B01JIL2PTA","DetailPageURL":"https://www.amazon.es/dp/B01JIL2PTA?tag=topinalambricos-21&linkCode=osi&th=1&psc=1","Images":{"Primary":{"Small":{"Height":45,"URL":"https://m.media-amazon.com/images/I/31E+nMPhraL._SL75_.jpg","Width":75}}},"ItemInfo":{"ByLineInfo":{"Brand":{"DisplayValue":"Anchor","Label":"Brand","Locale":"es_ES"},"Manufacturer":{"DisplayValue":"MEZ","Label":"Manufacturer","Locale":"es_ES"}},"Title":{"DisplayValue":"Anchor Hilo De Encaje De Bolillos Encaje, Espesor: 30, Longitud: 500m 206, 3cm x 3cm x 7cm Verde menta 206","Label":"Title","Locale":"es_ES"}},"Offers":{"Summaries":[{"Condition":{"Value":"New"},"LowestPrice":{"Amount":8.0,"Currency":"EUR","DisplayAmount":"8,00 €"}}]}},{"ASIN":"B0BKL1DGXF","DetailPageURL":"https://www.amazon.es/dp/B0BKL1DGXF?tag=topinalambricos-21&linkCode=osi&th=1&psc=1","Images":{"Primary":{"Small":{"Height":75,"URL":"https://m.media-amazon.com/images/I/51MPLv1JVtL._SL75_.jpg","Width":66}}},"ItemInfo":{"ByLineInfo":{"Brand":{"DisplayValue":"Bolilleando.com","Label":"Brand","Locale":"es_ES"},"Manufacturer":{"DisplayValue":"Bolilleando.com","Label":"Manufacturer","Locale":"es_ES"}},"Title":{"DisplayValue":"Kit para hacer abanico de comunión de encaje de bolillos ref. Sipo 17","Label":"Title","Locale":"es_ES"}},"Offers":{"Summaries":[{"Condition":{"Value":"New"},"LowestPrice":{"Amount":34.5,"Currency":"EUR","DisplayAmount":"34,50 €"}}]}},{"ASIN":"B0BZDD7215","DetailPageURL":"https://www.amazon.es/dp/B0BZDD7215?tag=topinalambricos-21&linkCode=osi&th=1&psc=1","Images":{"Primary":{"Small":{"Height":67,"URL":"https://m.media-amazon.com/images/I/51MF4qQs76L._SL75_.jpg","Width":75}}},"ItemInfo":{"ByLineInfo":{"Brand":{"DisplayValue":"Bolilleando.com","Label":"Brand","Locale":"es_ES"},"Manufacturer":{"DisplayValue":"Bolilleando.com","Label":"Manufacturer","Locale":"es_ES"}},"Title":{"DisplayValue":"Varilla metalizada blanco con patrón de encaje de bolillos ref.7","Label":"Title","Locale":"es_ES"}},"Offers":{"Summaries":[{"Condition":{"Value":"New"},"LowestPrice":{"Amount":14.6,"Currency":"EUR","DisplayAmount":"14,60 €"}}]}}],"SearchURL":"https://www.amazon.es/s?k=bolillo&rh=n%3A4358484031%2Cp_n_availability%3A-1&tag=topinalambricos-21&linkCode=osi","TotalResultCount":196}},"91":{"SearchResult":{"Items":[{"ASIN":"B09NMG4KQY","DetailPageURL":"https://www.amazon.es/dp/B09NMG4KQY?tag=topinalambricos-21&linkCode=osi&th=1&psc=1","Images":{"Primary":{"Small":{"Height":65,"URL":"https://m.media-amazon.com/images/I/51yozsE+9YL._SL75_.jpg","Width":75}}},"ItemInfo":{"ByLineInfo":{"Brand":{"DisplayValue":"Bolilleando.com","Label":"Brand","Locale":"es_ES"},"Manufacturer":{"DisplayValue":"Bolilleando.com","Label":"Manufacturer","Locale":"es_ES"}},"Title":{"DisplayValue":"Varillas con patrón para encaje de bolillos (color blanco)","Label":"Title","Locale":"es_ES"}},"Offers":{"Summaries":[{"Condition":{"Value":"New"},"LowestPrice":{"Amount":12.0,"Currency":"EUR","DisplayAmount":"12,00 €"}}]}},{"ASIN":"B0BZDG9625","DetailPageURL":"https://www.amazon.es/dp/B0BZDG9625?tag=topinalambricos-21&linkCode=osi&th=1&psc=1","Images":{"Primary":{"Small":{"Height":62,"URL":"https://m.media-amazon.com/images/I/51Qesrmq6WL._SL75_.jpg","Width":75}}},"ItemInfo":{"ByLineInfo":{"Brand":{"DisplayValue":"Bolilleando.com","Label":"Brand","Locale":"es_ES"},"Manufacturer":{"DisplayValue":"Bolilleando.com","Label":"Manufacturer","Locale":"es_ES"}},"Title":{"DisplayValue":"Varilla metalizada rosa con patrón de encaje de bolillos ref.7","Label":"Title","Locale":"es_ES"}},"Offers":{"Summaries":[{"Condition":{"Value":"New"},"LowestPrice":{"Amount":14.6,"Currency":"EUR","DisplayAmount":"14,60 €"}}]}},{"ASIN":"B0BKL4CM3D","DetailPageURL":"https://www.amazon.es/dp/B0BKL4CM3D?tag=topinalambricos-21&linkCode=osi&th=1&psc=1","Images":{"Primary":{"Small":{"Height":66,"URL":"https://m.media-amazon.com/images/I/51dyl5GSKyL._SL75_.jpg","Width":75}}},"ItemInfo":{"ByLineInfo":{"Brand":{"DisplayValue":"Bolilleando.com","Label":"Brand","Locale":"es_ES"},"Manufacturer":{"DisplayValue":"Bolilleando.com","Label":"Manufacturer","Locale":"es_ES"}},"Title":{"DisplayValue":"Varilla metalizada oro con patrón de encaje de bolillos ref.7","Label":"Title","Locale":"es_ES"}},"Offers":{"Summaries":[{"Condition":{"Value":"New"},"LowestPrice":{"Amount":14.6,"Currency":"EUR","DisplayAmount":"14,60 €"}}]}},{"ASIN":"B01JIL2CT8","DetailPageURL":"https://www.amazon.es/dp/B01JIL2CT8?tag=topinalambricos-21&linkCode=osi&th=1&psc=1","Images":{"Primary":{"Small":{"Height":45,"URL":"https://m.media-amazon.com/images/I/312ltAUQjwL._SL75_.jpg","Width":75}}},"ItemInfo":{"ByLineInfo":{"Brand":{"DisplayValue":"Anchor","Label":"Brand","Locale":"es_ES"},"Manufacturer":{"DisplayValue":"MEZ","Label":"Manufacturer","Locale":"es_ES"}},"Title":{"DisplayValue":"Anchor Hilo De Encaje De Bolillos Encaje, Espesor: 20, Longitud: 500m 206, 3cm x 3cm x 7cm Verde menta 206","Label":"Title","Locale":"es_ES"}},"Offers":{"Summaries":[{"Condition":{"Value":"New"},"LowestPrice":{"Amount":8.0,"Currency":"EUR","DisplayAmount":"8,00 €"}}]}},{"ASIN":"B01I5J71SQ","DetailPageURL":"https://www.amazon.es/dp/B01I5J71SQ?tag=topinalambricos-21&linkCode=osi&th=1&psc=1","Images":{"Primary":{"Small":{"Height":46,"URL":"https://m.media-amazon.com/images/I/21B9-5jxY+L._SL75_.jpg","Width":75}}},"ItemInfo":{"ByLineInfo":{"Brand":{"DisplayValue":"Anchor","Label":"Brand","Locale":"es_ES"},"Manufacturer":{"DisplayValue":"MEZ","Label":"Manufacturer","Locale":"es_ES"}},"Title":{"DisplayValue":"Anchor Hilo De Encaje De Bolillos Encaje, Espesor: 40, Longitud: 900m 2, 4cm x 4cm x 7cm Blanco 2","Label":"Title","Locale":"es_ES"}},"Offers":{"Summaries":[{"Condition":{"Value":"New"},"LowestPrice":{"Amount":8.5,"Currency":"EUR","DisplayAmount":"8,50 € (0,01 € / metro)","PricePerUnit":0.01}}]}},{"ASIN":"B09963WZYC","DetailPageURL":"https://www.amazon.es/dp/B09963WZYC?tag=topinalambricos-21&linkCode=osi&th=1&psc=1","Images":{"Primary":{"Small":{"Height":49,"URL":"https://m.media-amazon.com/images/I/41WVhMd2mgS._SL75_.jpg","Width":75}}},"ItemInfo":{"ByLineInfo":{"Brand":{"DisplayValue":"Bolilleando.com","Label":"Brand","Locale":"es_ES"},"Manufacturer":{"DisplayValue":"Bolilleando.com","Label":"Manufacturer","Locale":"es_ES"}},"Title":{"DisplayValue":"Surtido de patrones para lazos de encaje de bolillos","Label":"Title","Locale":"es_ES"}},"Offers":{"Summaries":[{"Condition":{"Value":"New"},"LowestPrice":{"Amount":9.0,"Currency":"EUR","DisplayAmount":"9,00 €"}}]}},{"ASIN":"B0BZDG2WT8","DetailPageURL":"https://www.amazon.es/dp/B0BZDG2WT8?tag=topinalambricos-21&linkCode=osi&th=1&psc=1","Images":{"Primary":{"Small":{"Height":69,"URL":"https://m.media-amazon.com/images/I/51LN40xStHL._SL75_.jpg","Width":75}}},"ItemInfo":{"ByLineInfo":{"Brand":{"DisplayValue":"Bolilleando.com","Label":"Brand","Locale":"es_ES"},"Manufacturer":{"DisplayValue":"Bolilleando.com","Label":"Manufacturer","Locale":"es_ES"}},"Title":{"DisplayValue":"Varilla metalizada crudo con patrón de encaje de bolillos ref.7","Label":"Title","Locale":"es_ES"}},"Offers":{"Summaries":[{"Condition":{"Value":"New"},"LowestPrice":{"Amount":14.6,"Currency":"EUR","DisplayAmount":"14,60 €"}}]}},{"ASIN":"B01JIL2PTA","DetailPageURL":"https://www.amazon.es/dp/B01JIL2PTA?tag=topinalambricos-21&linkCode=osi&th=1&psc=1","Images":{"Primary":{"Small":{"Height":45,"URL":"https://m.media-amazon.com/images/I/31E+nMPhraL._SL75_.jpg","Width":75}}},"ItemInfo":{"ByLineInfo":{"Brand":{"DisplayValue":"Anchor","Label":"Brand","Locale":"es_ES"},"Manufacturer":{"DisplayValue":"MEZ","Label":"Manufacturer","Locale":"es_ES"}},"Title":{"DisplayValue":"Anchor Hilo De Encaje De Bolillos Encaje, Espesor: 30, Longitud: 500m 206, 3cm x 3cm x 7cm Verde menta 206","Label":"Title","Locale":"es_ES"}},"Offers":{"Summaries":[{"Condition":{"Value":"New"},"LowestPrice":{"Amount":8.0,"Currency":"EUR","DisplayAmount":"8,00 €"}}]}},{"ASIN":"B0BKL1DGXF","DetailPageURL":"https://www.amazon.es/dp/B0BKL1DGXF?tag=topinalambricos-21&linkCode=osi&th=1&psc=1","Images":{"Primary":{"Small":{"Height":75,"URL":"https://m.media-amazon.com/images/I/51MPLv1JVtL._SL75_.jpg","Width":66}}},"ItemInfo":{"ByLineInfo":{"Brand":{"DisplayValue":"Bolilleando.com","Label":"Brand","Locale":"es_ES"},"Manufacturer":{"DisplayValue":"Bolilleando.com","Label":"Manufacturer","Locale":"es_ES"}},"Title":{"DisplayValue":"Kit para hacer abanico de comunión de encaje de bolillos ref. Sipo 17","Label":"Title","Locale":"es_ES"}},"Offers":{"Summaries":[{"Condition":{"Value":"New"},"LowestPrice":{"Amount":34.5,"Currency":"EUR","DisplayAmount":"34,50 €"}}]}},{"ASIN":"B0BZDD7215","DetailPageURL":"https://www.amazon.es/dp/B0BZDD7215?tag=topinalambricos-21&linkCode=osi&th=1&psc=1","Images":{"Primary":{"Small":{"Height":67,"URL":"https://m.media-amazon.com/images/I/51MF4qQs76L._SL75_.jpg","Width":75}}},"ItemInfo":{"ByLineInfo":{"Brand":{"DisplayValue":"Bolilleando.com","Label":"Brand","Locale":"es_ES"},"Manufacturer":{"DisplayValue":"Bolilleando.com","Label":"Manufacturer","Locale":"es_ES"}},"Title":{"DisplayValue":"Varilla metalizada blanco con patrón de encaje de bolillos ref.7","Label":"Title","Locale":"es_ES"}},"Offers":{"Summaries":[{"Condition":{"Value":"New"},"LowestPrice":{"Amount":14.6,"Currency":"EUR","DisplayAmount":"14,60 €"}}]}}],"SearchURL":"https://www.amazon.es/s?k=bolillo&rh=n%3A4358484031%2Cp_n_availability%3A-1&tag=topinalambricos-21&linkCode=osi","TotalResultCount":196}},"93":{"SearchResult":{"Items":[{"ASIN":"B09NMG4KQY","DetailPageURL":"https://www.amazon.es/dp/B09NMG4KQY?tag=topinalambricos-21&linkCode=osi&th=1&psc=1","Images":{"Primary":{"Small":{"Height":65,"URL":"https://m.media-amazon.com/images/I/51yozsE+9YL._SL75_.jpg","Width":75}}},"ItemInfo":{"ByLineInfo":{"Brand":{"DisplayValue":"Bolilleando.com","Label":"Brand","Locale":"es_ES"},"Manufacturer":{"DisplayValue":"Bolilleando.com","Label":"Manufacturer","Locale":"es_ES"}},"Title":{"DisplayValue":"Varillas con patrón para encaje de bolillos (color blanco)","Label":"Title","Locale":"es_ES"}},"Offers":{"Summaries":[{"Condition":{"Value":"New"},"LowestPrice":{"Amount":12.0,"Currency":"EUR","DisplayAmount":"12,00 €"}}]}},{"ASIN":"B0BZDG9625","DetailPageURL":"https://www.amazon.es/dp/B0BZDG9625?tag=topinalambricos-21&linkCode=osi&th=1&psc=1","Images":{"Primary":{"Small":{"Height":62,"URL":"https://m.media-amazon.com/images/I/51Qesrmq6WL._SL75_.jpg","Width":75}}},"ItemInfo":{"ByLineInfo":{"Brand":{"DisplayValue":"Bolilleando.com","Label":"Brand","Locale":"es_ES"},"Manufacturer":{"DisplayValue":"Bolilleando.com","Label":"Manufacturer","Locale":"es_ES"}},"Title":{"DisplayValue":"Varilla metalizada rosa con patrón de encaje de bolillos ref.7","Label":"Title","Locale":"es_ES"}},"Offers":{"Summaries":[{"Condition":{"Value":"New"},"LowestPrice":{"Amount":14.6,"Currency":"EUR","DisplayAmount":"14,60 €"}}]}},{"ASIN":"B0BKL4CM3D","DetailPageURL":"https://www.amazon.es/dp/B0BKL4CM3D?tag=topinalambricos-21&linkCode=osi&th=1&psc=1","Images":{"Primary":{"Small":{"Height":66,"URL":"https://m.media-amazon.com/images/I/51dyl5GSKyL._SL75_.jpg","Width":75}}},"ItemInfo":{"ByLineInfo":{"Brand":{"DisplayValue":"Bolilleando.com","Label":"Brand","Locale":"es_ES"},"Manufacturer":{"DisplayValue":"Bolilleando.com","Label":"Manufacturer","Locale":"es_ES"}},"Title":{"DisplayValue":"Varilla metalizada oro con patrón de encaje de bolillos ref.7","Label":"Title","Locale":"es_ES"}},"Offers":{"Summaries":[{"Condition":{"Value":"New"},"LowestPrice":{"Amount":14.6,"Currency":"EUR","DisplayAmount":"14,60 €"}}]}},{"ASIN":"B01JIL2CT8","DetailPageURL":"https://www.amazon.es/dp/B01JIL2CT8?tag=topinalambricos-21&linkCode=osi&th=1&psc=1","Images":{"Primary":{"Small":{"Height":45,"URL":"https://m.media-amazon.com/images/I/312ltAUQjwL._SL75_.jpg","Width":75}}},"ItemInfo":{"ByLineInfo":{"Brand":{"DisplayValue":"Anchor","Label":"Brand","Locale":"es_ES"},"Manufacturer":{"DisplayValue":"MEZ","Label":"Manufacturer","Locale":"es_ES"}},"Title":{"DisplayValue":"Anchor Hilo De Encaje De Bolillos Encaje, Espesor: 20, Longitud: 500m 206, 3cm x 3cm x 7cm Verde menta 206","Label":"Title","Locale":"es_ES"}},"Offers":{"Summaries":[{"Condition":{"Value":"New"},"LowestPrice":{"Amount":8.0,"Currency":"EUR","DisplayAmount":"8,00 €"}}]}},{"ASIN":"B01I5J71SQ","DetailPageURL":"https://www.amazon.es/dp/B01I5J71SQ?tag=topinalambricos-21&linkCode=osi&th=1&psc=1","Images":{"Primary":{"Small":{"Height":46,"URL":"https://m.media-amazon.com/images/I/21B9-5jxY+L._SL75_.jpg","Width":75}}},"ItemInfo":{"ByLineInfo":{"Brand":{"DisplayValue":"Anchor","Label":"Brand","Locale":"es_ES"},"Manufacturer":{"DisplayValue":"MEZ","Label":"Manufacturer","Locale":"es_ES"}},"Title":{"DisplayValue":"Anchor Hilo De Encaje De Bolillos Encaje, Espesor: 40, Longitud: 900m 2, 4cm x 4cm x 7cm Blanco 2","Label":"Title","Locale":"es_ES"}},"Offers":{"Summaries":[{"Condition":{"Value":"New"},"LowestPrice":{"Amount":8.5,"Currency":"EUR","DisplayAmount":"8,50 € (0,01 € / metro)","PricePerUnit":0.01}}]}},{"ASIN":"B09963WZYC","DetailPageURL":"https://www.amazon.es/dp/B09963WZYC?tag=topinalambricos-21&linkCode=osi&th=1&psc=1","Images":{"Primary":{"Small":{"Height":49,"URL":"https://m.media-amazon.com/images/I/41WVhMd2mgS._SL75_.jpg","Width":75}}},"ItemInfo":{"ByLineInfo":{"Brand":{"DisplayValue":"Bolilleando.com","Label":"Brand","Locale":"es_ES"},"Manufacturer":{"DisplayValue":"Bolilleando.com","Label":"Manufacturer","Locale":"es_ES"}},"Title":{"DisplayValue":"Surtido de patrones para lazos de encaje de bolillos","Label":"Title","Locale":"es_ES"}},"Offers":{"Summaries":[{"Condition":{"Value":"New"},"LowestPrice":{"Amount":9.0,"Currency":"EUR","DisplayAmount":"9,00 €"}}]}},{"ASIN":"B0BZDG2WT8","DetailPageURL":"https://www.amazon.es/dp/B0BZDG2WT8?tag=topinalambricos-21&linkCode=osi&th=1&psc=1","Images":{"Primary":{"Small":{"Height":69,"URL":"https://m.media-amazon.com/images/I/51LN40xStHL._SL75_.jpg","Width":75}}},"ItemInfo":{"ByLineInfo":{"Brand":{"DisplayValue":"Bolilleando.com","Label":"Brand","Locale":"es_ES"},"Manufacturer":{"DisplayValue":"Bolilleando.com","Label":"Manufacturer","Locale":"es_ES"}},"Title":{"DisplayValue":"Varilla metalizada crudo con patrón de encaje de bolillos ref.7","Label":"Title","Locale":"es_ES"}},"Offers":{"Summaries":[{"Condition":{"Value":"New"},"LowestPrice":{"Amount":14.6,"Currency":"EUR","DisplayAmount":"14,60 €"}}]}},{"ASIN":"B01JIL2PTA","DetailPageURL":"https://www.amazon.es/dp/B01JIL2PTA?tag=topinalambricos-21&linkCode=osi&th=1&psc=1","Images":{"Primary":{"Small":{"Height":45,"URL":"https://m.media-amazon.com/images/I/31E+nMPhraL._SL75_.jpg","Width":75}}},"ItemInfo":{"ByLineInfo":{"Brand":{"DisplayValue":"Anchor","Label":"Brand","Locale":"es_ES"},"Manufacturer":{"DisplayValue":"MEZ","Label":"Manufacturer","Locale":"es_ES"}},"Title":{"DisplayValue":"Anchor Hilo De Encaje De Bolillos Encaje, Espesor: 30, Longitud: 500m 206, 3cm x 3cm x 7cm Verde menta 206","Label":"Title","Locale":"es_ES"}},"Offers":{"Summaries":[{"Condition":{"Value":"New"},"LowestPrice":{"Amount":8.0,"Currency":"EUR","DisplayAmount":"8,00 €"}}]}},{"ASIN":"B0BKL1DGXF","DetailPageURL":"https://www.amazon.es/dp/B0BKL1DGXF?tag=topinalambricos-21&linkCode=osi&th=1&psc=1","Images":{"Primary":{"Small":{"Height":75,"URL":"https://m.media-amazon.com/images/I/51MPLv1JVtL._SL75_.jpg","Width":66}}},"ItemInfo":{"ByLineInfo":{"Brand":{"DisplayValue":"Bolilleando.com","Label":"Brand","Locale":"es_ES"},"Manufacturer":{"DisplayValue":"Bolilleando.com","Label":"Manufacturer","Locale":"es_ES"}},"Title":{"DisplayValue":"Kit para hacer abanico de comunión de encaje de bolillos ref. Sipo 17","Label":"Title","Locale":"es_ES"}},"Offers":{"Summaries":[{"Condition":{"Value":"New"},"LowestPrice":{"Amount":34.5,"Currency":"EUR","DisplayAmount":"34,50 €"}}]}},{"ASIN":"B0BZDD7215","DetailPageURL":"https://www.amazon.es/dp/B0BZDD7215?tag=topinalambricos-21&linkCode=osi&th=1&psc=1","Images":{"Primary":{"Small":{"Height":67,"URL":"https://m.media-amazon.com/images/I/51MF4qQs76L._SL75_.jpg","Width":75}}},"ItemInfo":{"ByLineInfo":{"Brand":{"DisplayValue":"Bolilleando.com","Label":"Brand","Locale":"es_ES"},"Manufacturer":{"DisplayValue":"Bolilleando.com","Label":"Manufacturer","Locale":"es_ES"}},"Title":{"DisplayValue":"Varilla metalizada blanco con patrón de encaje de bolillos ref.7","Label":"Title","Locale":"es_ES"}},"Offers":{"Summaries":[{"Condition":{"Value":"New"},"LowestPrice":{"Amount":14.6,"Currency":"EUR","DisplayAmount":"14,60 €"}}]}}],"SearchURL":"https://www.amazon.es/s?k=bolillo&rh=n%3A4358484031%2Cp_n_availability%3A-1&tag=topinalambricos-21&linkCode=osi","TotalResultCount":196}},"94":{"SearchResult":{"Items":[{"ASIN":"B09NMG4KQY","DetailPageURL":"https://www.amazon.es/dp/B09NMG4KQY?tag=topinalambricos-21&linkCode=osi&th=1&psc=1","Images":{"Primary":{"Small":{"Height":65,"URL":"https://m.media-amazon.com/images/I/51yozsE+9YL._SL75_.jpg","Width":75}}},"ItemInfo":{"ByLineInfo":{"Brand":{"DisplayValue":"Bolilleando.com","Label":"Brand","Locale":"es_ES"},"Manufacturer":{"DisplayValue":"Bolilleando.com","Label":"Manufacturer","Locale":"es_ES"}},"Title":{"DisplayValue":"Varillas con patrón para encaje de bolillos (color blanco)","Label":"Title","Locale":"es_ES"}},"Offers":{"Summaries":[{"Condition":{"Value":"New"},"LowestPrice":{"Amount":12.0,"Currency":"EUR","DisplayAmount":"12,00 €"}}]}},{"ASIN":"B0BZDG9625","DetailPageURL":"https://www.amazon.es/dp/B0BZDG9625?tag=topinalambricos-21&linkCode=osi&th=1&psc=1","Images":{"Primary":{"Small":{"Height":62,"URL":"https://m.media-amazon.com/images/I/51Qesrmq6WL._SL75_.jpg","Width":75}}},"ItemInfo":{"ByLineInfo":{"Brand":{"DisplayValue":"Bolilleando.com","Label":"Brand","Locale":"es_ES"},"Manufacturer":{"DisplayValue":"Bolilleando.com","Label":"Manufacturer","Locale":"es_ES"}},"Title":{"DisplayValue":"Varilla metalizada rosa con patrón de encaje de bolillos ref.7","Label":"Title","Locale":"es_ES"}},"Offers":{"Summaries":[{"Condition":{"Value":"New"},"LowestPrice":{"Amount":14.6,"Currency":"EUR","DisplayAmount":"14,60 €"}}]}},{"ASIN":"B0BKL4CM3D","DetailPageURL":"https://www.amazon.es/dp/B0BKL4CM3D?tag=topinalambricos-21&linkCode=osi&th=1&psc=1","Images":{"Primary":{"Small":{"Height":66,"URL":"https://m.media-amazon.com/images/I/51dyl5GSKyL._SL75_.jpg","Width":75}}},"ItemInfo":{"ByLineInfo":{"Brand":{"DisplayValue":"Bolilleando.com","Label":"Brand","Locale":"es_ES"},"Manufacturer":{"DisplayValue":"Bolilleando.com","Label":"Manufacturer","Locale":"es_ES"}},"Title":{"DisplayValue":"Varilla metalizada oro con patrón de encaje de bolillos ref.7","Label":"Title","Locale":"es_ES"}},"Offers":{"Summaries":[{"Condition":{"Value":"New"},"LowestPrice":{"Amount":14.6,"Currency":"EUR","DisplayAmount":"14,60 €"}}]}},{"ASIN":"B01JIL2CT8","DetailPageURL":"https://www.amazon.es/dp/B01JIL2CT8?tag=topinalambricos-21&linkCode=osi&th=1&psc=1","Images":{"Primary":{"Small":{"Height":45,"URL":"https://m.media-amazon.com/images/I/312ltAUQjwL._SL75_.jpg","Width":75}}},"ItemInfo":{"ByLineInfo":{"Brand":{"DisplayValue":"Anchor","Label":"Brand","Locale":"es_ES"},"Manufacturer":{"DisplayValue":"MEZ","Label":"Manufacturer","Locale":"es_ES"}},"Title":{"DisplayValue":"Anchor Hilo De Encaje De Bolillos Encaje, Espesor: 20, Longitud: 500m 206, 3cm x 3cm x 7cm Verde menta 206","Label":"Title","Locale":"es_ES"}},"Offers":{"Summaries":[{"Condition":{"Value":"New"},"LowestPrice":{"Amount":8.0,"Currency":"EUR","DisplayAmount":"8,00 €"}}]}},{"ASIN":"B01I5J71SQ","DetailPageURL":"https://www.amazon.es/dp/B01I5J71SQ?tag=topinalambricos-21&linkCode=osi&th=1&psc=1","Images":{"Primary":{"Small":{"Height":46,"URL":"https://m.media-amazon.com/images/I/21B9-5jxY+L._SL75_.jpg","Width":75}}},"ItemInfo":{"ByLineInfo":{"Brand":{"DisplayValue":"Anchor","Label":"Brand","Locale":"es_ES"},"Manufacturer":{"DisplayValue":"MEZ","Label":"Manufacturer","Locale":"es_ES"}},"Title":{"DisplayValue":"Anchor Hilo De Encaje De Bolillos Encaje, Espesor: 40, Longitud: 900m 2, 4cm x 4cm x 7cm Blanco 2","Label":"Title","Locale":"es_ES"}},"Offers":{"Summaries":[{"Condition":{"Value":"New"},"LowestPrice":{"Amount":8.5,"Currency":"EUR","DisplayAmount":"8,50 € (0,01 € / metro)","PricePerUnit":0.01}}]}},{"ASIN":"B09963WZYC","DetailPageURL":"https://www.amazon.es/dp/B09963WZYC?tag=topinalambricos-21&linkCode=osi&th=1&psc=1","Images":{"Primary":{"Small":{"Height":49,"URL":"https://m.media-amazon.com/images/I/41WVhMd2mgS._SL75_.jpg","Width":75}}},"ItemInfo":{"ByLineInfo":{"Brand":{"DisplayValue":"Bolilleando.com","Label":"Brand","Locale":"es_ES"},"Manufacturer":{"DisplayValue":"Bolilleando.com","Label":"Manufacturer","Locale":"es_ES"}},"Title":{"DisplayValue":"Surtido de patrones para lazos de encaje de bolillos","Label":"Title","Locale":"es_ES"}},"Offers":{"Summaries":[{"Condition":{"Value":"New"},"LowestPrice":{"Amount":9.0,"Currency":"EUR","DisplayAmount":"9,00 €"}}]}},{"ASIN":"B0BZDG2WT8","DetailPageURL":"https://www.amazon.es/dp/B0BZDG2WT8?tag=topinalambricos-21&linkCode=osi&th=1&psc=1","Images":{"Primary":{"Small":{"Height":69,"URL":"https://m.media-amazon.com/images/I/51LN40xStHL._SL75_.jpg","Width":75}}},"ItemInfo":{"ByLineInfo":{"Brand":{"DisplayValue":"Bolilleando.com","Label":"Brand","Locale":"es_ES"},"Manufacturer":{"DisplayValue":"Bolilleando.com","Label":"Manufacturer","Locale":"es_ES"}},"Title":{"DisplayValue":"Varilla metalizada crudo con patrón de encaje de bolillos ref.7","Label":"Title","Locale":"es_ES"}},"Offers":{"Summaries":[{"Condition":{"Value":"New"},"LowestPrice":{"Amount":14.6,"Currency":"EUR","DisplayAmount":"14,60 €"}}]}},{"ASIN":"B01JIL2PTA","DetailPageURL":"https://www.amazon.es/dp/B01JIL2PTA?tag=topinalambricos-21&linkCode=osi&th=1&psc=1","Images":{"Primary":{"Small":{"Height":45,"URL":"https://m.media-amazon.com/images/I/31E+nMPhraL._SL75_.jpg","Width":75}}},"ItemInfo":{"ByLineInfo":{"Brand":{"DisplayValue":"Anchor","Label":"Brand","Locale":"es_ES"},"Manufacturer":{"DisplayValue":"MEZ","Label":"Manufacturer","Locale":"es_ES"}},"Title":{"DisplayValue":"Anchor Hilo De Encaje De Bolillos Encaje, Espesor: 30, Longitud: 500m 206, 3cm x 3cm x 7cm Verde menta 206","Label":"Title","Locale":"es_ES"}},"Offers":{"Summaries":[{"Condition":{"Value":"New"},"LowestPrice":{"Amount":8.0,"Currency":"EUR","DisplayAmount":"8,00 €"}}]}},{"ASIN":"B0BKL1DGXF","DetailPageURL":"https://www.amazon.es/dp/B0BKL1DGXF?tag=topinalambricos-21&linkCode=osi&th=1&psc=1","Images":{"Primary":{"Small":{"Height":75,"URL":"https://m.media-amazon.com/images/I/51MPLv1JVtL._SL75_.jpg","Width":66}}},"ItemInfo":{"ByLineInfo":{"Brand":{"DisplayValue":"Bolilleando.com","Label":"Brand","Locale":"es_ES"},"Manufacturer":{"DisplayValue":"Bolilleando.com","Label":"Manufacturer","Locale":"es_ES"}},"Title":{"DisplayValue":"Kit para hacer abanico de comunión de encaje de bolillos ref. Sipo 17","Label":"Title","Locale":"es_ES"}},"Offers":{"Summaries":[{"Condition":{"Value":"New"},"LowestPrice":{"Amount":34.5,"Currency":"EUR","DisplayAmount":"34,50 €"}}]}},{"ASIN":"B0BZDD7215","DetailPageURL":"https://www.amazon.es/dp/B0BZDD7215?tag=topinalambricos-21&linkCode=osi&th=1&psc=1","Images":{"Primary":{"Small":{"Height":67,"URL":"https://m.media-amazon.com/images/I/51MF4qQs76L._SL75_.jpg","Width":75}}},"ItemInfo":{"ByLineInfo":{"Brand":{"DisplayValue":"Bolilleando.com","Label":"Brand","Locale":"es_ES"},"Manufacturer":{"DisplayValue":"Bolilleando.com","Label":"Manufacturer","Locale":"es_ES"}},"Title":{"DisplayValue":"Varilla metalizada blanco con patrón de encaje de bolillos ref.7","Label":"Title","Locale":"es_ES"}},"Offers":{"Summaries":[{"Condition":{"Value":"New"},"LowestPrice":{"Amount":14.6,"Currency":"EUR","DisplayAmount":"14,60 €"}}]}}],"SearchURL":"https://www.amazon.es/s?k=bolillo&rh=n%3A4358484031%2Cp_n_availability%3A-1&tag=topinalambricos-21&linkCode=osi","TotalResultCount":196}},"95":{"SearchResult":{"Items":[{"ASIN":"B09NMG4KQY","DetailPageURL":"https://www.amazon.es/dp/B09NMG4KQY?tag=topinalambricos-21&linkCode=osi&th=1&psc=1","Images":{"Primary":{"Small":{"Height":65,"URL":"https://m.media-amazon.com/images/I/51yozsE+9YL._SL75_.jpg","Width":75}}},"ItemInfo":{"ByLineInfo":{"Brand":{"DisplayValue":"Bolilleando.com","Label":"Brand","Locale":"es_ES"},"Manufacturer":{"DisplayValue":"Bolilleando.com","Label":"Manufacturer","Locale":"es_ES"}},"Title":{"DisplayValue":"Varillas con patrón para encaje de bolillos (color blanco)","Label":"Title","Locale":"es_ES"}},"Offers":{"Summaries":[{"Condition":{"Value":"New"},"LowestPrice":{"Amount":12.0,"Currency":"EUR","DisplayAmount":"12,00 €"}}]}},{"ASIN":"B0BZDG9625","DetailPageURL":"https://www.amazon.es/dp/B0BZDG9625?tag=topinalambricos-21&linkCode=osi&th=1&psc=1","Images":{"Primary":{"Small":{"Height":62,"URL":"https://m.media-amazon.com/images/I/51Qesrmq6WL._SL75_.jpg","Width":75}}},"ItemInfo":{"ByLineInfo":{"Brand":{"DisplayValue":"Bolilleando.com","Label":"Brand","Locale":"es_ES"},"Manufacturer":{"DisplayValue":"Bolilleando.com","Label":"Manufacturer","Locale":"es_ES"}},"Title":{"DisplayValue":"Varilla metalizada rosa con patrón de encaje de bolillos ref.7","Label":"Title","Locale":"es_ES"}},"Offers":{"Summaries":[{"Condition":{"Value":"New"},"LowestPrice":{"Amount":14.6,"Currency":"EUR","DisplayAmount":"14,60 €"}}]}},{"ASIN":"B0BKL4CM3D","DetailPageURL":"https://www.amazon.es/dp/B0BKL4CM3D?tag=topinalambricos-21&linkCode=osi&th=1&psc=1","Images":{"Primary":{"Small":{"Height":66,"URL":"https://m.media-amazon.com/images/I/51dyl5GSKyL._SL75_.jpg","Width":75}}},"ItemInfo":{"ByLineInfo":{"Brand":{"DisplayValue":"Bolilleando.com","Label":"Brand","Locale":"es_ES"},"Manufacturer":{"DisplayValue":"Bolilleando.com","Label":"Manufacturer","Locale":"es_ES"}},"Title":{"DisplayValue":"Varilla metalizada oro con patrón de encaje de bolillos ref.7","Label":"Title","Locale":"es_ES"}},"Offers":{"Summaries":[{"Condition":{"Value":"New"},"LowestPrice":{"Amount":14.6,"Currency":"EUR","DisplayAmount":"14,60 €"}}]}},{"ASIN":"B01JIL2CT8","DetailPageURL":"https://www.amazon.es/dp/B01JIL2CT8?tag=topinalambricos-21&linkCode=osi&th=1&psc=1","Images":{"Primary":{"Small":{"Height":45,"URL":"https://m.media-amazon.com/images/I/312ltAUQjwL._SL75_.jpg","Width":75}}},"ItemInfo":{"ByLineInfo":{"Brand":{"DisplayValue":"Anchor","Label":"Brand","Locale":"es_ES"},"Manufacturer":{"DisplayValue":"MEZ","Label":"Manufacturer","Locale":"es_ES"}},"Title":{"DisplayValue":"Anchor Hilo De Encaje De Bolillos Encaje, Espesor: 20, Longitud: 500m 206, 3cm x 3cm x 7cm Verde menta 206","Label":"Title","Locale":"es_ES"}},"Offers":{"Summaries":[{"Condition":{"Value":"New"},"LowestPrice":{"Amount":8.0,"Currency":"EUR","DisplayAmount":"8,00 €"}}]}},{"ASIN":"B01I5J71SQ","DetailPageURL":"https://www.amazon.es/dp/B01I5J71SQ?tag=topinalambricos-21&linkCode=osi&th=1&psc=1","Images":{"Primary":{"Small":{"Height":46,"URL":"https://m.media-amazon.com/images/I/21B9-5jxY+L._SL75_.jpg","Width":75}}},"ItemInfo":{"ByLineInfo":{"Brand":{"DisplayValue":"Anchor","Label":"Brand","Locale":"es_ES"},"Manufacturer":{"DisplayValue":"MEZ","Label":"Manufacturer","Locale":"es_ES"}},"Title":{"DisplayValue":"Anchor Hilo De Encaje De Bolillos Encaje, Espesor: 40, Longitud: 900m 2, 4cm x 4cm x 7cm Blanco 2","Label":"Title","Locale":"es_ES"}},"Offers":{"Summaries":[{"Condition":{"Value":"New"},"LowestPrice":{"Amount":8.5,"Currency":"EUR","DisplayAmount":"8,50 € (0,01 € / metro)","PricePerUnit":0.01}}]}},{"ASIN":"B09963WZYC","DetailPageURL":"https://www.amazon.es/dp/B09963WZYC?tag=topinalambricos-21&linkCode=osi&th=1&psc=1","Images":{"Primary":{"Small":{"Height":49,"URL":"https://m.media-amazon.com/images/I/41WVhMd2mgS._SL75_.jpg","Width":75}}},"ItemInfo":{"ByLineInfo":{"Brand":{"DisplayValue":"Bolilleando.com","Label":"Brand","Locale":"es_ES"},"Manufacturer":{"DisplayValue":"Bolilleando.com","Label":"Manufacturer","Locale":"es_ES"}},"Title":{"DisplayValue":"Surtido de patrones para lazos de encaje de bolillos","Label":"Title","Locale":"es_ES"}},"Offers":{"Summaries":[{"Condition":{"Value":"New"},"LowestPrice":{"Amount":9.0,"Currency":"EUR","DisplayAmount":"9,00 €"}}]}},{"ASIN":"B0BZDG2WT8","DetailPageURL":"https://www.amazon.es/dp/B0BZDG2WT8?tag=topinalambricos-21&linkCode=osi&th=1&psc=1","Images":{"Primary":{"Small":{"Height":69,"URL":"https://m.media-amazon.com/images/I/51LN40xStHL._SL75_.jpg","Width":75}}},"ItemInfo":{"ByLineInfo":{"Brand":{"DisplayValue":"Bolilleando.com","Label":"Brand","Locale":"es_ES"},"Manufacturer":{"DisplayValue":"Bolilleando.com","Label":"Manufacturer","Locale":"es_ES"}},"Title":{"DisplayValue":"Varilla metalizada crudo con patrón de encaje de bolillos ref.7","Label":"Title","Locale":"es_ES"}},"Offers":{"Summaries":[{"Condition":{"Value":"New"},"LowestPrice":{"Amount":14.6,"Currency":"EUR","DisplayAmount":"14,60 €"}}]}},{"ASIN":"B01JIL2PTA","DetailPageURL":"https://www.amazon.es/dp/B01JIL2PTA?tag=topinalambricos-21&linkCode=osi&th=1&psc=1","Images":{"Primary":{"Small":{"Height":45,"URL":"https://m.media-amazon.com/images/I/31E+nMPhraL._SL75_.jpg","Width":75}}},"ItemInfo":{"ByLineInfo":{"Brand":{"DisplayValue":"Anchor","Label":"Brand","Locale":"es_ES"},"Manufacturer":{"DisplayValue":"MEZ","Label":"Manufacturer","Locale":"es_ES"}},"Title":{"DisplayValue":"Anchor Hilo De Encaje De Bolillos Encaje, Espesor: 30, Longitud: 500m 206, 3cm x 3cm x 7cm Verde menta 206","Label":"Title","Locale":"es_ES"}},"Offers":{"Summaries":[{"Condition":{"Value":"New"},"LowestPrice":{"Amount":8.0,"Currency":"EUR","DisplayAmount":"8,00 €"}}]}},{"ASIN":"B0BKL1DGXF","DetailPageURL":"https://www.amazon.es/dp/B0BKL1DGXF?tag=topinalambricos-21&linkCode=osi&th=1&psc=1","Images":{"Primary":{"Small":{"Height":75,"URL":"https://m.media-amazon.com/images/I/51MPLv1JVtL._SL75_.jpg","Width":66}}},"ItemInfo":{"ByLineInfo":{"Brand":{"DisplayValue":"Bolilleando.com","Label":"Brand","Locale":"es_ES"},"Manufacturer":{"DisplayValue":"Bolilleando.com","Label":"Manufacturer","Locale":"es_ES"}},"Title":{"DisplayValue":"Kit para hacer abanico de comunión de encaje de bolillos ref. Sipo 17","Label":"Title","Locale":"es_ES"}},"Offers":{"Summaries":[{"Condition":{"Value":"New"},"LowestPrice":{"Amount":34.5,"Currency":"EUR","DisplayAmount":"34,50 €"}}]}},{"ASIN":"B0BZDD7215","DetailPageURL":"https://www.amazon.es/dp/B0BZDD7215?tag=topinalambricos-21&linkCode=osi&th=1&psc=1","Images":{"Primary":{"Small":{"Height":67,"URL":"https://m.media-amazon.com/images/I/51MF4qQs76L._SL75_.jpg","Width":75}}},"ItemInfo":{"ByLineInfo":{"Brand":{"DisplayValue":"Bolilleando.com","Label":"Brand","Locale":"es_ES"},"Manufacturer":{"DisplayValue":"Bolilleando.com","Label":"Manufacturer","Locale":"es_ES"}},"Title":{"DisplayValue":"Varilla metalizada blanco con patrón de encaje de bolillos ref.7","Label":"Title","Locale":"es_ES"}},"Offers":{"Summaries":[{"Condition":{"Value":"New"},"LowestPrice":{"Amount":14.6,"Currency":"EUR","DisplayAmount":"14,60 €"}}]}}],"SearchURL":"https://www.amazon.es/s?k=bolillo&rh=n%3A4358484031%2Cp_n_availability%3A-1&tag=topinalambricos-21&linkCode=osi","TotalResultCount":196}},"96":{"SearchResult":{"Items":[{"ASIN":"B09NMG4KQY","DetailPageURL":"https://www.amazon.es/dp/B09NMG4KQY?tag=topinalambricos-21&linkCode=osi&th=1&psc=1","Images":{"Primary":{"Small":{"Height":65,"URL":"https://m.media-amazon.com/images/I/51yozsE+9YL._SL75_.jpg","Width":75}}},"ItemInfo":{"ByLineInfo":{"Brand":{"DisplayValue":"Bolilleando.com","Label":"Brand","Locale":"es_ES"},"Manufacturer":{"DisplayValue":"Bolilleando.com","Label":"Manufacturer","Locale":"es_ES"}},"Title":{"DisplayValue":"Varillas con patrón para encaje de bolillos (color blanco)","Label":"Title","Locale":"es_ES"}},"Offers":{"Summaries":[{"Condition":{"Value":"New"},"LowestPrice":{"Amount":12.0,"Currency":"EUR","DisplayAmount":"12,00 €"}}]}},{"ASIN":"B0BZDG9625","DetailPageURL":"https://www.amazon.es/dp/B0BZDG9625?tag=topinalambricos-21&linkCode=osi&th=1&psc=1","Images":{"Primary":{"Small":{"Height":62,"URL":"https://m.media-amazon.com/images/I/51Qesrmq6WL._SL75_.jpg","Width":75}}},"ItemInfo":{"ByLineInfo":{"Brand":{"DisplayValue":"Bolilleando.com","Label":"Brand","Locale":"es_ES"},"Manufacturer":{"DisplayValue":"Bolilleando.com","Label":"Manufacturer","Locale":"es_ES"}},"Title":{"DisplayValue":"Varilla metalizada rosa con patrón de encaje de bolillos ref.7","Label":"Title","Locale":"es_ES"}},"Offers":{"Summaries":[{"Condition":{"Value":"New"},"LowestPrice":{"Amount":14.6,"Currency":"EUR","DisplayAmount":"14,60 €"}}]}},{"ASIN":"B0BKL4CM3D","DetailPageURL":"https://www.amazon.es/dp/B0BKL4CM3D?tag=topinalambricos-21&linkCode=osi&th=1&psc=1","Images":{"Primary":{"Small":{"Height":66,"URL":"https://m.media-amazon.com/images/I/51dyl5GSKyL._SL75_.jpg","Width":75}}},"ItemInfo":{"ByLineInfo":{"Brand":{"DisplayValue":"Bolilleando.com","Label":"Brand","Locale":"es_ES"},"Manufacturer":{"DisplayValue":"Bolilleando.com","Label":"Manufacturer","Locale":"es_ES"}},"Title":{"DisplayValue":"Varilla metalizada oro con patrón de encaje de bolillos ref.7","Label":"Title","Locale":"es_ES"}},"Offers":{"Summaries":[{"Condition":{"Value":"New"},"LowestPrice":{"Amount":14.6,"Currency":"EUR","DisplayAmount":"14,60 €"}}]}},{"ASIN":"B01JIL2CT8","DetailPageURL":"https://www.amazon.es/dp/B01JIL2CT8?tag=topinalambricos-21&linkCode=osi&th=1&psc=1","Images":{"Primary":{"Small":{"Height":45,"URL":"https://m.media-amazon.com/images/I/312ltAUQjwL._SL75_.jpg","Width":75}}},"ItemInfo":{"ByLineInfo":{"Brand":{"DisplayValue":"Anchor","Label":"Brand","Locale":"es_ES"},"Manufacturer":{"DisplayValue":"MEZ","Label":"Manufacturer","Locale":"es_ES"}},"Title":{"DisplayValue":"Anchor Hilo De Encaje De Bolillos Encaje, Espesor: 20, Longitud: 500m 206, 3cm x 3cm x 7cm Verde menta 206","Label":"Title","Locale":"es_ES"}},"Offers":{"Summaries":[{"Condition":{"Value":"New"},"LowestPrice":{"Amount":8.0,"Currency":"EUR","DisplayAmount":"8,00 €"}}]}},{"ASIN":"B01I5J71SQ","DetailPageURL":"https://www.amazon.es/dp/B01I5J71SQ?tag=topinalambricos-21&linkCode=osi&th=1&psc=1","Images":{"Primary":{"Small":{"Height":46,"URL":"https://m.media-amazon.com/images/I/21B9-5jxY+L._SL75_.jpg","Width":75}}},"ItemInfo":{"ByLineInfo":{"Brand":{"DisplayValue":"Anchor","Label":"Brand","Locale":"es_ES"},"Manufacturer":{"DisplayValue":"MEZ","Label":"Manufacturer","Locale":"es_ES"}},"Title":{"DisplayValue":"Anchor Hilo De Encaje De Bolillos Encaje, Espesor: 40, Longitud: 900m 2, 4cm x 4cm x 7cm Blanco 2","Label":"Title","Locale":"es_ES"}},"Offers":{"Summaries":[{"Condition":{"Value":"New"},"LowestPrice":{"Amount":8.5,"Currency":"EUR","DisplayAmount":"8,50 € (0,01 € / metro)","PricePerUnit":0.01}}]}},{"ASIN":"B09963WZYC","DetailPageURL":"https://www.amazon.es/dp/B09963WZYC?tag=topinalambricos-21&linkCode=osi&th=1&psc=1","Images":{"Primary":{"Small":{"Height":49,"URL":"https://m.media-amazon.com/images/I/41WVhMd2mgS._SL75_.jpg","Width":75}}},"ItemInfo":{"ByLineInfo":{"Brand":{"DisplayValue":"Bolilleando.com","Label":"Brand","Locale":"es_ES"},"Manufacturer":{"DisplayValue":"Bolilleando.com","Label":"Manufacturer","Locale":"es_ES"}},"Title":{"DisplayValue":"Surtido de patrones para lazos de encaje de bolillos","Label":"Title","Locale":"es_ES"}},"Offers":{"Summaries":[{"Condition":{"Value":"New"},"LowestPrice":{"Amount":9.0,"Currency":"EUR","DisplayAmount":"9,00 €"}}]}},{"ASIN":"B0BZDG2WT8","DetailPageURL":"https://www.amazon.es/dp/B0BZDG2WT8?tag=topinalambricos-21&linkCode=osi&th=1&psc=1","Images":{"Primary":{"Small":{"Height":69,"URL":"https://m.media-amazon.com/images/I/51LN40xStHL._SL75_.jpg","Width":75}}},"ItemInfo":{"ByLineInfo":{"Brand":{"DisplayValue":"Bolilleando.com","Label":"Brand","Locale":"es_ES"},"Manufacturer":{"DisplayValue":"Bolilleando.com","Label":"Manufacturer","Locale":"es_ES"}},"Title":{"DisplayValue":"Varilla metalizada crudo con patrón de encaje de bolillos ref.7","Label":"Title","Locale":"es_ES"}},"Offers":{"Summaries":[{"Condition":{"Value":"New"},"LowestPrice":{"Amount":14.6,"Currency":"EUR","DisplayAmount":"14,60 €"}}]}},{"ASIN":"B01JIL2PTA","DetailPageURL":"https://www.amazon.es/dp/B01JIL2PTA?tag=topinalambricos-21&linkCode=osi&th=1&psc=1","Images":{"Primary":{"Small":{"Height":45,"URL":"https://m.media-amazon.com/images/I/31E+nMPhraL._SL75_.jpg","Width":75}}},"ItemInfo":{"ByLineInfo":{"Brand":{"DisplayValue":"Anchor","Label":"Brand","Locale":"es_ES"},"Manufacturer":{"DisplayValue":"MEZ","Label":"Manufacturer","Locale":"es_ES"}},"Title":{"DisplayValue":"Anchor Hilo De Encaje De Bolillos Encaje, Espesor: 30, Longitud: 500m 206, 3cm x 3cm x 7cm Verde menta 206","Label":"Title","Locale":"es_ES"}},"Offers":{"Summaries":[{"Condition":{"Value":"New"},"LowestPrice":{"Amount":8.0,"Currency":"EUR","DisplayAmount":"8,00 €"}}]}},{"ASIN":"B0BKL1DGXF","DetailPageURL":"https://www.amazon.es/dp/B0BKL1DGXF?tag=topinalambricos-21&linkCode=osi&th=1&psc=1","Images":{"Primary":{"Small":{"Height":75,"URL":"https://m.media-amazon.com/images/I/51MPLv1JVtL._SL75_.jpg","Width":66}}},"ItemInfo":{"ByLineInfo":{"Brand":{"DisplayValue":"Bolilleando.com","Label":"Brand","Locale":"es_ES"},"Manufacturer":{"DisplayValue":"Bolilleando.com","Label":"Manufacturer","Locale":"es_ES"}},"Title":{"DisplayValue":"Kit para hacer abanico de comunión de encaje de bolillos ref. Sipo 17","Label":"Title","Locale":"es_ES"}},"Offers":{"Summaries":[{"Condition":{"Value":"New"},"LowestPrice":{"Amount":34.5,"Currency":"EUR","DisplayAmount":"34,50 €"}}]}},{"ASIN":"B0BZDD7215","DetailPageURL":"https://www.amazon.es/dp/B0BZDD7215?tag=topinalambricos-21&linkCode=osi&th=1&psc=1","Images":{"Primary":{"Small":{"Height":67,"URL":"https://m.media-amazon.com/images/I/51MF4qQs76L._SL75_.jpg","Width":75}}},"ItemInfo":{"ByLineInfo":{"Brand":{"DisplayValue":"Bolilleando.com","Label":"Brand","Locale":"es_ES"},"Manufacturer":{"DisplayValue":"Bolilleando.com","Label":"Manufacturer","Locale":"es_ES"}},"Title":{"DisplayValue":"Varilla metalizada blanco con patrón de encaje de bolillos ref.7","Label":"Title","Locale":"es_ES"}},"Offers":{"Summaries":[{"Condition":{"Value":"New"},"LowestPrice":{"Amount":14.6,"Currency":"EUR","DisplayAmount":"14,60 €"}}]}}],"SearchURL":"https://www.amazon.es/s?k=bolillo&rh=n%3A4358484031%2Cp_n_availability%3A-1&tag=topinalambricos-21&linkCode=osi","TotalResultCount":196}},"97":{"SearchResult":{"Items":[{"ASIN":"B09NMG4KQY","DetailPageURL":"https://www.amazon.es/dp/B09NMG4KQY?tag=topinalambricos-21&linkCode=osi&th=1&psc=1","Images":{"Primary":{"Small":{"Height":65,"URL":"https://m.media-amazon.com/images/I/51yozsE+9YL._SL75_.jpg","Width":75}}},"ItemInfo":{"ByLineInfo":{"Brand":{"DisplayValue":"Bolilleando.com","Label":"Brand","Locale":"es_ES"},"Manufacturer":{"DisplayValue":"Bolilleando.com","Label":"Manufacturer","Locale":"es_ES"}},"Title":{"DisplayValue":"Varillas con patrón para encaje de bolillos (color blanco)","Label":"Title","Locale":"es_ES"}},"Offers":{"Summaries":[{"Condition":{"Value":"New"},"LowestPrice":{"Amount":12.0,"Currency":"EUR","DisplayAmount":"12,00 €"}}]}},{"ASIN":"B0BZDG9625","DetailPageURL":"https://www.amazon.es/dp/B0BZDG9625?tag=topinalambricos-21&linkCode=osi&th=1&psc=1","Images":{"Primary":{"Small":{"Height":62,"URL":"https://m.media-amazon.com/images/I/51Qesrmq6WL._SL75_.jpg","Width":75}}},"ItemInfo":{"ByLineInfo":{"Brand":{"DisplayValue":"Bolilleando.com","Label":"Brand","Locale":"es_ES"},"Manufacturer":{"DisplayValue":"Bolilleando.com","Label":"Manufacturer","Locale":"es_ES"}},"Title":{"DisplayValue":"Varilla metalizada rosa con patrón de encaje de bolillos ref.7","Label":"Title","Locale":"es_ES"}},"Offers":{"Summaries":[{"Condition":{"Value":"New"},"LowestPrice":{"Amount":14.6,"Currency":"EUR","DisplayAmount":"14,60 €"}}]}},{"ASIN":"B0BKL4CM3D","DetailPageURL":"https://www.amazon.es/dp/B0BKL4CM3D?tag=topinalambricos-21&linkCode=osi&th=1&psc=1","Images":{"Primary":{"Small":{"Height":66,"URL":"https://m.media-amazon.com/images/I/51dyl5GSKyL._SL75_.jpg","Width":75}}},"ItemInfo":{"ByLineInfo":{"Brand":{"DisplayValue":"Bolilleando.com","Label":"Brand","Locale":"es_ES"},"Manufacturer":{"DisplayValue":"Bolilleando.com","Label":"Manufacturer","Locale":"es_ES"}},"Title":{"DisplayValue":"Varilla metalizada oro con patrón de encaje de bolillos ref.7","Label":"Title","Locale":"es_ES"}},"Offers":{"Summaries":[{"Condition":{"Value":"New"},"LowestPrice":{"Amount":14.6,"Currency":"EUR","DisplayAmount":"14,60 €"}}]}},{"ASIN":"B01JIL2CT8","DetailPageURL":"https://www.amazon.es/dp/B01JIL2CT8?tag=topinalambricos-21&linkCode=osi&th=1&psc=1","Images":{"Primary":{"Small":{"Height":45,"URL":"https://m.media-amazon.com/images/I/312ltAUQjwL._SL75_.jpg","Width":75}}},"ItemInfo":{"ByLineInfo":{"Brand":{"DisplayValue":"Anchor","Label":"Brand","Locale":"es_ES"},"Manufacturer":{"DisplayValue":"MEZ","Label":"Manufacturer","Locale":"es_ES"}},"Title":{"DisplayValue":"Anchor Hilo De Encaje De Bolillos Encaje, Espesor: 20, Longitud: 500m 206, 3cm x 3cm x 7cm Verde menta 206","Label":"Title","Locale":"es_ES"}},"Offers":{"Summaries":[{"Condition":{"Value":"New"},"LowestPrice":{"Amount":8.0,"Currency":"EUR","DisplayAmount":"8,00 €"}}]}},{"ASIN":"B01I5J71SQ","DetailPageURL":"https://www.amazon.es/dp/B01I5J71SQ?tag=topinalambricos-21&linkCode=osi&th=1&psc=1","Images":{"Primary":{"Small":{"Height":46,"URL":"https://m.media-amazon.com/images/I/21B9-5jxY+L._SL75_.jpg","Width":75}}},"ItemInfo":{"ByLineInfo":{"Brand":{"DisplayValue":"Anchor","Label":"Brand","Locale":"es_ES"},"Manufacturer":{"DisplayValue":"MEZ","Label":"Manufacturer","Locale":"es_ES"}},"Title":{"DisplayValue":"Anchor Hilo De Encaje De Bolillos Encaje, Espesor: 40, Longitud: 900m 2, 4cm x 4cm x 7cm Blanco 2","Label":"Title","Locale":"es_ES"}},"Offers":{"Summaries":[{"Condition":{"Value":"New"},"LowestPrice":{"Amount":8.5,"Currency":"EUR","DisplayAmount":"8,50 € (0,01 € / metro)","PricePerUnit":0.01}}]}},{"ASIN":"B09963WZYC","DetailPageURL":"https://www.amazon.es/dp/B09963WZYC?tag=topinalambricos-21&linkCode=osi&th=1&psc=1","Images":{"Primary":{"Small":{"Height":49,"URL":"https://m.media-amazon.com/images/I/41WVhMd2mgS._SL75_.jpg","Width":75}}},"ItemInfo":{"ByLineInfo":{"Brand":{"DisplayValue":"Bolilleando.com","Label":"Brand","Locale":"es_ES"},"Manufacturer":{"DisplayValue":"Bolilleando.com","Label":"Manufacturer","Locale":"es_ES"}},"Title":{"DisplayValue":"Surtido de patrones para lazos de encaje de bolillos","Label":"Title","Locale":"es_ES"}},"Offers":{"Summaries":[{"Condition":{"Value":"New"},"LowestPrice":{"Amount":9.0,"Currency":"EUR","DisplayAmount":"9,00 €"}}]}},{"ASIN":"B0BZDG2WT8","DetailPageURL":"https://www.amazon.es/dp/B0BZDG2WT8?tag=topinalambricos-21&linkCode=osi&th=1&psc=1","Images":{"Primary":{"Small":{"Height":69,"URL":"https://m.media-amazon.com/images/I/51LN40xStHL._SL75_.jpg","Width":75}}},"ItemInfo":{"ByLineInfo":{"Brand":{"DisplayValue":"Bolilleando.com","Label":"Brand","Locale":"es_ES"},"Manufacturer":{"DisplayValue":"Bolilleando.com","Label":"Manufacturer","Locale":"es_ES"}},"Title":{"DisplayValue":"Varilla metalizada crudo con patrón de encaje de bolillos ref.7","Label":"Title","Locale":"es_ES"}},"Offers":{"Summaries":[{"Condition":{"Value":"New"},"LowestPrice":{"Amount":14.6,"Currency":"EUR","DisplayAmount":"14,60 €"}}]}},{"ASIN":"B01JIL2PTA","DetailPageURL":"https://www.amazon.es/dp/B01JIL2PTA?tag=topinalambricos-21&linkCode=osi&th=1&psc=1","Images":{"Primary":{"Small":{"Height":45,"URL":"https://m.media-amazon.com/images/I/31E+nMPhraL._SL75_.jpg","Width":75}}},"ItemInfo":{"ByLineInfo":{"Brand":{"DisplayValue":"Anchor","Label":"Brand","Locale":"es_ES"},"Manufacturer":{"DisplayValue":"MEZ","Label":"Manufacturer","Locale":"es_ES"}},"Title":{"DisplayValue":"Anchor Hilo De Encaje De Bolillos Encaje, Espesor: 30, Longitud: 500m 206, 3cm x 3cm x 7cm Verde menta 206","Label":"Title","Locale":"es_ES"}},"Offers":{"Summaries":[{"Condition":{"Value":"New"},"LowestPrice":{"Amount":8.0,"Currency":"EUR","DisplayAmount":"8,00 €"}}]}},{"ASIN":"B0BKL1DGXF","DetailPageURL":"https://www.amazon.es/dp/B0BKL1DGXF?tag=topinalambricos-21&linkCode=osi&th=1&psc=1","Images":{"Primary":{"Small":{"Height":75,"URL":"https://m.media-amazon.com/images/I/51MPLv1JVtL._SL75_.jpg","Width":66}}},"ItemInfo":{"ByLineInfo":{"Brand":{"DisplayValue":"Bolilleando.com","Label":"Brand","Locale":"es_ES"},"Manufacturer":{"DisplayValue":"Bolilleando.com","Label":"Manufacturer","Locale":"es_ES"}},"Title":{"DisplayValue":"Kit para hacer abanico de comunión de encaje de bolillos ref. Sipo 17","Label":"Title","Locale":"es_ES"}},"Offers":{"Summaries":[{"Condition":{"Value":"New"},"LowestPrice":{"Amount":34.5,"Currency":"EUR","DisplayAmount":"34,50 €"}}]}},{"ASIN":"B0BZDD7215","DetailPageURL":"https://www.amazon.es/dp/B0BZDD7215?tag=topinalambricos-21&linkCode=osi&th=1&psc=1","Images":{"Primary":{"Small":{"Height":67,"URL":"https://m.media-amazon.com/images/I/51MF4qQs76L._SL75_.jpg","Width":75}}},"ItemInfo":{"ByLineInfo":{"Brand":{"DisplayValue":"Bolilleando.com","Label":"Brand","Locale":"es_ES"},"Manufacturer":{"DisplayValue":"Bolilleando.com","Label":"Manufacturer","Locale":"es_ES"}},"Title":{"DisplayValue":"Varilla metalizada blanco con patrón de encaje de bolillos ref.7","Label":"Title","Locale":"es_ES"}},"Offers":{"Summaries":[{"Condition":{"Value":"New"},"LowestPrice":{"Amount":14.6,"Currency":"EUR","DisplayAmount":"14,60 €"}}]}}],"SearchURL":"https://www.amazon.es/s?k=bolillo&rh=n%3A4358484031%2Cp_n_availability%3A-1&tag=topinalambricos-21&linkCode=osi","TotalResultCount":196}},"98":{"SearchResult":{"Items":[{"ASIN":"B09NMG4KQY","DetailPageURL":"https://www.amazon.es/dp/B09NMG4KQY?tag=topinalambricos-21&linkCode=osi&th=1&psc=1","Images":{"Primary":{"Small":{"Height":65,"URL":"https://m.media-amazon.com/images/I/51yozsE+9YL._SL75_.jpg","Width":75}}},"ItemInfo":{"ByLineInfo":{"Brand":{"DisplayValue":"Bolilleando.com","Label":"Brand","Locale":"es_ES"},"Manufacturer":{"DisplayValue":"Bolilleando.com","Label":"Manufacturer","Locale":"es_ES"}},"Title":{"DisplayValue":"Varillas con patrón para encaje de bolillos (color blanco)","Label":"Title","Locale":"es_ES"}},"Offers":{"Summaries":[{"Condition":{"Value":"New"},"LowestPrice":{"Amount":12.0,"Currency":"EUR","DisplayAmount":"12,00 €"}}]}},{"ASIN":"B0BZDG9625","DetailPageURL":"https://www.amazon.es/dp/B0BZDG9625?tag=topinalambricos-21&linkCode=osi&th=1&psc=1","Images":{"Primary":{"Small":{"Height":62,"URL":"https://m.media-amazon.com/images/I/51Qesrmq6WL._SL75_.jpg","Width":75}}},"ItemInfo":{"ByLineInfo":{"Brand":{"DisplayValue":"Bolilleando.com","Label":"Brand","Locale":"es_ES"},"Manufacturer":{"DisplayValue":"Bolilleando.com","Label":"Manufacturer","Locale":"es_ES"}},"Title":{"DisplayValue":"Varilla metalizada rosa con patrón de encaje de bolillos ref.7","Label":"Title","Locale":"es_ES"}},"Offers":{"Summaries":[{"Condition":{"Value":"New"},"LowestPrice":{"Amount":14.6,"Currency":"EUR","DisplayAmount":"14,60 €"}}]}},{"ASIN":"B0BKL4CM3D","DetailPageURL":"https://www.amazon.es/dp/B0BKL4CM3D?tag=topinalambricos-21&linkCode=osi&th=1&psc=1","Images":{"Primary":{"Small":{"Height":66,"URL":"https://m.media-amazon.com/images/I/51dyl5GSKyL._SL75_.jpg","Width":75}}},"ItemInfo":{"ByLineInfo":{"Brand":{"DisplayValue":"Bolilleando.com","Label":"Brand","Locale":"es_ES"},"Manufacturer":{"DisplayValue":"Bolilleando.com","Label":"Manufacturer","Locale":"es_ES"}},"Title":{"DisplayValue":"Varilla metalizada oro con patrón de encaje de bolillos ref.7","Label":"Title","Locale":"es_ES"}},"Offers":{"Summaries":[{"Condition":{"Value":"New"},"LowestPrice":{"Amount":14.6,"Currency":"EUR","DisplayAmount":"14,60 €"}}]}},{"ASIN":"B01JIL2CT8","DetailPageURL":"https://www.amazon.es/dp/B01JIL2CT8?tag=topinalambricos-21&linkCode=osi&th=1&psc=1","Images":{"Primary":{"Small":{"Height":45,"URL":"https://m.media-amazon.com/images/I/312ltAUQjwL._SL75_.jpg","Width":75}}},"ItemInfo":{"ByLineInfo":{"Brand":{"DisplayValue":"Anchor","Label":"Brand","Locale":"es_ES"},"Manufacturer":{"DisplayValue":"MEZ","Label":"Manufacturer","Locale":"es_ES"}},"Title":{"DisplayValue":"Anchor Hilo De Encaje De Bolillos Encaje, Espesor: 20, Longitud: 500m 206, 3cm x 3cm x 7cm Verde menta 206","Label":"Title","Locale":"es_ES"}},"Offers":{"Summaries":[{"Condition":{"Value":"New"},"LowestPrice":{"Amount":8.0,"Currency":"EUR","DisplayAmount":"8,00 €"}}]}},{"ASIN":"B01I5J71SQ","DetailPageURL":"https://www.amazon.es/dp/B01I5J71SQ?tag=topinalambricos-21&linkCode=osi&th=1&psc=1","Images":{"Primary":{"Small":{"Height":46,"URL":"https://m.media-amazon.com/images/I/21B9-5jxY+L._SL75_.jpg","Width":75}}},"ItemInfo":{"ByLineInfo":{"Brand":{"DisplayValue":"Anchor","Label":"Brand","Locale":"es_ES"},"Manufacturer":{"DisplayValue":"MEZ","Label":"Manufacturer","Locale":"es_ES"}},"Title":{"DisplayValue":"Anchor Hilo De Encaje De Bolillos Encaje, Espesor: 40, Longitud: 900m 2, 4cm x 4cm x 7cm Blanco 2","Label":"Title","Locale":"es_ES"}},"Offers":{"Summaries":[{"Condition":{"Value":"New"},"LowestPrice":{"Amount":8.5,"Currency":"EUR","DisplayAmount":"8,50 € (0,01 € / metro)","PricePerUnit":0.01}}]}},{"ASIN":"B09963WZYC","DetailPageURL":"https://www.amazon.es/dp/B09963WZYC?tag=topinalambricos-21&linkCode=osi&th=1&psc=1","Images":{"Primary":{"Small":{"Height":49,"URL":"https://m.media-amazon.com/images/I/41WVhMd2mgS._SL75_.jpg","Width":75}}},"ItemInfo":{"ByLineInfo":{"Brand":{"DisplayValue":"Bolilleando.com","Label":"Brand","Locale":"es_ES"},"Manufacturer":{"DisplayValue":"Bolilleando.com","Label":"Manufacturer","Locale":"es_ES"}},"Title":{"DisplayValue":"Surtido de patrones para lazos de encaje de bolillos","Label":"Title","Locale":"es_ES"}},"Offers":{"Summaries":[{"Condition":{"Value":"New"},"LowestPrice":{"Amount":9.0,"Currency":"EUR","DisplayAmount":"9,00 €"}}]}},{"ASIN":"B0BZDG2WT8","DetailPageURL":"https://www.amazon.es/dp/B0BZDG2WT8?tag=topinalambricos-21&linkCode=osi&th=1&psc=1","Images":{"Primary":{"Small":{"Height":69,"URL":"https://m.media-amazon.com/images/I/51LN40xStHL._SL75_.jpg","Width":75}}},"ItemInfo":{"ByLineInfo":{"Brand":{"DisplayValue":"Bolilleando.com","Label":"Brand","Locale":"es_ES"},"Manufacturer":{"DisplayValue":"Bolilleando.com","Label":"Manufacturer","Locale":"es_ES"}},"Title":{"DisplayValue":"Varilla metalizada crudo con patrón de encaje de bolillos ref.7","Label":"Title","Locale":"es_ES"}},"Offers":{"Summaries":[{"Condition":{"Value":"New"},"LowestPrice":{"Amount":14.6,"Currency":"EUR","DisplayAmount":"14,60 €"}}]}},{"ASIN":"B01JIL2PTA","DetailPageURL":"https://www.amazon.es/dp/B01JIL2PTA?tag=topinalambricos-21&linkCode=osi&th=1&psc=1","Images":{"Primary":{"Small":{"Height":45,"URL":"https://m.media-amazon.com/images/I/31E+nMPhraL._SL75_.jpg","Width":75}}},"ItemInfo":{"ByLineInfo":{"Brand":{"DisplayValue":"Anchor","Label":"Brand","Locale":"es_ES"},"Manufacturer":{"DisplayValue":"MEZ","Label":"Manufacturer","Locale":"es_ES"}},"Title":{"DisplayValue":"Anchor Hilo De Encaje De Bolillos Encaje, Espesor: 30, Longitud: 500m 206, 3cm x 3cm x 7cm Verde menta 206","Label":"Title","Locale":"es_ES"}},"Offers":{"Summaries":[{"Condition":{"Value":"New"},"LowestPrice":{"Amount":8.0,"Currency":"EUR","DisplayAmount":"8,00 €"}}]}},{"ASIN":"B0BKL1DGXF","DetailPageURL":"https://www.amazon.es/dp/B0BKL1DGXF?tag=topinalambricos-21&linkCode=osi&th=1&psc=1","Images":{"Primary":{"Small":{"Height":75,"URL":"https://m.media-amazon.com/images/I/51MPLv1JVtL._SL75_.jpg","Width":66}}},"ItemInfo":{"ByLineInfo":{"Brand":{"DisplayValue":"Bolilleando.com","Label":"Brand","Locale":"es_ES"},"Manufacturer":{"DisplayValue":"Bolilleando.com","Label":"Manufacturer","Locale":"es_ES"}},"Title":{"DisplayValue":"Kit para hacer abanico de comunión de encaje de bolillos ref. Sipo 17","Label":"Title","Locale":"es_ES"}},"Offers":{"Summaries":[{"Condition":{"Value":"New"},"LowestPrice":{"Amount":34.5,"Currency":"EUR","DisplayAmount":"34,50 €"}}]}},{"ASIN":"B0BZDD7215","DetailPageURL":"https://www.amazon.es/dp/B0BZDD7215?tag=topinalambricos-21&linkCode=osi&th=1&psc=1","Images":{"Primary":{"Small":{"Height":67,"URL":"https://m.media-amazon.com/images/I/51MF4qQs76L._SL75_.jpg","Width":75}}},"ItemInfo":{"ByLineInfo":{"Brand":{"DisplayValue":"Bolilleando.com","Label":"Brand","Locale":"es_ES"},"Manufacturer":{"DisplayValue":"Bolilleando.com","Label":"Manufacturer","Locale":"es_ES"}},"Title":{"DisplayValue":"Varilla metalizada blanco con patrón de encaje de bolillos ref.7","Label":"Title","Locale":"es_ES"}},"Offers":{"Summaries":[{"Condition":{"Value":"New"},"LowestPrice":{"Amount":14.6,"Currency":"EUR","DisplayAmount":"14,60 €"}}]}}],"SearchURL":"https://www.amazon.es/s?k=bolillo&rh=n%3A4358484031%2Cp_n_availability%3A-1&tag=topinalambricos-21&linkCode=osi","TotalResultCount":196}},"99":{"SearchResult":{"Items":[{"ASIN":"B09NMG4KQY","DetailPageURL":"https://www.amazon.es/dp/B09NMG4KQY?tag=topinalambricos-21&linkCode=osi&th=1&psc=1","Images":{"Primary":{"Small":{"Height":65,"URL":"https://m.media-amazon.com/images/I/51yozsE+9YL._SL75_.jpg","Width":75}}},"ItemInfo":{"ByLineInfo":{"Brand":{"DisplayValue":"Bolilleando.com","Label":"Brand","Locale":"es_ES"},"Manufacturer":{"DisplayValue":"Bolilleando.com","Label":"Manufacturer","Locale":"es_ES"}},"Title":{"DisplayValue":"Varillas con patrón para encaje de bolillos (color blanco)","Label":"Title","Locale":"es_ES"}},"Offers":{"Summaries":[{"Condition":{"Value":"New"},"LowestPrice":{"Amount":12.0,"Currency":"EUR","DisplayAmount":"12,00 €"}}]}},{"ASIN":"B0BZDG9625","DetailPageURL":"https://www.amazon.es/dp/B0BZDG9625?tag=topinalambricos-21&linkCode=osi&th=1&psc=1","Images":{"Primary":{"Small":{"Height":62,"URL":"https://m.media-amazon.com/images/I/51Qesrmq6WL._SL75_.jpg","Width":75}}},"ItemInfo":{"ByLineInfo":{"Brand":{"DisplayValue":"Bolilleando.com","Label":"Brand","Locale":"es_ES"},"Manufacturer":{"DisplayValue":"Bolilleando.com","Label":"Manufacturer","Locale":"es_ES"}},"Title":{"DisplayValue":"Varilla metalizada rosa con patrón de encaje de bolillos ref.7","Label":"Title","Locale":"es_ES"}},"Offers":{"Summaries":[{"Condition":{"Value":"New"},"LowestPrice":{"Amount":14.6,"Currency":"EUR","DisplayAmount":"14,60 €"}}]}},{"ASIN":"B0BKL4CM3D","DetailPageURL":"https://www.amazon.es/dp/B0BKL4CM3D?tag=topinalambricos-21&linkCode=osi&th=1&psc=1","Images":{"Primary":{"Small":{"Height":66,"URL":"https://m.media-amazon.com/images/I/51dyl5GSKyL._SL75_.jpg","Width":75}}},"ItemInfo":{"ByLineInfo":{"Brand":{"DisplayValue":"Bolilleando.com","Label":"Brand","Locale":"es_ES"},"Manufacturer":{"DisplayValue":"Bolilleando.com","Label":"Manufacturer","Locale":"es_ES"}},"Title":{"DisplayValue":"Varilla metalizada oro con patrón de encaje de bolillos ref.7","Label":"Title","Locale":"es_ES"}},"Offers":{"Summaries":[{"Condition":{"Value":"New"},"LowestPrice":{"Amount":14.6,"Currency":"EUR","DisplayAmount":"14,60 €"}}]}},{"ASIN":"B01JIL2CT8","DetailPageURL":"https://www.amazon.es/dp/B01JIL2CT8?tag=topinalambricos-21&linkCode=osi&th=1&psc=1","Images":{"Primary":{"Small":{"Height":45,"URL":"https://m.media-amazon.com/images/I/312ltAUQjwL._SL75_.jpg","Width":75}}},"ItemInfo":{"ByLineInfo":{"Brand":{"DisplayValue":"Anchor","Label":"Brand","Locale":"es_ES"},"Manufacturer":{"DisplayValue":"MEZ","Label":"Manufacturer","Locale":"es_ES"}},"Title":{"DisplayValue":"Anchor Hilo De Encaje De Bolillos Encaje, Espesor: 20, Longitud: 500m 206, 3cm x 3cm x 7cm Verde menta 206","Label":"Title","Locale":"es_ES"}},"Offers":{"Summaries":[{"Condition":{"Value":"New"},"LowestPrice":{"Amount":8.0,"Currency":"EUR","DisplayAmount":"8,00 €"}}]}},{"ASIN":"B01I5J71SQ","DetailPageURL":"https://www.amazon.es/dp/B01I5J71SQ?tag=topinalambricos-21&linkCode=osi&th=1&psc=1","Images":{"Primary":{"Small":{"Height":46,"URL":"https://m.media-amazon.com/images/I/21B9-5jxY+L._SL75_.jpg","Width":75}}},"ItemInfo":{"ByLineInfo":{"Brand":{"DisplayValue":"Anchor","Label":"Brand","Locale":"es_ES"},"Manufacturer":{"DisplayValue":"MEZ","Label":"Manufacturer","Locale":"es_ES"}},"Title":{"DisplayValue":"Anchor Hilo De Encaje De Bolillos Encaje, Espesor: 40, Longitud: 900m 2, 4cm x 4cm x 7cm Blanco 2","Label":"Title","Locale":"es_ES"}},"Offers":{"Summaries":[{"Condition":{"Value":"New"},"LowestPrice":{"Amount":8.5,"Currency":"EUR","DisplayAmount":"8,50 € (0,01 € / metro)","PricePerUnit":0.01}}]}},{"ASIN":"B09963WZYC","DetailPageURL":"https://www.amazon.es/dp/B09963WZYC?tag=topinalambricos-21&linkCode=osi&th=1&psc=1","Images":{"Primary":{"Small":{"Height":49,"URL":"https://m.media-amazon.com/images/I/41WVhMd2mgS._SL75_.jpg","Width":75}}},"ItemInfo":{"ByLineInfo":{"Brand":{"DisplayValue":"Bolilleando.com","Label":"Brand","Locale":"es_ES"},"Manufacturer":{"DisplayValue":"Bolilleando.com","Label":"Manufacturer","Locale":"es_ES"}},"Title":{"DisplayValue":"Surtido de patrones para lazos de encaje de bolillos","Label":"Title","Locale":"es_ES"}},"Offers":{"Summaries":[{"Condition":{"Value":"New"},"LowestPrice":{"Amount":9.0,"Currency":"EUR","DisplayAmount":"9,00 €"}}]}},{"ASIN":"B0BZDG2WT8","DetailPageURL":"https://www.amazon.es/dp/B0BZDG2WT8?tag=topinalambricos-21&linkCode=osi&th=1&psc=1","Images":{"Primary":{"Small":{"Height":69,"URL":"https://m.media-amazon.com/images/I/51LN40xStHL._SL75_.jpg","Width":75}}},"ItemInfo":{"ByLineInfo":{"Brand":{"DisplayValue":"Bolilleando.com","Label":"Brand","Locale":"es_ES"},"Manufacturer":{"DisplayValue":"Bolilleando.com","Label":"Manufacturer","Locale":"es_ES"}},"Title":{"DisplayValue":"Varilla metalizada crudo con patrón de encaje de bolillos ref.7","Label":"Title","Locale":"es_ES"}},"Offers":{"Summaries":[{"Condition":{"Value":"New"},"LowestPrice":{"Amount":14.6,"Currency":"EUR","DisplayAmount":"14,60 €"}}]}},{"ASIN":"B01JIL2PTA","DetailPageURL":"https://www.amazon.es/dp/B01JIL2PTA?tag=topinalambricos-21&linkCode=osi&th=1&psc=1","Images":{"Primary":{"Small":{"Height":45,"URL":"https://m.media-amazon.com/images/I/31E+nMPhraL._SL75_.jpg","Width":75}}},"ItemInfo":{"ByLineInfo":{"Brand":{"DisplayValue":"Anchor","Label":"Brand","Locale":"es_ES"},"Manufacturer":{"DisplayValue":"MEZ","Label":"Manufacturer","Locale":"es_ES"}},"Title":{"DisplayValue":"Anchor Hilo De Encaje De Bolillos Encaje, Espesor: 30, Longitud: 500m 206, 3cm x 3cm x 7cm Verde menta 206","Label":"Title","Locale":"es_ES"}},"Offers":{"Summaries":[{"Condition":{"Value":"New"},"LowestPrice":{"Amount":8.0,"Currency":"EUR","DisplayAmount":"8,00 €"}}]}},{"ASIN":"B0BKL1DGXF","DetailPageURL":"https://www.amazon.es/dp/B0BKL1DGXF?tag=topinalambricos-21&linkCode=osi&th=1&psc=1","Images":{"Primary":{"Small":{"Height":75,"URL":"https://m.media-amazon.com/images/I/51MPLv1JVtL._SL75_.jpg","Width":66}}},"ItemInfo":{"ByLineInfo":{"Brand":{"DisplayValue":"Bolilleando.com","Label":"Brand","Locale":"es_ES"},"Manufacturer":{"DisplayValue":"Bolilleando.com","Label":"Manufacturer","Locale":"es_ES"}},"Title":{"DisplayValue":"Kit para hacer abanico de comunión de encaje de bolillos ref. Sipo 17","Label":"Title","Locale":"es_ES"}},"Offers":{"Summaries":[{"Condition":{"Value":"New"},"LowestPrice":{"Amount":34.5,"Currency":"EUR","DisplayAmount":"34,50 €"}}]}},{"ASIN":"B0BZDD7215","DetailPageURL":"https://www.amazon.es/dp/B0BZDD7215?tag=topinalambricos-21&linkCode=osi&th=1&psc=1","Images":{"Primary":{"Small":{"Height":67,"URL":"https://m.media-amazon.com/images/I/51MF4qQs76L._SL75_.jpg","Width":75}}},"ItemInfo":{"ByLineInfo":{"Brand":{"DisplayValue":"Bolilleando.com","Label":"Brand","Locale":"es_ES"},"Manufacturer":{"DisplayValue":"Bolilleando.com","Label":"Manufacturer","Locale":"es_ES"}},"Title":{"DisplayValue":"Varilla metalizada blanco con patrón de encaje de bolillos ref.7","Label":"Title","Locale":"es_ES"}},"Offers":{"Summaries":[{"Condition":{"Value":"New"},"LowestPrice":{"Amount":14.6,"Currency":"EUR","DisplayAmount":"14,60 €"}}]}}],"SearchURL":"https://www.amazon.es/s?k=bolillo&rh=n%3A4358484031%2Cp_n_availability%3A-1&tag=topinalambricos-21&linkCode=osi","TotalResultCount":196}},"100":{"SearchResult":{"Items":[{"ASIN":"B09NMG4KQY","DetailPageURL":"https://www.amazon.es/dp/B09NMG4KQY?tag=topinalambricos-21&linkCode=osi&th=1&psc=1","Images":{"Primary":{"Small":{"Height":65,"URL":"https://m.media-amazon.com/images/I/51yozsE+9YL._SL75_.jpg","Width":75}}},"ItemInfo":{"ByLineInfo":{"Brand":{"DisplayValue":"Bolilleando.com","Label":"Brand","Locale":"es_ES"},"Manufacturer":{"DisplayValue":"Bolilleando.com","Label":"Manufacturer","Locale":"es_ES"}},"Title":{"DisplayValue":"Varillas con patrón para encaje de bolillos (color blanco)","Label":"Title","Locale":"es_ES"}},"Offers":{"Summaries":[{"Condition":{"Value":"New"},"LowestPrice":{"Amount":12.0,"Currency":"EUR","DisplayAmount":"12,00 €"}}]}},{"ASIN":"B0BZDG9625","DetailPageURL":"https://www.amazon.es/dp/B0BZDG9625?tag=topinalambricos-21&linkCode=osi&th=1&psc=1","Images":{"Primary":{"Small":{"Height":62,"URL":"https://m.media-amazon.com/images/I/51Qesrmq6WL._SL75_.jpg","Width":75}}},"ItemInfo":{"ByLineInfo":{"Brand":{"DisplayValue":"Bolilleando.com","Label":"Brand","Locale":"es_ES"},"Manufacturer":{"DisplayValue":"Bolilleando.com","Label":"Manufacturer","Locale":"es_ES"}},"Title":{"DisplayValue":"Varilla metalizada rosa con patrón de encaje de bolillos ref.7","Label":"Title","Locale":"es_ES"}},"Offers":{"Summaries":[{"Condition":{"Value":"New"},"LowestPrice":{"Amount":14.6,"Currency":"EUR","DisplayAmount":"14,60 €"}}]}},{"ASIN":"B0BKL4CM3D","DetailPageURL":"https://www.amazon.es/dp/B0BKL4CM3D?tag=topinalambricos-21&linkCode=osi&th=1&psc=1","Images":{"Primary":{"Small":{"Height":66,"URL":"https://m.media-amazon.com/images/I/51dyl5GSKyL._SL75_.jpg","Width":75}}},"ItemInfo":{"ByLineInfo":{"Brand":{"DisplayValue":"Bolilleando.com","Label":"Brand","Locale":"es_ES"},"Manufacturer":{"DisplayValue":"Bolilleando.com","Label":"Manufacturer","Locale":"es_ES"}},"Title":{"DisplayValue":"Varilla metalizada oro con patrón de encaje de bolillos ref.7","Label":"Title","Locale":"es_ES"}},"Offers":{"Summaries":[{"Condition":{"Value":"New"},"LowestPrice":{"Amount":14.6,"Currency":"EUR","DisplayAmount":"14,60 €"}}]}},{"ASIN":"B01JIL2CT8","DetailPageURL":"https://www.amazon.es/dp/B01JIL2CT8?tag=topinalambricos-21&linkCode=osi&th=1&psc=1","Images":{"Primary":{"Small":{"Height":45,"URL":"https://m.media-amazon.com/images/I/312ltAUQjwL._SL75_.jpg","Width":75}}},"ItemInfo":{"ByLineInfo":{"Brand":{"DisplayValue":"Anchor","Label":"Brand","Locale":"es_ES"},"Manufacturer":{"DisplayValue":"MEZ","Label":"Manufacturer","Locale":"es_ES"}},"Title":{"DisplayValue":"Anchor Hilo De Encaje De Bolillos Encaje, Espesor: 20, Longitud: 500m 206, 3cm x 3cm x 7cm Verde menta 206","Label":"Title","Locale":"es_ES"}},"Offers":{"Summaries":[{"Condition":{"Value":"New"},"LowestPrice":{"Amount":8.0,"Currency":"EUR","DisplayAmount":"8,00 €"}}]}},{"ASIN":"B01I5J71SQ","DetailPageURL":"https://www.amazon.es/dp/B01I5J71SQ?tag=topinalambricos-21&linkCode=osi&th=1&psc=1","Images":{"Primary":{"Small":{"Height":46,"URL":"https://m.media-amazon.com/images/I/21B9-5jxY+L._SL75_.jpg","Width":75}}},"ItemInfo":{"ByLineInfo":{"Brand":{"DisplayValue":"Anchor","Label":"Brand","Locale":"es_ES"},"Manufacturer":{"DisplayValue":"MEZ","Label":"Manufacturer","Locale":"es_ES"}},"Title":{"DisplayValue":"Anchor Hilo De Encaje De Bolillos Encaje, Espesor: 40, Longitud: 900m 2, 4cm x 4cm x 7cm Blanco 2","Label":"Title","Locale":"es_ES"}},"Offers":{"Summaries":[{"Condition":{"Value":"New"},"LowestPrice":{"Amount":8.5,"Currency":"EUR","DisplayAmount":"8,50 € (0,01 € / metro)","PricePerUnit":0.01}}]}},{"ASIN":"B09963WZYC","DetailPageURL":"https://www.amazon.es/dp/B09963WZYC?tag=topinalambricos-21&linkCode=osi&th=1&psc=1","Images":{"Primary":{"Small":{"Height":49,"URL":"https://m.media-amazon.com/images/I/41WVhMd2mgS._SL75_.jpg","Width":75}}},"ItemInfo":{"ByLineInfo":{"Brand":{"DisplayValue":"Bolilleando.com","Label":"Brand","Locale":"es_ES"},"Manufacturer":{"DisplayValue":"Bolilleando.com","Label":"Manufacturer","Locale":"es_ES"}},"Title":{"DisplayValue":"Surtido de patrones para lazos de encaje de bolillos","Label":"Title","Locale":"es_ES"}},"Offers":{"Summaries":[{"Condition":{"Value":"New"},"LowestPrice":{"Amount":9.0,"Currency":"EUR","DisplayAmount":"9,00 €"}}]}},{"ASIN":"B0BZDG2WT8","DetailPageURL":"https://www.amazon.es/dp/B0BZDG2WT8?tag=topinalambricos-21&linkCode=osi&th=1&psc=1","Images":{"Primary":{"Small":{"Height":69,"URL":"https://m.media-amazon.com/images/I/51LN40xStHL._SL75_.jpg","Width":75}}},"ItemInfo":{"ByLineInfo":{"Brand":{"DisplayValue":"Bolilleando.com","Label":"Brand","Locale":"es_ES"},"Manufacturer":{"DisplayValue":"Bolilleando.com","Label":"Manufacturer","Locale":"es_ES"}},"Title":{"DisplayValue":"Varilla metalizada crudo con patrón de encaje de bolillos ref.7","Label":"Title","Locale":"es_ES"}},"Offers":{"Summaries":[{"Condition":{"Value":"New"},"LowestPrice":{"Amount":14.6,"Currency":"EUR","DisplayAmount":"14,60 €"}}]}},{"ASIN":"B01JIL2PTA","DetailPageURL":"https://www.amazon.es/dp/B01JIL2PTA?tag=topinalambricos-21&linkCode=osi&th=1&psc=1","Images":{"Primary":{"Small":{"Height":45,"URL":"https://m.media-amazon.com/images/I/31E+nMPhraL._SL75_.jpg","Width":75}}},"ItemInfo":{"ByLineInfo":{"Brand":{"DisplayValue":"Anchor","Label":"Brand","Locale":"es_ES"},"Manufacturer":{"DisplayValue":"MEZ","Label":"Manufacturer","Locale":"es_ES"}},"Title":{"DisplayValue":"Anchor Hilo De Encaje De Bolillos Encaje, Espesor: 30, Longitud: 500m 206, 3cm x 3cm x 7cm Verde menta 206","Label":"Title","Locale":"es_ES"}},"Offers":{"Summaries":[{"Condition":{"Value":"New"},"LowestPrice":{"Amount":8.0,"Currency":"EUR","DisplayAmount":"8,00 €"}}]}},{"ASIN":"B0BKL1DGXF","DetailPageURL":"https://www.amazon.es/dp/B0BKL1DGXF?tag=topinalambricos-21&linkCode=osi&th=1&psc=1","Images":{"Primary":{"Small":{"Height":75,"URL":"https://m.media-amazon.com/images/I/51MPLv1JVtL._SL75_.jpg","Width":66}}},"ItemInfo":{"ByLineInfo":{"Brand":{"DisplayValue":"Bolilleando.com","Label":"Brand","Locale":"es_ES"},"Manufacturer":{"DisplayValue":"Bolilleando.com","Label":"Manufacturer","Locale":"es_ES"}},"Title":{"DisplayValue":"Kit para hacer abanico de comunión de encaje de bolillos ref. Sipo 17","Label":"Title","Locale":"es_ES"}},"Offers":{"Summaries":[{"Condition":{"Value":"New"},"LowestPrice":{"Amount":34.5,"Currency":"EUR","DisplayAmount":"34,50 €"}}]}},{"ASIN":"B0BZDD7215","DetailPageURL":"https://www.amazon.es/dp/B0BZDD7215?tag=topinalambricos-21&linkCode=osi&th=1&psc=1","Images":{"Primary":{"Small":{"Height":67,"URL":"https://m.media-amazon.com/images/I/51MF4qQs76L._SL75_.jpg","Width":75}}},"ItemInfo":{"ByLineInfo":{"Brand":{"DisplayValue":"Bolilleando.com","Label":"Brand","Locale":"es_ES"},"Manufacturer":{"DisplayValue":"Bolilleando.com","Label":"Manufacturer","Locale":"es_ES"}},"Title":{"DisplayValue":"Varilla metalizada blanco con patrón de encaje de bolillos ref.7","Label":"Title","Locale":"es_ES"}},"Offers":{"Summaries":[{"Condition":{"Value":"New"},"LowestPrice":{"Amount":14.6,"Currency":"EUR","DisplayAmount":"14,60 €"}}]}}],"SearchURL":"https://www.amazon.es/s?k=bolillo&rh=n%3A4358484031%2Cp_n_availability%3A-1&tag=topinalambricos-21&linkCode=osi","TotalResultCount":196}},"101":{"SearchResult":{"Items":[{"ASIN":"B09NMG4KQY","DetailPageURL":"https://www.amazon.es/dp/B09NMG4KQY?tag=topinalambricos-21&linkCode=osi&th=1&psc=1","Images":{"Primary":{"Small":{"Height":65,"URL":"https://m.media-amazon.com/images/I/51yozsE+9YL._SL75_.jpg","Width":75}}},"ItemInfo":{"ByLineInfo":{"Brand":{"DisplayValue":"Bolilleando.com","Label":"Brand","Locale":"es_ES"},"Manufacturer":{"DisplayValue":"Bolilleando.com","Label":"Manufacturer","Locale":"es_ES"}},"Title":{"DisplayValue":"Varillas con patrón para encaje de bolillos (color blanco)","Label":"Title","Locale":"es_ES"}},"Offers":{"Summaries":[{"Condition":{"Value":"New"},"LowestPrice":{"Amount":12.0,"Currency":"EUR","DisplayAmount":"12,00 €"}}]}},{"ASIN":"B0BZDG9625","DetailPageURL":"https://www.amazon.es/dp/B0BZDG9625?tag=topinalambricos-21&linkCode=osi&th=1&psc=1","Images":{"Primary":{"Small":{"Height":62,"URL":"https://m.media-amazon.com/images/I/51Qesrmq6WL._SL75_.jpg","Width":75}}},"ItemInfo":{"ByLineInfo":{"Brand":{"DisplayValue":"Bolilleando.com","Label":"Brand","Locale":"es_ES"},"Manufacturer":{"DisplayValue":"Bolilleando.com","Label":"Manufacturer","Locale":"es_ES"}},"Title":{"DisplayValue":"Varilla metalizada rosa con patrón de encaje de bolillos ref.7","Label":"Title","Locale":"es_ES"}},"Offers":{"Summaries":[{"Condition":{"Value":"New"},"LowestPrice":{"Amount":14.6,"Currency":"EUR","DisplayAmount":"14,60 €"}}]}},{"ASIN":"B0BKL4CM3D","DetailPageURL":"https://www.amazon.es/dp/B0BKL4CM3D?tag=topinalambricos-21&linkCode=osi&th=1&psc=1","Images":{"Primary":{"Small":{"Height":66,"URL":"https://m.media-amazon.com/images/I/51dyl5GSKyL._SL75_.jpg","Width":75}}},"ItemInfo":{"ByLineInfo":{"Brand":{"DisplayValue":"Bolilleando.com","Label":"Brand","Locale":"es_ES"},"Manufacturer":{"DisplayValue":"Bolilleando.com","Label":"Manufacturer","Locale":"es_ES"}},"Title":{"DisplayValue":"Varilla metalizada oro con patrón de encaje de bolillos ref.7","Label":"Title","Locale":"es_ES"}},"Offers":{"Summaries":[{"Condition":{"Value":"New"},"LowestPrice":{"Amount":14.6,"Currency":"EUR","DisplayAmount":"14,60 €"}}]}},{"ASIN":"B01JIL2CT8","DetailPageURL":"https://www.amazon.es/dp/B01JIL2CT8?tag=topinalambricos-21&linkCode=osi&th=1&psc=1","Images":{"Primary":{"Small":{"Height":45,"URL":"https://m.media-amazon.com/images/I/312ltAUQjwL._SL75_.jpg","Width":75}}},"ItemInfo":{"ByLineInfo":{"Brand":{"DisplayValue":"Anchor","Label":"Brand","Locale":"es_ES"},"Manufacturer":{"DisplayValue":"MEZ","Label":"Manufacturer","Locale":"es_ES"}},"Title":{"DisplayValue":"Anchor Hilo De Encaje De Bolillos Encaje, Espesor: 20, Longitud: 500m 206, 3cm x 3cm x 7cm Verde menta 206","Label":"Title","Locale":"es_ES"}},"Offers":{"Summaries":[{"Condition":{"Value":"New"},"LowestPrice":{"Amount":8.0,"Currency":"EUR","DisplayAmount":"8,00 €"}}]}},{"ASIN":"B01I5J71SQ","DetailPageURL":"https://www.amazon.es/dp/B01I5J71SQ?tag=topinalambricos-21&linkCode=osi&th=1&psc=1","Images":{"Primary":{"Small":{"Height":46,"URL":"https://m.media-amazon.com/images/I/21B9-5jxY+L._SL75_.jpg","Width":75}}},"ItemInfo":{"ByLineInfo":{"Brand":{"DisplayValue":"Anchor","Label":"Brand","Locale":"es_ES"},"Manufacturer":{"DisplayValue":"MEZ","Label":"Manufacturer","Locale":"es_ES"}},"Title":{"DisplayValue":"Anchor Hilo De Encaje De Bolillos Encaje, Espesor: 40, Longitud: 900m 2, 4cm x 4cm x 7cm Blanco 2","Label":"Title","Locale":"es_ES"}},"Offers":{"Summaries":[{"Condition":{"Value":"New"},"LowestPrice":{"Amount":8.5,"Currency":"EUR","DisplayAmount":"8,50 € (0,01 € / metro)","PricePerUnit":0.01}}]}},{"ASIN":"B09963WZYC","DetailPageURL":"https://www.amazon.es/dp/B09963WZYC?tag=topinalambricos-21&linkCode=osi&th=1&psc=1","Images":{"Primary":{"Small":{"Height":49,"URL":"https://m.media-amazon.com/images/I/41WVhMd2mgS._SL75_.jpg","Width":75}}},"ItemInfo":{"ByLineInfo":{"Brand":{"DisplayValue":"Bolilleando.com","Label":"Brand","Locale":"es_ES"},"Manufacturer":{"DisplayValue":"Bolilleando.com","Label":"Manufacturer","Locale":"es_ES"}},"Title":{"DisplayValue":"Surtido de patrones para lazos de encaje de bolillos","Label":"Title","Locale":"es_ES"}},"Offers":{"Summaries":[{"Condition":{"Value":"New"},"LowestPrice":{"Amount":9.0,"Currency":"EUR","DisplayAmount":"9,00 €"}}]}},{"ASIN":"B0BZDG2WT8","DetailPageURL":"https://www.amazon.es/dp/B0BZDG2WT8?tag=topinalambricos-21&linkCode=osi&th=1&psc=1","Images":{"Primary":{"Small":{"Height":69,"URL":"https://m.media-amazon.com/images/I/51LN40xStHL._SL75_.jpg","Width":75}}},"ItemInfo":{"ByLineInfo":{"Brand":{"DisplayValue":"Bolilleando.com","Label":"Brand","Locale":"es_ES"},"Manufacturer":{"DisplayValue":"Bolilleando.com","Label":"Manufacturer","Locale":"es_ES"}},"Title":{"DisplayValue":"Varilla metalizada crudo con patrón de encaje de bolillos ref.7","Label":"Title","Locale":"es_ES"}},"Offers":{"Summaries":[{"Condition":{"Value":"New"},"LowestPrice":{"Amount":14.6,"Currency":"EUR","DisplayAmount":"14,60 €"}}]}},{"ASIN":"B01JIL2PTA","DetailPageURL":"https://www.amazon.es/dp/B01JIL2PTA?tag=topinalambricos-21&linkCode=osi&th=1&psc=1","Images":{"Primary":{"Small":{"Height":45,"URL":"https://m.media-amazon.com/images/I/31E+nMPhraL._SL75_.jpg","Width":75}}},"ItemInfo":{"ByLineInfo":{"Brand":{"DisplayValue":"Anchor","Label":"Brand","Locale":"es_ES"},"Manufacturer":{"DisplayValue":"MEZ","Label":"Manufacturer","Locale":"es_ES"}},"Title":{"DisplayValue":"Anchor Hilo De Encaje De Bolillos Encaje, Espesor: 30, Longitud: 500m 206, 3cm x 3cm x 7cm Verde menta 206","Label":"Title","Locale":"es_ES"}},"Offers":{"Summaries":[{"Condition":{"Value":"New"},"LowestPrice":{"Amount":8.0,"Currency":"EUR","DisplayAmount":"8,00 €"}}]}},{"ASIN":"B0BKL1DGXF","DetailPageURL":"https://www.amazon.es/dp/B0BKL1DGXF?tag=topinalambricos-21&linkCode=osi&th=1&psc=1","Images":{"Primary":{"Small":{"Height":75,"URL":"https://m.media-amazon.com/images/I/51MPLv1JVtL._SL75_.jpg","Width":66}}},"ItemInfo":{"ByLineInfo":{"Brand":{"DisplayValue":"Bolilleando.com","Label":"Brand","Locale":"es_ES"},"Manufacturer":{"DisplayValue":"Bolilleando.com","Label":"Manufacturer","Locale":"es_ES"}},"Title":{"DisplayValue":"Kit para hacer abanico de comunión de encaje de bolillos ref. Sipo 17","Label":"Title","Locale":"es_ES"}},"Offers":{"Summaries":[{"Condition":{"Value":"New"},"LowestPrice":{"Amount":34.5,"Currency":"EUR","DisplayAmount":"34,50 €"}}]}},{"ASIN":"B0BZDD7215","DetailPageURL":"https://www.amazon.es/dp/B0BZDD7215?tag=topinalambricos-21&linkCode=osi&th=1&psc=1","Images":{"Primary":{"Small":{"Height":67,"URL":"https://m.media-amazon.com/images/I/51MF4qQs76L._SL75_.jpg","Width":75}}},"ItemInfo":{"ByLineInfo":{"Brand":{"DisplayValue":"Bolilleando.com","Label":"Brand","Locale":"es_ES"},"Manufacturer":{"DisplayValue":"Bolilleando.com","Label":"Manufacturer","Locale":"es_ES"}},"Title":{"DisplayValue":"Varilla metalizada blanco con patrón de encaje de bolillos ref.7","Label":"Title","Locale":"es_ES"}},"Offers":{"Summaries":[{"Condition":{"Value":"New"},"LowestPrice":{"Amount":14.6,"Currency":"EUR","DisplayAmount":"14,60 €"}}]}}],"SearchURL":"https://www.amazon.es/s?k=bolillo&rh=n%3A4358484031%2Cp_n_availability%3A-1&tag=topinalambricos-21&linkCode=osi","TotalResultCount":196}},"102":{"SearchResult":{"Items":[{"ASIN":"B09NMG4KQY","DetailPageURL":"https://www.amazon.es/dp/B09NMG4KQY?tag=topinalambricos-21&linkCode=osi&th=1&psc=1","Images":{"Primary":{"Small":{"Height":65,"URL":"https://m.media-amazon.com/images/I/51yozsE+9YL._SL75_.jpg","Width":75}}},"ItemInfo":{"ByLineInfo":{"Brand":{"DisplayValue":"Bolilleando.com","Label":"Brand","Locale":"es_ES"},"Manufacturer":{"DisplayValue":"Bolilleando.com","Label":"Manufacturer","Locale":"es_ES"}},"Title":{"DisplayValue":"Varillas con patrón para encaje de bolillos (color blanco)","Label":"Title","Locale":"es_ES"}},"Offers":{"Summaries":[{"Condition":{"Value":"New"},"LowestPrice":{"Amount":12.0,"Currency":"EUR","DisplayAmount":"12,00 €"}}]}},{"ASIN":"B0BZDG9625","DetailPageURL":"https://www.amazon.es/dp/B0BZDG9625?tag=topinalambricos-21&linkCode=osi&th=1&psc=1","Images":{"Primary":{"Small":{"Height":62,"URL":"https://m.media-amazon.com/images/I/51Qesrmq6WL._SL75_.jpg","Width":75}}},"ItemInfo":{"ByLineInfo":{"Brand":{"DisplayValue":"Bolilleando.com","Label":"Brand","Locale":"es_ES"},"Manufacturer":{"DisplayValue":"Bolilleando.com","Label":"Manufacturer","Locale":"es_ES"}},"Title":{"DisplayValue":"Varilla metalizada rosa con patrón de encaje de bolillos ref.7","Label":"Title","Locale":"es_ES"}},"Offers":{"Summaries":[{"Condition":{"Value":"New"},"LowestPrice":{"Amount":14.6,"Currency":"EUR","DisplayAmount":"14,60 €"}}]}},{"ASIN":"B0BKL4CM3D","DetailPageURL":"https://www.amazon.es/dp/B0BKL4CM3D?tag=topinalambricos-21&linkCode=osi&th=1&psc=1","Images":{"Primary":{"Small":{"Height":66,"URL":"https://m.media-amazon.com/images/I/51dyl5GSKyL._SL75_.jpg","Width":75}}},"ItemInfo":{"ByLineInfo":{"Brand":{"DisplayValue":"Bolilleando.com","Label":"Brand","Locale":"es_ES"},"Manufacturer":{"DisplayValue":"Bolilleando.com","Label":"Manufacturer","Locale":"es_ES"}},"Title":{"DisplayValue":"Varilla metalizada oro con patrón de encaje de bolillos ref.7","Label":"Title","Locale":"es_ES"}},"Offers":{"Summaries":[{"Condition":{"Value":"New"},"LowestPrice":{"Amount":14.6,"Currency":"EUR","DisplayAmount":"14,60 €"}}]}},{"ASIN":"B01JIL2CT8","DetailPageURL":"https://www.amazon.es/dp/B01JIL2CT8?tag=topinalambricos-21&linkCode=osi&th=1&psc=1","Images":{"Primary":{"Small":{"Height":45,"URL":"https://m.media-amazon.com/images/I/312ltAUQjwL._SL75_.jpg","Width":75}}},"ItemInfo":{"ByLineInfo":{"Brand":{"DisplayValue":"Anchor","Label":"Brand","Locale":"es_ES"},"Manufacturer":{"DisplayValue":"MEZ","Label":"Manufacturer","Locale":"es_ES"}},"Title":{"DisplayValue":"Anchor Hilo De Encaje De Bolillos Encaje, Espesor: 20, Longitud: 500m 206, 3cm x 3cm x 7cm Verde menta 206","Label":"Title","Locale":"es_ES"}},"Offers":{"Summaries":[{"Condition":{"Value":"New"},"LowestPrice":{"Amount":8.0,"Currency":"EUR","DisplayAmount":"8,00 €"}}]}},{"ASIN":"B01I5J71SQ","DetailPageURL":"https://www.amazon.es/dp/B01I5J71SQ?tag=topinalambricos-21&linkCode=osi&th=1&psc=1","Images":{"Primary":{"Small":{"Height":46,"URL":"https://m.media-amazon.com/images/I/21B9-5jxY+L._SL75_.jpg","Width":75}}},"ItemInfo":{"ByLineInfo":{"Brand":{"DisplayValue":"Anchor","Label":"Brand","Locale":"es_ES"},"Manufacturer":{"DisplayValue":"MEZ","Label":"Manufacturer","Locale":"es_ES"}},"Title":{"DisplayValue":"Anchor Hilo De Encaje De Bolillos Encaje, Espesor: 40, Longitud: 900m 2, 4cm x 4cm x 7cm Blanco 2","Label":"Title","Locale":"es_ES"}},"Offers":{"Summaries":[{"Condition":{"Value":"New"},"LowestPrice":{"Amount":8.5,"Currency":"EUR","DisplayAmount":"8,50 € (0,01 € / metro)","PricePerUnit":0.01}}]}},{"ASIN":"B09963WZYC","DetailPageURL":"https://www.amazon.es/dp/B09963WZYC?tag=topinalambricos-21&linkCode=osi&th=1&psc=1","Images":{"Primary":{"Small":{"Height":49,"URL":"https://m.media-amazon.com/images/I/41WVhMd2mgS._SL75_.jpg","Width":75}}},"ItemInfo":{"ByLineInfo":{"Brand":{"DisplayValue":"Bolilleando.com","Label":"Brand","Locale":"es_ES"},"Manufacturer":{"DisplayValue":"Bolilleando.com","Label":"Manufacturer","Locale":"es_ES"}},"Title":{"DisplayValue":"Surtido de patrones para lazos de encaje de bolillos","Label":"Title","Locale":"es_ES"}},"Offers":{"Summaries":[{"Condition":{"Value":"New"},"LowestPrice":{"Amount":9.0,"Currency":"EUR","DisplayAmount":"9,00 €"}}]}},{"ASIN":"B0BZDG2WT8","DetailPageURL":"https://www.amazon.es/dp/B0BZDG2WT8?tag=topinalambricos-21&linkCode=osi&th=1&psc=1","Images":{"Primary":{"Small":{"Height":69,"URL":"https://m.media-amazon.com/images/I/51LN40xStHL._SL75_.jpg","Width":75}}},"ItemInfo":{"ByLineInfo":{"Brand":{"DisplayValue":"Bolilleando.com","Label":"Brand","Locale":"es_ES"},"Manufacturer":{"DisplayValue":"Bolilleando.com","Label":"Manufacturer","Locale":"es_ES"}},"Title":{"DisplayValue":"Varilla metalizada crudo con patrón de encaje de bolillos ref.7","Label":"Title","Locale":"es_ES"}},"Offers":{"Summaries":[{"Condition":{"Value":"New"},"LowestPrice":{"Amount":14.6,"Currency":"EUR","DisplayAmount":"14,60 €"}}]}},{"ASIN":"B01JIL2PTA","DetailPageURL":"https://www.amazon.es/dp/B01JIL2PTA?tag=topinalambricos-21&linkCode=osi&th=1&psc=1","Images":{"Primary":{"Small":{"Height":45,"URL":"https://m.media-amazon.com/images/I/31E+nMPhraL._SL75_.jpg","Width":75}}},"ItemInfo":{"ByLineInfo":{"Brand":{"DisplayValue":"Anchor","Label":"Brand","Locale":"es_ES"},"Manufacturer":{"DisplayValue":"MEZ","Label":"Manufacturer","Locale":"es_ES"}},"Title":{"DisplayValue":"Anchor Hilo De Encaje De Bolillos Encaje, Espesor: 30, Longitud: 500m 206, 3cm x 3cm x 7cm Verde menta 206","Label":"Title","Locale":"es_ES"}},"Offers":{"Summaries":[{"Condition":{"Value":"New"},"LowestPrice":{"Amount":8.0,"Currency":"EUR","DisplayAmount":"8,00 €"}}]}},{"ASIN":"B0BKL1DGXF","DetailPageURL":"https://www.amazon.es/dp/B0BKL1DGXF?tag=topinalambricos-21&linkCode=osi&th=1&psc=1","Images":{"Primary":{"Small":{"Height":75,"URL":"https://m.media-amazon.com/images/I/51MPLv1JVtL._SL75_.jpg","Width":66}}},"ItemInfo":{"ByLineInfo":{"Brand":{"DisplayValue":"Bolilleando.com","Label":"Brand","Locale":"es_ES"},"Manufacturer":{"DisplayValue":"Bolilleando.com","Label":"Manufacturer","Locale":"es_ES"}},"Title":{"DisplayValue":"Kit para hacer abanico de comunión de encaje de bolillos ref. Sipo 17","Label":"Title","Locale":"es_ES"}},"Offers":{"Summaries":[{"Condition":{"Value":"New"},"LowestPrice":{"Amount":34.5,"Currency":"EUR","DisplayAmount":"34,50 €"}}]}},{"ASIN":"B0BZDD7215","DetailPageURL":"https://www.amazon.es/dp/B0BZDD7215?tag=topinalambricos-21&linkCode=osi&th=1&psc=1","Images":{"Primary":{"Small":{"Height":67,"URL":"https://m.media-amazon.com/images/I/51MF4qQs76L._SL75_.jpg","Width":75}}},"ItemInfo":{"ByLineInfo":{"Brand":{"DisplayValue":"Bolilleando.com","Label":"Brand","Locale":"es_ES"},"Manufacturer":{"DisplayValue":"Bolilleando.com","Label":"Manufacturer","Locale":"es_ES"}},"Title":{"DisplayValue":"Varilla metalizada blanco con patrón de encaje de bolillos ref.7","Label":"Title","Locale":"es_ES"}},"Offers":{"Summaries":[{"Condition":{"Value":"New"},"LowestPrice":{"Amount":14.6,"Currency":"EUR","DisplayAmount":"14,60 €"}}]}}],"SearchURL":"https://www.amazon.es/s?k=bolillo&rh=n%3A4358484031%2Cp_n_availability%3A-1&tag=topinalambricos-21&linkCode=osi","TotalResultCount":196}},"103":{"SearchResult":{"Items":[{"ASIN":"B09NMG4KQY","DetailPageURL":"https://www.amazon.es/dp/B09NMG4KQY?tag=topinalambricos-21&linkCode=osi&th=1&psc=1","Images":{"Primary":{"Small":{"Height":65,"URL":"https://m.media-amazon.com/images/I/51yozsE+9YL._SL75_.jpg","Width":75}}},"ItemInfo":{"ByLineInfo":{"Brand":{"DisplayValue":"Bolilleando.com","Label":"Brand","Locale":"es_ES"},"Manufacturer":{"DisplayValue":"Bolilleando.com","Label":"Manufacturer","Locale":"es_ES"}},"Title":{"DisplayValue":"Varillas con patrón para encaje de bolillos (color blanco)","Label":"Title","Locale":"es_ES"}},"Offers":{"Summaries":[{"Condition":{"Value":"New"},"LowestPrice":{"Amount":12.0,"Currency":"EUR","DisplayAmount":"12,00 €"}}]}},{"ASIN":"B0BZDG9625","DetailPageURL":"https://www.amazon.es/dp/B0BZDG9625?tag=topinalambricos-21&linkCode=osi&th=1&psc=1","Images":{"Primary":{"Small":{"Height":62,"URL":"https://m.media-amazon.com/images/I/51Qesrmq6WL._SL75_.jpg","Width":75}}},"ItemInfo":{"ByLineInfo":{"Brand":{"DisplayValue":"Bolilleando.com","Label":"Brand","Locale":"es_ES"},"Manufacturer":{"DisplayValue":"Bolilleando.com","Label":"Manufacturer","Locale":"es_ES"}},"Title":{"DisplayValue":"Varilla metalizada rosa con patrón de encaje de bolillos ref.7","Label":"Title","Locale":"es_ES"}},"Offers":{"Summaries":[{"Condition":{"Value":"New"},"LowestPrice":{"Amount":14.6,"Currency":"EUR","DisplayAmount":"14,60 €"}}]}},{"ASIN":"B0BKL4CM3D","DetailPageURL":"https://www.amazon.es/dp/B0BKL4CM3D?tag=topinalambricos-21&linkCode=osi&th=1&psc=1","Images":{"Primary":{"Small":{"Height":66,"URL":"https://m.media-amazon.com/images/I/51dyl5GSKyL._SL75_.jpg","Width":75}}},"ItemInfo":{"ByLineInfo":{"Brand":{"DisplayValue":"Bolilleando.com","Label":"Brand","Locale":"es_ES"},"Manufacturer":{"DisplayValue":"Bolilleando.com","Label":"Manufacturer","Locale":"es_ES"}},"Title":{"DisplayValue":"Varilla metalizada oro con patrón de encaje de bolillos ref.7","Label":"Title","Locale":"es_ES"}},"Offers":{"Summaries":[{"Condition":{"Value":"New"},"LowestPrice":{"Amount":14.6,"Currency":"EUR","DisplayAmount":"14,60 €"}}]}},{"ASIN":"B01JIL2CT8","DetailPageURL":"https://www.amazon.es/dp/B01JIL2CT8?tag=topinalambricos-21&linkCode=osi&th=1&psc=1","Images":{"Primary":{"Small":{"Height":45,"URL":"https://m.media-amazon.com/images/I/312ltAUQjwL._SL75_.jpg","Width":75}}},"ItemInfo":{"ByLineInfo":{"Brand":{"DisplayValue":"Anchor","Label":"Brand","Locale":"es_ES"},"Manufacturer":{"DisplayValue":"MEZ","Label":"Manufacturer","Locale":"es_ES"}},"Title":{"DisplayValue":"Anchor Hilo De Encaje De Bolillos Encaje, Espesor: 20, Longitud: 500m 206, 3cm x 3cm x 7cm Verde menta 206","Label":"Title","Locale":"es_ES"}},"Offers":{"Summaries":[{"Condition":{"Value":"New"},"LowestPrice":{"Amount":8.0,"Currency":"EUR","DisplayAmount":"8,00 €"}}]}},{"ASIN":"B01I5J71SQ","DetailPageURL":"https://www.amazon.es/dp/B01I5J71SQ?tag=topinalambricos-21&linkCode=osi&th=1&psc=1","Images":{"Primary":{"Small":{"Height":46,"URL":"https://m.media-amazon.com/images/I/21B9-5jxY+L._SL75_.jpg","Width":75}}},"ItemInfo":{"ByLineInfo":{"Brand":{"DisplayValue":"Anchor","Label":"Brand","Locale":"es_ES"},"Manufacturer":{"DisplayValue":"MEZ","Label":"Manufacturer","Locale":"es_ES"}},"Title":{"DisplayValue":"Anchor Hilo De Encaje De Bolillos Encaje, Espesor: 40, Longitud: 900m 2, 4cm x 4cm x 7cm Blanco 2","Label":"Title","Locale":"es_ES"}},"Offers":{"Summaries":[{"Condition":{"Value":"New"},"LowestPrice":{"Amount":8.5,"Currency":"EUR","DisplayAmount":"8,50 € (0,01 € / metro)","PricePerUnit":0.01}}]}},{"ASIN":"B09963WZYC","DetailPageURL":"https://www.amazon.es/dp/B09963WZYC?tag=topinalambricos-21&linkCode=osi&th=1&psc=1","Images":{"Primary":{"Small":{"Height":49,"URL":"https://m.media-amazon.com/images/I/41WVhMd2mgS._SL75_.jpg","Width":75}}},"ItemInfo":{"ByLineInfo":{"Brand":{"DisplayValue":"Bolilleando.com","Label":"Brand","Locale":"es_ES"},"Manufacturer":{"DisplayValue":"Bolilleando.com","Label":"Manufacturer","Locale":"es_ES"}},"Title":{"DisplayValue":"Surtido de patrones para lazos de encaje de bolillos","Label":"Title","Locale":"es_ES"}},"Offers":{"Summaries":[{"Condition":{"Value":"New"},"LowestPrice":{"Amount":9.0,"Currency":"EUR","DisplayAmount":"9,00 €"}}]}},{"ASIN":"B0BZDG2WT8","DetailPageURL":"https://www.amazon.es/dp/B0BZDG2WT8?tag=topinalambricos-21&linkCode=osi&th=1&psc=1","Images":{"Primary":{"Small":{"Height":69,"URL":"https://m.media-amazon.com/images/I/51LN40xStHL._SL75_.jpg","Width":75}}},"ItemInfo":{"ByLineInfo":{"Brand":{"DisplayValue":"Bolilleando.com","Label":"Brand","Locale":"es_ES"},"Manufacturer":{"DisplayValue":"Bolilleando.com","Label":"Manufacturer","Locale":"es_ES"}},"Title":{"DisplayValue":"Varilla metalizada crudo con patrón de encaje de bolillos ref.7","Label":"Title","Locale":"es_ES"}},"Offers":{"Summaries":[{"Condition":{"Value":"New"},"LowestPrice":{"Amount":14.6,"Currency":"EUR","DisplayAmount":"14,60 €"}}]}},{"ASIN":"B01JIL2PTA","DetailPageURL":"https://www.amazon.es/dp/B01JIL2PTA?tag=topinalambricos-21&linkCode=osi&th=1&psc=1","Images":{"Primary":{"Small":{"Height":45,"URL":"https://m.media-amazon.com/images/I/31E+nMPhraL._SL75_.jpg","Width":75}}},"ItemInfo":{"ByLineInfo":{"Brand":{"DisplayValue":"Anchor","Label":"Brand","Locale":"es_ES"},"Manufacturer":{"DisplayValue":"MEZ","Label":"Manufacturer","Locale":"es_ES"}},"Title":{"DisplayValue":"Anchor Hilo De Encaje De Bolillos Encaje, Espesor: 30, Longitud: 500m 206, 3cm x 3cm x 7cm Verde menta 206","Label":"Title","Locale":"es_ES"}},"Offers":{"Summaries":[{"Condition":{"Value":"New"},"LowestPrice":{"Amount":8.0,"Currency":"EUR","DisplayAmount":"8,00 €"}}]}},{"ASIN":"B0BKL1DGXF","DetailPageURL":"https://www.amazon.es/dp/B0BKL1DGXF?tag=topinalambricos-21&linkCode=osi&th=1&psc=1","Images":{"Primary":{"Small":{"Height":75,"URL":"https://m.media-amazon.com/images/I/51MPLv1JVtL._SL75_.jpg","Width":66}}},"ItemInfo":{"ByLineInfo":{"Brand":{"DisplayValue":"Bolilleando.com","Label":"Brand","Locale":"es_ES"},"Manufacturer":{"DisplayValue":"Bolilleando.com","Label":"Manufacturer","Locale":"es_ES"}},"Title":{"DisplayValue":"Kit para hacer abanico de comunión de encaje de bolillos ref. Sipo 17","Label":"Title","Locale":"es_ES"}},"Offers":{"Summaries":[{"Condition":{"Value":"New"},"LowestPrice":{"Amount":34.5,"Currency":"EUR","DisplayAmount":"34,50 €"}}]}},{"ASIN":"B0BZDD7215","DetailPageURL":"https://www.amazon.es/dp/B0BZDD7215?tag=topinalambricos-21&linkCode=osi&th=1&psc=1","Images":{"Primary":{"Small":{"Height":67,"URL":"https://m.media-amazon.com/images/I/51MF4qQs76L._SL75_.jpg","Width":75}}},"ItemInfo":{"ByLineInfo":{"Brand":{"DisplayValue":"Bolilleando.com","Label":"Brand","Locale":"es_ES"},"Manufacturer":{"DisplayValue":"Bolilleando.com","Label":"Manufacturer","Locale":"es_ES"}},"Title":{"DisplayValue":"Varilla metalizada blanco con patrón de encaje de bolillos ref.7","Label":"Title","Locale":"es_ES"}},"Offers":{"Summaries":[{"Condition":{"Value":"New"},"LowestPrice":{"Amount":14.6,"Currency":"EUR","DisplayAmount":"14,60 €"}}]}}],"SearchURL":"https://www.amazon.es/s?k=bolillo&rh=n%3A4358484031%2Cp_n_availability%3A-1&tag=topinalambricos-21&linkCode=osi","TotalResultCount":196}},"104":{"SearchResult":{"Items":[{"ASIN":"B09NMG4KQY","DetailPageURL":"https://www.amazon.es/dp/B09NMG4KQY?tag=topinalambricos-21&linkCode=osi&th=1&psc=1","Images":{"Primary":{"Small":{"Height":65,"URL":"https://m.media-amazon.com/images/I/51yozsE+9YL._SL75_.jpg","Width":75}}},"ItemInfo":{"ByLineInfo":{"Brand":{"DisplayValue":"Bolilleando.com","Label":"Brand","Locale":"es_ES"},"Manufacturer":{"DisplayValue":"Bolilleando.com","Label":"Manufacturer","Locale":"es_ES"}},"Title":{"DisplayValue":"Varillas con patrón para encaje de bolillos (color blanco)","Label":"Title","Locale":"es_ES"}},"Offers":{"Summaries":[{"Condition":{"Value":"New"},"LowestPrice":{"Amount":12.0,"Currency":"EUR","DisplayAmount":"12,00 €"}}]}},{"ASIN":"B0BZDG9625","DetailPageURL":"https://www.amazon.es/dp/B0BZDG9625?tag=topinalambricos-21&linkCode=osi&th=1&psc=1","Images":{"Primary":{"Small":{"Height":62,"URL":"https://m.media-amazon.com/images/I/51Qesrmq6WL._SL75_.jpg","Width":75}}},"ItemInfo":{"ByLineInfo":{"Brand":{"DisplayValue":"Bolilleando.com","Label":"Brand","Locale":"es_ES"},"Manufacturer":{"DisplayValue":"Bolilleando.com","Label":"Manufacturer","Locale":"es_ES"}},"Title":{"DisplayValue":"Varilla metalizada rosa con patrón de encaje de bolillos ref.7","Label":"Title","Locale":"es_ES"}},"Offers":{"Summaries":[{"Condition":{"Value":"New"},"LowestPrice":{"Amount":14.6,"Currency":"EUR","DisplayAmount":"14,60 €"}}]}},{"ASIN":"B0BKL4CM3D","DetailPageURL":"https://www.amazon.es/dp/B0BKL4CM3D?tag=topinalambricos-21&linkCode=osi&th=1&psc=1","Images":{"Primary":{"Small":{"Height":66,"URL":"https://m.media-amazon.com/images/I/51dyl5GSKyL._SL75_.jpg","Width":75}}},"ItemInfo":{"ByLineInfo":{"Brand":{"DisplayValue":"Bolilleando.com","Label":"Brand","Locale":"es_ES"},"Manufacturer":{"DisplayValue":"Bolilleando.com","Label":"Manufacturer","Locale":"es_ES"}},"Title":{"DisplayValue":"Varilla metalizada oro con patrón de encaje de bolillos ref.7","Label":"Title","Locale":"es_ES"}},"Offers":{"Summaries":[{"Condition":{"Value":"New"},"LowestPrice":{"Amount":14.6,"Currency":"EUR","DisplayAmount":"14,60 €"}}]}},{"ASIN":"B01JIL2CT8","DetailPageURL":"https://www.amazon.es/dp/B01JIL2CT8?tag=topinalambricos-21&linkCode=osi&th=1&psc=1","Images":{"Primary":{"Small":{"Height":45,"URL":"https://m.media-amazon.com/images/I/312ltAUQjwL._SL75_.jpg","Width":75}}},"ItemInfo":{"ByLineInfo":{"Brand":{"DisplayValue":"Anchor","Label":"Brand","Locale":"es_ES"},"Manufacturer":{"DisplayValue":"MEZ","Label":"Manufacturer","Locale":"es_ES"}},"Title":{"DisplayValue":"Anchor Hilo De Encaje De Bolillos Encaje, Espesor: 20, Longitud: 500m 206, 3cm x 3cm x 7cm Verde menta 206","Label":"Title","Locale":"es_ES"}},"Offers":{"Summaries":[{"Condition":{"Value":"New"},"LowestPrice":{"Amount":8.0,"Currency":"EUR","DisplayAmount":"8,00 €"}}]}},{"ASIN":"B01I5J71SQ","DetailPageURL":"https://www.amazon.es/dp/B01I5J71SQ?tag=topinalambricos-21&linkCode=osi&th=1&psc=1","Images":{"Primary":{"Small":{"Height":46,"URL":"https://m.media-amazon.com/images/I/21B9-5jxY+L._SL75_.jpg","Width":75}}},"ItemInfo":{"ByLineInfo":{"Brand":{"DisplayValue":"Anchor","Label":"Brand","Locale":"es_ES"},"Manufacturer":{"DisplayValue":"MEZ","Label":"Manufacturer","Locale":"es_ES"}},"Title":{"DisplayValue":"Anchor Hilo De Encaje De Bolillos Encaje, Espesor: 40, Longitud: 900m 2, 4cm x 4cm x 7cm Blanco 2","Label":"Title","Locale":"es_ES"}},"Offers":{"Summaries":[{"Condition":{"Value":"New"},"LowestPrice":{"Amount":8.5,"Currency":"EUR","DisplayAmount":"8,50 € (0,01 € / metro)","PricePerUnit":0.01}}]}},{"ASIN":"B09963WZYC","DetailPageURL":"https://www.amazon.es/dp/B09963WZYC?tag=topinalambricos-21&linkCode=osi&th=1&psc=1","Images":{"Primary":{"Small":{"Height":49,"URL":"https://m.media-amazon.com/images/I/41WVhMd2mgS._SL75_.jpg","Width":75}}},"ItemInfo":{"ByLineInfo":{"Brand":{"DisplayValue":"Bolilleando.com","Label":"Brand","Locale":"es_ES"},"Manufacturer":{"DisplayValue":"Bolilleando.com","Label":"Manufacturer","Locale":"es_ES"}},"Title":{"DisplayValue":"Surtido de patrones para lazos de encaje de bolillos","Label":"Title","Locale":"es_ES"}},"Offers":{"Summaries":[{"Condition":{"Value":"New"},"LowestPrice":{"Amount":9.0,"Currency":"EUR","DisplayAmount":"9,00 €"}}]}},{"ASIN":"B0BZDG2WT8","DetailPageURL":"https://www.amazon.es/dp/B0BZDG2WT8?tag=topinalambricos-21&linkCode=osi&th=1&psc=1","Images":{"Primary":{"Small":{"Height":69,"URL":"https://m.media-amazon.com/images/I/51LN40xStHL._SL75_.jpg","Width":75}}},"ItemInfo":{"ByLineInfo":{"Brand":{"DisplayValue":"Bolilleando.com","Label":"Brand","Locale":"es_ES"},"Manufacturer":{"DisplayValue":"Bolilleando.com","Label":"Manufacturer","Locale":"es_ES"}},"Title":{"DisplayValue":"Varilla metalizada crudo con patrón de encaje de bolillos ref.7","Label":"Title","Locale":"es_ES"}},"Offers":{"Summaries":[{"Condition":{"Value":"New"},"LowestPrice":{"Amount":14.6,"Currency":"EUR","DisplayAmount":"14,60 €"}}]}},{"ASIN":"B01JIL2PTA","DetailPageURL":"https://www.amazon.es/dp/B01JIL2PTA?tag=topinalambricos-21&linkCode=osi&th=1&psc=1","Images":{"Primary":{"Small":{"Height":45,"URL":"https://m.media-amazon.com/images/I/31E+nMPhraL._SL75_.jpg","Width":75}}},"ItemInfo":{"ByLineInfo":{"Brand":{"DisplayValue":"Anchor","Label":"Brand","Locale":"es_ES"},"Manufacturer":{"DisplayValue":"MEZ","Label":"Manufacturer","Locale":"es_ES"}},"Title":{"DisplayValue":"Anchor Hilo De Encaje De Bolillos Encaje, Espesor: 30, Longitud: 500m 206, 3cm x 3cm x 7cm Verde menta 206","Label":"Title","Locale":"es_ES"}},"Offers":{"Summaries":[{"Condition":{"Value":"New"},"LowestPrice":{"Amount":8.0,"Currency":"EUR","DisplayAmount":"8,00 €"}}]}},{"ASIN":"B0BKL1DGXF","DetailPageURL":"https://www.amazon.es/dp/B0BKL1DGXF?tag=topinalambricos-21&linkCode=osi&th=1&psc=1","Images":{"Primary":{"Small":{"Height":75,"URL":"https://m.media-amazon.com/images/I/51MPLv1JVtL._SL75_.jpg","Width":66}}},"ItemInfo":{"ByLineInfo":{"Brand":{"DisplayValue":"Bolilleando.com","Label":"Brand","Locale":"es_ES"},"Manufacturer":{"DisplayValue":"Bolilleando.com","Label":"Manufacturer","Locale":"es_ES"}},"Title":{"DisplayValue":"Kit para hacer abanico de comunión de encaje de bolillos ref. Sipo 17","Label":"Title","Locale":"es_ES"}},"Offers":{"Summaries":[{"Condition":{"Value":"New"},"LowestPrice":{"Amount":34.5,"Currency":"EUR","DisplayAmount":"34,50 €"}}]}},{"ASIN":"B0BZDD7215","DetailPageURL":"https://www.amazon.es/dp/B0BZDD7215?tag=topinalambricos-21&linkCode=osi&th=1&psc=1","Images":{"Primary":{"Small":{"Height":67,"URL":"https://m.media-amazon.com/images/I/51MF4qQs76L._SL75_.jpg","Width":75}}},"ItemInfo":{"ByLineInfo":{"Brand":{"DisplayValue":"Bolilleando.com","Label":"Brand","Locale":"es_ES"},"Manufacturer":{"DisplayValue":"Bolilleando.com","Label":"Manufacturer","Locale":"es_ES"}},"Title":{"DisplayValue":"Varilla metalizada blanco con patrón de encaje de bolillos ref.7","Label":"Title","Locale":"es_ES"}},"Offers":{"Summaries":[{"Condition":{"Value":"New"},"LowestPrice":{"Amount":14.6,"Currency":"EUR","DisplayAmount":"14,60 €"}}]}}],"SearchURL":"https://www.amazon.es/s?k=bolillo&rh=n%3A4358484031%2Cp_n_availability%3A-1&tag=topinalambricos-21&linkCode=osi","TotalResultCount":196}},"105":{"SearchResult":{"Items":[{"ASIN":"B09NMG4KQY","DetailPageURL":"https://www.amazon.es/dp/B09NMG4KQY?tag=topinalambricos-21&linkCode=osi&th=1&psc=1","Images":{"Primary":{"Small":{"Height":65,"URL":"https://m.media-amazon.com/images/I/51yozsE+9YL._SL75_.jpg","Width":75}}},"ItemInfo":{"ByLineInfo":{"Brand":{"DisplayValue":"Bolilleando.com","Label":"Brand","Locale":"es_ES"},"Manufacturer":{"DisplayValue":"Bolilleando.com","Label":"Manufacturer","Locale":"es_ES"}},"Title":{"DisplayValue":"Varillas con patrón para encaje de bolillos (color blanco)","Label":"Title","Locale":"es_ES"}},"Offers":{"Summaries":[{"Condition":{"Value":"New"},"LowestPrice":{"Amount":12.0,"Currency":"EUR","DisplayAmount":"12,00 €"}}]}},{"ASIN":"B0BZDG9625","DetailPageURL":"https://www.amazon.es/dp/B0BZDG9625?tag=topinalambricos-21&linkCode=osi&th=1&psc=1","Images":{"Primary":{"Small":{"Height":62,"URL":"https://m.media-amazon.com/images/I/51Qesrmq6WL._SL75_.jpg","Width":75}}},"ItemInfo":{"ByLineInfo":{"Brand":{"DisplayValue":"Bolilleando.com","Label":"Brand","Locale":"es_ES"},"Manufacturer":{"DisplayValue":"Bolilleando.com","Label":"Manufacturer","Locale":"es_ES"}},"Title":{"DisplayValue":"Varilla metalizada rosa con patrón de encaje de bolillos ref.7","Label":"Title","Locale":"es_ES"}},"Offers":{"Summaries":[{"Condition":{"Value":"New"},"LowestPrice":{"Amount":14.6,"Currency":"EUR","DisplayAmount":"14,60 €"}}]}},{"ASIN":"B0BKL4CM3D","DetailPageURL":"https://www.amazon.es/dp/B0BKL4CM3D?tag=topinalambricos-21&linkCode=osi&th=1&psc=1","Images":{"Primary":{"Small":{"Height":66,"URL":"https://m.media-amazon.com/images/I/51dyl5GSKyL._SL75_.jpg","Width":75}}},"ItemInfo":{"ByLineInfo":{"Brand":{"DisplayValue":"Bolilleando.com","Label":"Brand","Locale":"es_ES"},"Manufacturer":{"DisplayValue":"Bolilleando.com","Label":"Manufacturer","Locale":"es_ES"}},"Title":{"DisplayValue":"Varilla metalizada oro con patrón de encaje de bolillos ref.7","Label":"Title","Locale":"es_ES"}},"Offers":{"Summaries":[{"Condition":{"Value":"New"},"LowestPrice":{"Amount":14.6,"Currency":"EUR","DisplayAmount":"14,60 €"}}]}},{"ASIN":"B01JIL2CT8","DetailPageURL":"https://www.amazon.es/dp/B01JIL2CT8?tag=topinalambricos-21&linkCode=osi&th=1&psc=1","Images":{"Primary":{"Small":{"Height":45,"URL":"https://m.media-amazon.com/images/I/312ltAUQjwL._SL75_.jpg","Width":75}}},"ItemInfo":{"ByLineInfo":{"Brand":{"DisplayValue":"Anchor","Label":"Brand","Locale":"es_ES"},"Manufacturer":{"DisplayValue":"MEZ","Label":"Manufacturer","Locale":"es_ES"}},"Title":{"DisplayValue":"Anchor Hilo De Encaje De Bolillos Encaje, Espesor: 20, Longitud: 500m 206, 3cm x 3cm x 7cm Verde menta 206","Label":"Title","Locale":"es_ES"}},"Offers":{"Summaries":[{"Condition":{"Value":"New"},"LowestPrice":{"Amount":8.0,"Currency":"EUR","DisplayAmount":"8,00 €"}}]}},{"ASIN":"B01I5J71SQ","DetailPageURL":"https://www.amazon.es/dp/B01I5J71SQ?tag=topinalambricos-21&linkCode=osi&th=1&psc=1","Images":{"Primary":{"Small":{"Height":46,"URL":"https://m.media-amazon.com/images/I/21B9-5jxY+L._SL75_.jpg","Width":75}}},"ItemInfo":{"ByLineInfo":{"Brand":{"DisplayValue":"Anchor","Label":"Brand","Locale":"es_ES"},"Manufacturer":{"DisplayValue":"MEZ","Label":"Manufacturer","Locale":"es_ES"}},"Title":{"DisplayValue":"Anchor Hilo De Encaje De Bolillos Encaje, Espesor: 40, Longitud: 900m 2, 4cm x 4cm x 7cm Blanco 2","Label":"Title","Locale":"es_ES"}},"Offers":{"Summaries":[{"Condition":{"Value":"New"},"LowestPrice":{"Amount":8.5,"Currency":"EUR","DisplayAmount":"8,50 € (0,01 € / metro)","PricePerUnit":0.01}}]}},{"ASIN":"B09963WZYC","DetailPageURL":"https://www.amazon.es/dp/B09963WZYC?tag=topinalambricos-21&linkCode=osi&th=1&psc=1","Images":{"Primary":{"Small":{"Height":49,"URL":"https://m.media-amazon.com/images/I/41WVhMd2mgS._SL75_.jpg","Width":75}}},"ItemInfo":{"ByLineInfo":{"Brand":{"DisplayValue":"Bolilleando.com","Label":"Brand","Locale":"es_ES"},"Manufacturer":{"DisplayValue":"Bolilleando.com","Label":"Manufacturer","Locale":"es_ES"}},"Title":{"DisplayValue":"Surtido de patrones para lazos de encaje de bolillos","Label":"Title","Locale":"es_ES"}},"Offers":{"Summaries":[{"Condition":{"Value":"New"},"LowestPrice":{"Amount":9.0,"Currency":"EUR","DisplayAmount":"9,00 €"}}]}},{"ASIN":"B0BZDG2WT8","DetailPageURL":"https://www.amazon.es/dp/B0BZDG2WT8?tag=topinalambricos-21&linkCode=osi&th=1&psc=1","Images":{"Primary":{"Small":{"Height":69,"URL":"https://m.media-amazon.com/images/I/51LN40xStHL._SL75_.jpg","Width":75}}},"ItemInfo":{"ByLineInfo":{"Brand":{"DisplayValue":"Bolilleando.com","Label":"Brand","Locale":"es_ES"},"Manufacturer":{"DisplayValue":"Bolilleando.com","Label":"Manufacturer","Locale":"es_ES"}},"Title":{"DisplayValue":"Varilla metalizada crudo con patrón de encaje de bolillos ref.7","Label":"Title","Locale":"es_ES"}},"Offers":{"Summaries":[{"Condition":{"Value":"New"},"LowestPrice":{"Amount":14.6,"Currency":"EUR","DisplayAmount":"14,60 €"}}]}},{"ASIN":"B01JIL2PTA","DetailPageURL":"https://www.amazon.es/dp/B01JIL2PTA?tag=topinalambricos-21&linkCode=osi&th=1&psc=1","Images":{"Primary":{"Small":{"Height":45,"URL":"https://m.media-amazon.com/images/I/31E+nMPhraL._SL75_.jpg","Width":75}}},"ItemInfo":{"ByLineInfo":{"Brand":{"DisplayValue":"Anchor","Label":"Brand","Locale":"es_ES"},"Manufacturer":{"DisplayValue":"MEZ","Label":"Manufacturer","Locale":"es_ES"}},"Title":{"DisplayValue":"Anchor Hilo De Encaje De Bolillos Encaje, Espesor: 30, Longitud: 500m 206, 3cm x 3cm x 7cm Verde menta 206","Label":"Title","Locale":"es_ES"}},"Offers":{"Summaries":[{"Condition":{"Value":"New"},"LowestPrice":{"Amount":8.0,"Currency":"EUR","DisplayAmount":"8,00 €"}}]}},{"ASIN":"B0BKL1DGXF","DetailPageURL":"https://www.amazon.es/dp/B0BKL1DGXF?tag=topinalambricos-21&linkCode=osi&th=1&psc=1","Images":{"Primary":{"Small":{"Height":75,"URL":"https://m.media-amazon.com/images/I/51MPLv1JVtL._SL75_.jpg","Width":66}}},"ItemInfo":{"ByLineInfo":{"Brand":{"DisplayValue":"Bolilleando.com","Label":"Brand","Locale":"es_ES"},"Manufacturer":{"DisplayValue":"Bolilleando.com","Label":"Manufacturer","Locale":"es_ES"}},"Title":{"DisplayValue":"Kit para hacer abanico de comunión de encaje de bolillos ref. Sipo 17","Label":"Title","Locale":"es_ES"}},"Offers":{"Summaries":[{"Condition":{"Value":"New"},"LowestPrice":{"Amount":34.5,"Currency":"EUR","DisplayAmount":"34,50 €"}}]}},{"ASIN":"B0BZDD7215","DetailPageURL":"https://www.amazon.es/dp/B0BZDD7215?tag=topinalambricos-21&linkCode=osi&th=1&psc=1","Images":{"Primary":{"Small":{"Height":67,"URL":"https://m.media-amazon.com/images/I/51MF4qQs76L._SL75_.jpg","Width":75}}},"ItemInfo":{"ByLineInfo":{"Brand":{"DisplayValue":"Bolilleando.com","Label":"Brand","Locale":"es_ES"},"Manufacturer":{"DisplayValue":"Bolilleando.com","Label":"Manufacturer","Locale":"es_ES"}},"Title":{"DisplayValue":"Varilla metalizada blanco con patrón de encaje de bolillos ref.7","Label":"Title","Locale":"es_ES"}},"Offers":{"Summaries":[{"Condition":{"Value":"New"},"LowestPrice":{"Amount":14.6,"Currency":"EUR","DisplayAmount":"14,60 €"}}]}}],"SearchURL":"https://www.amazon.es/s?k=bolillo&rh=n%3A4358484031%2Cp_n_availability%3A-1&tag=topinalambricos-21&linkCode=osi","TotalResultCount":196}},"107":{"SearchResult":{"Items":[{"ASIN":"B09NMG4KQY","DetailPageURL":"https://www.amazon.es/dp/B09NMG4KQY?tag=topinalambricos-21&linkCode=osi&th=1&psc=1","Images":{"Primary":{"Small":{"Height":65,"URL":"https://m.media-amazon.com/images/I/51yozsE+9YL._SL75_.jpg","Width":75}}},"ItemInfo":{"ByLineInfo":{"Brand":{"DisplayValue":"Bolilleando.com","Label":"Brand","Locale":"es_ES"},"Manufacturer":{"DisplayValue":"Bolilleando.com","Label":"Manufacturer","Locale":"es_ES"}},"Title":{"DisplayValue":"Varillas con patrón para encaje de bolillos (color blanco)","Label":"Title","Locale":"es_ES"}},"Offers":{"Summaries":[{"Condition":{"Value":"New"},"LowestPrice":{"Amount":12.0,"Currency":"EUR","DisplayAmount":"12,00 €"}}]}},{"ASIN":"B0BZDG9625","DetailPageURL":"https://www.amazon.es/dp/B0BZDG9625?tag=topinalambricos-21&linkCode=osi&th=1&psc=1","Images":{"Primary":{"Small":{"Height":62,"URL":"https://m.media-amazon.com/images/I/51Qesrmq6WL._SL75_.jpg","Width":75}}},"ItemInfo":{"ByLineInfo":{"Brand":{"DisplayValue":"Bolilleando.com","Label":"Brand","Locale":"es_ES"},"Manufacturer":{"DisplayValue":"Bolilleando.com","Label":"Manufacturer","Locale":"es_ES"}},"Title":{"DisplayValue":"Varilla metalizada rosa con patrón de encaje de bolillos ref.7","Label":"Title","Locale":"es_ES"}},"Offers":{"Summaries":[{"Condition":{"Value":"New"},"LowestPrice":{"Amount":14.6,"Currency":"EUR","DisplayAmount":"14,60 €"}}]}},{"ASIN":"B0BKL4CM3D","DetailPageURL":"https://www.amazon.es/dp/B0BKL4CM3D?tag=topinalambricos-21&linkCode=osi&th=1&psc=1","Images":{"Primary":{"Small":{"Height":66,"URL":"https://m.media-amazon.com/images/I/51dyl5GSKyL._SL75_.jpg","Width":75}}},"ItemInfo":{"ByLineInfo":{"Brand":{"DisplayValue":"Bolilleando.com","Label":"Brand","Locale":"es_ES"},"Manufacturer":{"DisplayValue":"Bolilleando.com","Label":"Manufacturer","Locale":"es_ES"}},"Title":{"DisplayValue":"Varilla metalizada oro con patrón de encaje de bolillos ref.7","Label":"Title","Locale":"es_ES"}},"Offers":{"Summaries":[{"Condition":{"Value":"New"},"LowestPrice":{"Amount":14.6,"Currency":"EUR","DisplayAmount":"14,60 €"}}]}},{"ASIN":"B01JIL2CT8","DetailPageURL":"https://www.amazon.es/dp/B01JIL2CT8?tag=topinalambricos-21&linkCode=osi&th=1&psc=1","Images":{"Primary":{"Small":{"Height":45,"URL":"https://m.media-amazon.com/images/I/312ltAUQjwL._SL75_.jpg","Width":75}}},"ItemInfo":{"ByLineInfo":{"Brand":{"DisplayValue":"Anchor","Label":"Brand","Locale":"es_ES"},"Manufacturer":{"DisplayValue":"MEZ","Label":"Manufacturer","Locale":"es_ES"}},"Title":{"DisplayValue":"Anchor Hilo De Encaje De Bolillos Encaje, Espesor: 20, Longitud: 500m 206, 3cm x 3cm x 7cm Verde menta 206","Label":"Title","Locale":"es_ES"}},"Offers":{"Summaries":[{"Condition":{"Value":"New"},"LowestPrice":{"Amount":8.0,"Currency":"EUR","DisplayAmount":"8,00 €"}}]}},{"ASIN":"B01I5J71SQ","DetailPageURL":"https://www.amazon.es/dp/B01I5J71SQ?tag=topinalambricos-21&linkCode=osi&th=1&psc=1","Images":{"Primary":{"Small":{"Height":46,"URL":"https://m.media-amazon.com/images/I/21B9-5jxY+L._SL75_.jpg","Width":75}}},"ItemInfo":{"ByLineInfo":{"Brand":{"DisplayValue":"Anchor","Label":"Brand","Locale":"es_ES"},"Manufacturer":{"DisplayValue":"MEZ","Label":"Manufacturer","Locale":"es_ES"}},"Title":{"DisplayValue":"Anchor Hilo De Encaje De Bolillos Encaje, Espesor: 40, Longitud: 900m 2, 4cm x 4cm x 7cm Blanco 2","Label":"Title","Locale":"es_ES"}},"Offers":{"Summaries":[{"Condition":{"Value":"New"},"LowestPrice":{"Amount":8.5,"Currency":"EUR","DisplayAmount":"8,50 € (0,01 € / metro)","PricePerUnit":0.01}}]}},{"ASIN":"B09963WZYC","DetailPageURL":"https://www.amazon.es/dp/B09963WZYC?tag=topinalambricos-21&linkCode=osi&th=1&psc=1","Images":{"Primary":{"Small":{"Height":49,"URL":"https://m.media-amazon.com/images/I/41WVhMd2mgS._SL75_.jpg","Width":75}}},"ItemInfo":{"ByLineInfo":{"Brand":{"DisplayValue":"Bolilleando.com","Label":"Brand","Locale":"es_ES"},"Manufacturer":{"DisplayValue":"Bolilleando.com","Label":"Manufacturer","Locale":"es_ES"}},"Title":{"DisplayValue":"Surtido de patrones para lazos de encaje de bolillos","Label":"Title","Locale":"es_ES"}},"Offers":{"Summaries":[{"Condition":{"Value":"New"},"LowestPrice":{"Amount":9.0,"Currency":"EUR","DisplayAmount":"9,00 €"}}]}},{"ASIN":"B0BZDG2WT8","DetailPageURL":"https://www.amazon.es/dp/B0BZDG2WT8?tag=topinalambricos-21&linkCode=osi&th=1&psc=1","Images":{"Primary":{"Small":{"Height":69,"URL":"https://m.media-amazon.com/images/I/51LN40xStHL._SL75_.jpg","Width":75}}},"ItemInfo":{"ByLineInfo":{"Brand":{"DisplayValue":"Bolilleando.com","Label":"Brand","Locale":"es_ES"},"Manufacturer":{"DisplayValue":"Bolilleando.com","Label":"Manufacturer","Locale":"es_ES"}},"Title":{"DisplayValue":"Varilla metalizada crudo con patrón de encaje de bolillos ref.7","Label":"Title","Locale":"es_ES"}},"Offers":{"Summaries":[{"Condition":{"Value":"New"},"LowestPrice":{"Amount":14.6,"Currency":"EUR","DisplayAmount":"14,60 €"}}]}},{"ASIN":"B01JIL2PTA","DetailPageURL":"https://www.amazon.es/dp/B01JIL2PTA?tag=topinalambricos-21&linkCode=osi&th=1&psc=1","Images":{"Primary":{"Small":{"Height":45,"URL":"https://m.media-amazon.com/images/I/31E+nMPhraL._SL75_.jpg","Width":75}}},"ItemInfo":{"ByLineInfo":{"Brand":{"DisplayValue":"Anchor","Label":"Brand","Locale":"es_ES"},"Manufacturer":{"DisplayValue":"MEZ","Label":"Manufacturer","Locale":"es_ES"}},"Title":{"DisplayValue":"Anchor Hilo De Encaje De Bolillos Encaje, Espesor: 30, Longitud: 500m 206, 3cm x 3cm x 7cm Verde menta 206","Label":"Title","Locale":"es_ES"}},"Offers":{"Summaries":[{"Condition":{"Value":"New"},"LowestPrice":{"Amount":8.0,"Currency":"EUR","DisplayAmount":"8,00 €"}}]}},{"ASIN":"B0BKL1DGXF","DetailPageURL":"https://www.amazon.es/dp/B0BKL1DGXF?tag=topinalambricos-21&linkCode=osi&th=1&psc=1","Images":{"Primary":{"Small":{"Height":75,"URL":"https://m.media-amazon.com/images/I/51MPLv1JVtL._SL75_.jpg","Width":66}}},"ItemInfo":{"ByLineInfo":{"Brand":{"DisplayValue":"Bolilleando.com","Label":"Brand","Locale":"es_ES"},"Manufacturer":{"DisplayValue":"Bolilleando.com","Label":"Manufacturer","Locale":"es_ES"}},"Title":{"DisplayValue":"Kit para hacer abanico de comunión de encaje de bolillos ref. Sipo 17","Label":"Title","Locale":"es_ES"}},"Offers":{"Summaries":[{"Condition":{"Value":"New"},"LowestPrice":{"Amount":34.5,"Currency":"EUR","DisplayAmount":"34,50 €"}}]}},{"ASIN":"B0BZDD7215","DetailPageURL":"https://www.amazon.es/dp/B0BZDD7215?tag=topinalambricos-21&linkCode=osi&th=1&psc=1","Images":{"Primary":{"Small":{"Height":67,"URL":"https://m.media-amazon.com/images/I/51MF4qQs76L._SL75_.jpg","Width":75}}},"ItemInfo":{"ByLineInfo":{"Brand":{"DisplayValue":"Bolilleando.com","Label":"Brand","Locale":"es_ES"},"Manufacturer":{"DisplayValue":"Bolilleando.com","Label":"Manufacturer","Locale":"es_ES"}},"Title":{"DisplayValue":"Varilla metalizada blanco con patrón de encaje de bolillos ref.7","Label":"Title","Locale":"es_ES"}},"Offers":{"Summaries":[{"Condition":{"Value":"New"},"LowestPrice":{"Amount":14.6,"Currency":"EUR","DisplayAmount":"14,60 €"}}]}}],"SearchURL":"https://www.amazon.es/s?k=bolillo&rh=n%3A4358484031%2Cp_n_availability%3A-1&tag=topinalambricos-21&linkCode=osi","TotalResultCount":196}},"108":{"SearchResult":{"Items":[{"ASIN":"B09NMG4KQY","DetailPageURL":"https://www.amazon.es/dp/B09NMG4KQY?tag=topinalambricos-21&linkCode=osi&th=1&psc=1","Images":{"Primary":{"Small":{"Height":65,"URL":"https://m.media-amazon.com/images/I/51yozsE+9YL._SL75_.jpg","Width":75}}},"ItemInfo":{"ByLineInfo":{"Brand":{"DisplayValue":"Bolilleando.com","Label":"Brand","Locale":"es_ES"},"Manufacturer":{"DisplayValue":"Bolilleando.com","Label":"Manufacturer","Locale":"es_ES"}},"Title":{"DisplayValue":"Varillas con patrón para encaje de bolillos (color blanco)","Label":"Title","Locale":"es_ES"}},"Offers":{"Summaries":[{"Condition":{"Value":"New"},"LowestPrice":{"Amount":12.0,"Currency":"EUR","DisplayAmount":"12,00 €"}}]}},{"ASIN":"B0BZDG9625","DetailPageURL":"https://www.amazon.es/dp/B0BZDG9625?tag=topinalambricos-21&linkCode=osi&th=1&psc=1","Images":{"Primary":{"Small":{"Height":62,"URL":"https://m.media-amazon.com/images/I/51Qesrmq6WL._SL75_.jpg","Width":75}}},"ItemInfo":{"ByLineInfo":{"Brand":{"DisplayValue":"Bolilleando.com","Label":"Brand","Locale":"es_ES"},"Manufacturer":{"DisplayValue":"Bolilleando.com","Label":"Manufacturer","Locale":"es_ES"}},"Title":{"DisplayValue":"Varilla metalizada rosa con patrón de encaje de bolillos ref.7","Label":"Title","Locale":"es_ES"}},"Offers":{"Summaries":[{"Condition":{"Value":"New"},"LowestPrice":{"Amount":14.6,"Currency":"EUR","DisplayAmount":"14,60 €"}}]}},{"ASIN":"B0BKL4CM3D","DetailPageURL":"https://www.amazon.es/dp/B0BKL4CM3D?tag=topinalambricos-21&linkCode=osi&th=1&psc=1","Images":{"Primary":{"Small":{"Height":66,"URL":"https://m.media-amazon.com/images/I/51dyl5GSKyL._SL75_.jpg","Width":75}}},"ItemInfo":{"ByLineInfo":{"Brand":{"DisplayValue":"Bolilleando.com","Label":"Brand","Locale":"es_ES"},"Manufacturer":{"DisplayValue":"Bolilleando.com","Label":"Manufacturer","Locale":"es_ES"}},"Title":{"DisplayValue":"Varilla metalizada oro con patrón de encaje de bolillos ref.7","Label":"Title","Locale":"es_ES"}},"Offers":{"Summaries":[{"Condition":{"Value":"New"},"LowestPrice":{"Amount":14.6,"Currency":"EUR","DisplayAmount":"14,60 €"}}]}},{"ASIN":"B01JIL2CT8","DetailPageURL":"https://www.amazon.es/dp/B01JIL2CT8?tag=topinalambricos-21&linkCode=osi&th=1&psc=1","Images":{"Primary":{"Small":{"Height":45,"URL":"https://m.media-amazon.com/images/I/312ltAUQjwL._SL75_.jpg","Width":75}}},"ItemInfo":{"ByLineInfo":{"Brand":{"DisplayValue":"Anchor","Label":"Brand","Locale":"es_ES"},"Manufacturer":{"DisplayValue":"MEZ","Label":"Manufacturer","Locale":"es_ES"}},"Title":{"DisplayValue":"Anchor Hilo De Encaje De Bolillos Encaje, Espesor: 20, Longitud: 500m 206, 3cm x 3cm x 7cm Verde menta 206","Label":"Title","Locale":"es_ES"}},"Offers":{"Summaries":[{"Condition":{"Value":"New"},"LowestPrice":{"Amount":8.0,"Currency":"EUR","DisplayAmount":"8,00 €"}}]}},{"ASIN":"B01I5J71SQ","DetailPageURL":"https://www.amazon.es/dp/B01I5J71SQ?tag=topinalambricos-21&linkCode=osi&th=1&psc=1","Images":{"Primary":{"Small":{"Height":46,"URL":"https://m.media-amazon.com/images/I/21B9-5jxY+L._SL75_.jpg","Width":75}}},"ItemInfo":{"ByLineInfo":{"Brand":{"DisplayValue":"Anchor","Label":"Brand","Locale":"es_ES"},"Manufacturer":{"DisplayValue":"MEZ","Label":"Manufacturer","Locale":"es_ES"}},"Title":{"DisplayValue":"Anchor Hilo De Encaje De Bolillos Encaje, Espesor: 40, Longitud: 900m 2, 4cm x 4cm x 7cm Blanco 2","Label":"Title","Locale":"es_ES"}},"Offers":{"Summaries":[{"Condition":{"Value":"New"},"LowestPrice":{"Amount":8.5,"Currency":"EUR","DisplayAmount":"8,50 € (0,01 € / metro)","PricePerUnit":0.01}}]}},{"ASIN":"B09963WZYC","DetailPageURL":"https://www.amazon.es/dp/B09963WZYC?tag=topinalambricos-21&linkCode=osi&th=1&psc=1","Images":{"Primary":{"Small":{"Height":49,"URL":"https://m.media-amazon.com/images/I/41WVhMd2mgS._SL75_.jpg","Width":75}}},"ItemInfo":{"ByLineInfo":{"Brand":{"DisplayValue":"Bolilleando.com","Label":"Brand","Locale":"es_ES"},"Manufacturer":{"DisplayValue":"Bolilleando.com","Label":"Manufacturer","Locale":"es_ES"}},"Title":{"DisplayValue":"Surtido de patrones para lazos de encaje de bolillos","Label":"Title","Locale":"es_ES"}},"Offers":{"Summaries":[{"Condition":{"Value":"New"},"LowestPrice":{"Amount":9.0,"Currency":"EUR","DisplayAmount":"9,00 €"}}]}},{"ASIN":"B0BZDG2WT8","DetailPageURL":"https://www.amazon.es/dp/B0BZDG2WT8?tag=topinalambricos-21&linkCode=osi&th=1&psc=1","Images":{"Primary":{"Small":{"Height":69,"URL":"https://m.media-amazon.com/images/I/51LN40xStHL._SL75_.jpg","Width":75}}},"ItemInfo":{"ByLineInfo":{"Brand":{"DisplayValue":"Bolilleando.com","Label":"Brand","Locale":"es_ES"},"Manufacturer":{"DisplayValue":"Bolilleando.com","Label":"Manufacturer","Locale":"es_ES"}},"Title":{"DisplayValue":"Varilla metalizada crudo con patrón de encaje de bolillos ref.7","Label":"Title","Locale":"es_ES"}},"Offers":{"Summaries":[{"Condition":{"Value":"New"},"LowestPrice":{"Amount":14.6,"Currency":"EUR","DisplayAmount":"14,60 €"}}]}},{"ASIN":"B01JIL2PTA","DetailPageURL":"https://www.amazon.es/dp/B01JIL2PTA?tag=topinalambricos-21&linkCode=osi&th=1&psc=1","Images":{"Primary":{"Small":{"Height":45,"URL":"https://m.media-amazon.com/images/I/31E+nMPhraL._SL75_.jpg","Width":75}}},"ItemInfo":{"ByLineInfo":{"Brand":{"DisplayValue":"Anchor","Label":"Brand","Locale":"es_ES"},"Manufacturer":{"DisplayValue":"MEZ","Label":"Manufacturer","Locale":"es_ES"}},"Title":{"DisplayValue":"Anchor Hilo De Encaje De Bolillos Encaje, Espesor: 30, Longitud: 500m 206, 3cm x 3cm x 7cm Verde menta 206","Label":"Title","Locale":"es_ES"}},"Offers":{"Summaries":[{"Condition":{"Value":"New"},"LowestPrice":{"Amount":8.0,"Currency":"EUR","DisplayAmount":"8,00 €"}}]}},{"ASIN":"B0BKL1DGXF","DetailPageURL":"https://www.amazon.es/dp/B0BKL1DGXF?tag=topinalambricos-21&linkCode=osi&th=1&psc=1","Images":{"Primary":{"Small":{"Height":75,"URL":"https://m.media-amazon.com/images/I/51MPLv1JVtL._SL75_.jpg","Width":66}}},"ItemInfo":{"ByLineInfo":{"Brand":{"DisplayValue":"Bolilleando.com","Label":"Brand","Locale":"es_ES"},"Manufacturer":{"DisplayValue":"Bolilleando.com","Label":"Manufacturer","Locale":"es_ES"}},"Title":{"DisplayValue":"Kit para hacer abanico de comunión de encaje de bolillos ref. Sipo 17","Label":"Title","Locale":"es_ES"}},"Offers":{"Summaries":[{"Condition":{"Value":"New"},"LowestPrice":{"Amount":34.5,"Currency":"EUR","DisplayAmount":"34,50 €"}}]}},{"ASIN":"B0BZDD7215","DetailPageURL":"https://www.amazon.es/dp/B0BZDD7215?tag=topinalambricos-21&linkCode=osi&th=1&psc=1","Images":{"Primary":{"Small":{"Height":67,"URL":"https://m.media-amazon.com/images/I/51MF4qQs76L._SL75_.jpg","Width":75}}},"ItemInfo":{"ByLineInfo":{"Brand":{"DisplayValue":"Bolilleando.com","Label":"Brand","Locale":"es_ES"},"Manufacturer":{"DisplayValue":"Bolilleando.com","Label":"Manufacturer","Locale":"es_ES"}},"Title":{"DisplayValue":"Varilla metalizada blanco con patrón de encaje de bolillos ref.7","Label":"Title","Locale":"es_ES"}},"Offers":{"Summaries":[{"Condition":{"Value":"New"},"LowestPrice":{"Amount":14.6,"Currency":"EUR","DisplayAmount":"14,60 €"}}]}}],"SearchURL":"https://www.amazon.es/s?k=bolillo&rh=n%3A4358484031%2Cp_n_availability%3A-1&tag=topinalambricos-21&linkCode=osi","TotalResultCount":196}},"109":{"SearchResult":{"Items":[{"ASIN":"B09NMG4KQY","DetailPageURL":"https://www.amazon.es/dp/B09NMG4KQY?tag=topinalambricos-21&linkCode=osi&th=1&psc=1","Images":{"Primary":{"Small":{"Height":65,"URL":"https://m.media-amazon.com/images/I/51yozsE+9YL._SL75_.jpg","Width":75}}},"ItemInfo":{"ByLineInfo":{"Brand":{"DisplayValue":"Bolilleando.com","Label":"Brand","Locale":"es_ES"},"Manufacturer":{"DisplayValue":"Bolilleando.com","Label":"Manufacturer","Locale":"es_ES"}},"Title":{"DisplayValue":"Varillas con patrón para encaje de bolillos (color blanco)","Label":"Title","Locale":"es_ES"}},"Offers":{"Summaries":[{"Condition":{"Value":"New"},"LowestPrice":{"Amount":12.0,"Currency":"EUR","DisplayAmount":"12,00 €"}}]}},{"ASIN":"B0BZDG9625","DetailPageURL":"https://www.amazon.es/dp/B0BZDG9625?tag=topinalambricos-21&linkCode=osi&th=1&psc=1","Images":{"Primary":{"Small":{"Height":62,"URL":"https://m.media-amazon.com/images/I/51Qesrmq6WL._SL75_.jpg","Width":75}}},"ItemInfo":{"ByLineInfo":{"Brand":{"DisplayValue":"Bolilleando.com","Label":"Brand","Locale":"es_ES"},"Manufacturer":{"DisplayValue":"Bolilleando.com","Label":"Manufacturer","Locale":"es_ES"}},"Title":{"DisplayValue":"Varilla metalizada rosa con patrón de encaje de bolillos ref.7","Label":"Title","Locale":"es_ES"}},"Offers":{"Summaries":[{"Condition":{"Value":"New"},"LowestPrice":{"Amount":14.6,"Currency":"EUR","DisplayAmount":"14,60 €"}}]}},{"ASIN":"B0BKL4CM3D","DetailPageURL":"https://www.amazon.es/dp/B0BKL4CM3D?tag=topinalambricos-21&linkCode=osi&th=1&psc=1","Images":{"Primary":{"Small":{"Height":66,"URL":"https://m.media-amazon.com/images/I/51dyl5GSKyL._SL75_.jpg","Width":75}}},"ItemInfo":{"ByLineInfo":{"Brand":{"DisplayValue":"Bolilleando.com","Label":"Brand","Locale":"es_ES"},"Manufacturer":{"DisplayValue":"Bolilleando.com","Label":"Manufacturer","Locale":"es_ES"}},"Title":{"DisplayValue":"Varilla metalizada oro con patrón de encaje de bolillos ref.7","Label":"Title","Locale":"es_ES"}},"Offers":{"Summaries":[{"Condition":{"Value":"New"},"LowestPrice":{"Amount":14.6,"Currency":"EUR","DisplayAmount":"14,60 €"}}]}},{"ASIN":"B01JIL2CT8","DetailPageURL":"https://www.amazon.es/dp/B01JIL2CT8?tag=topinalambricos-21&linkCode=osi&th=1&psc=1","Images":{"Primary":{"Small":{"Height":45,"URL":"https://m.media-amazon.com/images/I/312ltAUQjwL._SL75_.jpg","Width":75}}},"ItemInfo":{"ByLineInfo":{"Brand":{"DisplayValue":"Anchor","Label":"Brand","Locale":"es_ES"},"Manufacturer":{"DisplayValue":"MEZ","Label":"Manufacturer","Locale":"es_ES"}},"Title":{"DisplayValue":"Anchor Hilo De Encaje De Bolillos Encaje, Espesor: 20, Longitud: 500m 206, 3cm x 3cm x 7cm Verde menta 206","Label":"Title","Locale":"es_ES"}},"Offers":{"Summaries":[{"Condition":{"Value":"New"},"LowestPrice":{"Amount":8.0,"Currency":"EUR","DisplayAmount":"8,00 €"}}]}},{"ASIN":"B01I5J71SQ","DetailPageURL":"https://www.amazon.es/dp/B01I5J71SQ?tag=topinalambricos-21&linkCode=osi&th=1&psc=1","Images":{"Primary":{"Small":{"Height":46,"URL":"https://m.media-amazon.com/images/I/21B9-5jxY+L._SL75_.jpg","Width":75}}},"ItemInfo":{"ByLineInfo":{"Brand":{"DisplayValue":"Anchor","Label":"Brand","Locale":"es_ES"},"Manufacturer":{"DisplayValue":"MEZ","Label":"Manufacturer","Locale":"es_ES"}},"Title":{"DisplayValue":"Anchor Hilo De Encaje De Bolillos Encaje, Espesor: 40, Longitud: 900m 2, 4cm x 4cm x 7cm Blanco 2","Label":"Title","Locale":"es_ES"}},"Offers":{"Summaries":[{"Condition":{"Value":"New"},"LowestPrice":{"Amount":8.5,"Currency":"EUR","DisplayAmount":"8,50 € (0,01 € / metro)","PricePerUnit":0.01}}]}},{"ASIN":"B09963WZYC","DetailPageURL":"https://www.amazon.es/dp/B09963WZYC?tag=topinalambricos-21&linkCode=osi&th=1&psc=1","Images":{"Primary":{"Small":{"Height":49,"URL":"https://m.media-amazon.com/images/I/41WVhMd2mgS._SL75_.jpg","Width":75}}},"ItemInfo":{"ByLineInfo":{"Brand":{"DisplayValue":"Bolilleando.com","Label":"Brand","Locale":"es_ES"},"Manufacturer":{"DisplayValue":"Bolilleando.com","Label":"Manufacturer","Locale":"es_ES"}},"Title":{"DisplayValue":"Surtido de patrones para lazos de encaje de bolillos","Label":"Title","Locale":"es_ES"}},"Offers":{"Summaries":[{"Condition":{"Value":"New"},"LowestPrice":{"Amount":9.0,"Currency":"EUR","DisplayAmount":"9,00 €"}}]}},{"ASIN":"B0BZDG2WT8","DetailPageURL":"https://www.amazon.es/dp/B0BZDG2WT8?tag=topinalambricos-21&linkCode=osi&th=1&psc=1","Images":{"Primary":{"Small":{"Height":69,"URL":"https://m.media-amazon.com/images/I/51LN40xStHL._SL75_.jpg","Width":75}}},"ItemInfo":{"ByLineInfo":{"Brand":{"DisplayValue":"Bolilleando.com","Label":"Brand","Locale":"es_ES"},"Manufacturer":{"DisplayValue":"Bolilleando.com","Label":"Manufacturer","Locale":"es_ES"}},"Title":{"DisplayValue":"Varilla metalizada crudo con patrón de encaje de bolillos ref.7","Label":"Title","Locale":"es_ES"}},"Offers":{"Summaries":[{"Condition":{"Value":"New"},"LowestPrice":{"Amount":14.6,"Currency":"EUR","DisplayAmount":"14,60 €"}}]}},{"ASIN":"B01JIL2PTA","DetailPageURL":"https://www.amazon.es/dp/B01JIL2PTA?tag=topinalambricos-21&linkCode=osi&th=1&psc=1","Images":{"Primary":{"Small":{"Height":45,"URL":"https://m.media-amazon.com/images/I/31E+nMPhraL._SL75_.jpg","Width":75}}},"ItemInfo":{"ByLineInfo":{"Brand":{"DisplayValue":"Anchor","Label":"Brand","Locale":"es_ES"},"Manufacturer":{"DisplayValue":"MEZ","Label":"Manufacturer","Locale":"es_ES"}},"Title":{"DisplayValue":"Anchor Hilo De Encaje De Bolillos Encaje, Espesor: 30, Longitud: 500m 206, 3cm x 3cm x 7cm Verde menta 206","Label":"Title","Locale":"es_ES"}},"Offers":{"Summaries":[{"Condition":{"Value":"New"},"LowestPrice":{"Amount":8.0,"Currency":"EUR","DisplayAmount":"8,00 €"}}]}},{"ASIN":"B0BKL1DGXF","DetailPageURL":"https://www.amazon.es/dp/B0BKL1DGXF?tag=topinalambricos-21&linkCode=osi&th=1&psc=1","Images":{"Primary":{"Small":{"Height":75,"URL":"https://m.media-amazon.com/images/I/51MPLv1JVtL._SL75_.jpg","Width":66}}},"ItemInfo":{"ByLineInfo":{"Brand":{"DisplayValue":"Bolilleando.com","Label":"Brand","Locale":"es_ES"},"Manufacturer":{"DisplayValue":"Bolilleando.com","Label":"Manufacturer","Locale":"es_ES"}},"Title":{"DisplayValue":"Kit para hacer abanico de comunión de encaje de bolillos ref. Sipo 17","Label":"Title","Locale":"es_ES"}},"Offers":{"Summaries":[{"Condition":{"Value":"New"},"LowestPrice":{"Amount":34.5,"Currency":"EUR","DisplayAmount":"34,50 €"}}]}},{"ASIN":"B0BZDD7215","DetailPageURL":"https://www.amazon.es/dp/B0BZDD7215?tag=topinalambricos-21&linkCode=osi&th=1&psc=1","Images":{"Primary":{"Small":{"Height":67,"URL":"https://m.media-amazon.com/images/I/51MF4qQs76L._SL75_.jpg","Width":75}}},"ItemInfo":{"ByLineInfo":{"Brand":{"DisplayValue":"Bolilleando.com","Label":"Brand","Locale":"es_ES"},"Manufacturer":{"DisplayValue":"Bolilleando.com","Label":"Manufacturer","Locale":"es_ES"}},"Title":{"DisplayValue":"Varilla metalizada blanco con patrón de encaje de bolillos ref.7","Label":"Title","Locale":"es_ES"}},"Offers":{"Summaries":[{"Condition":{"Value":"New"},"LowestPrice":{"Amount":14.6,"Currency":"EUR","DisplayAmount":"14,60 €"}}]}}],"SearchURL":"https://www.amazon.es/s?k=bolillo&rh=n%3A4358484031%2Cp_n_availability%3A-1&tag=topinalambricos-21&linkCode=osi","TotalResultCount":196}},"110":{"SearchResult":{"Items":[{"ASIN":"B09NMG4KQY","DetailPageURL":"https://www.amazon.es/dp/B09NMG4KQY?tag=topinalambricos-21&linkCode=osi&th=1&psc=1","Images":{"Primary":{"Small":{"Height":65,"URL":"https://m.media-amazon.com/images/I/51yozsE+9YL._SL75_.jpg","Width":75}}},"ItemInfo":{"ByLineInfo":{"Brand":{"DisplayValue":"Bolilleando.com","Label":"Brand","Locale":"es_ES"},"Manufacturer":{"DisplayValue":"Bolilleando.com","Label":"Manufacturer","Locale":"es_ES"}},"Title":{"DisplayValue":"Varillas con patrón para encaje de bolillos (color blanco)","Label":"Title","Locale":"es_ES"}},"Offers":{"Summaries":[{"Condition":{"Value":"New"},"LowestPrice":{"Amount":12.0,"Currency":"EUR","DisplayAmount":"12,00 €"}}]}},{"ASIN":"B0BZDG9625","DetailPageURL":"https://www.amazon.es/dp/B0BZDG9625?tag=topinalambricos-21&linkCode=osi&th=1&psc=1","Images":{"Primary":{"Small":{"Height":62,"URL":"https://m.media-amazon.com/images/I/51Qesrmq6WL._SL75_.jpg","Width":75}}},"ItemInfo":{"ByLineInfo":{"Brand":{"DisplayValue":"Bolilleando.com","Label":"Brand","Locale":"es_ES"},"Manufacturer":{"DisplayValue":"Bolilleando.com","Label":"Manufacturer","Locale":"es_ES"}},"Title":{"DisplayValue":"Varilla metalizada rosa con patrón de encaje de bolillos ref.7","Label":"Title","Locale":"es_ES"}},"Offers":{"Summaries":[{"Condition":{"Value":"New"},"LowestPrice":{"Amount":14.6,"Currency":"EUR","DisplayAmount":"14,60 €"}}]}},{"ASIN":"B0BKL4CM3D","DetailPageURL":"https://www.amazon.es/dp/B0BKL4CM3D?tag=topinalambricos-21&linkCode=osi&th=1&psc=1","Images":{"Primary":{"Small":{"Height":66,"URL":"https://m.media-amazon.com/images/I/51dyl5GSKyL._SL75_.jpg","Width":75}}},"ItemInfo":{"ByLineInfo":{"Brand":{"DisplayValue":"Bolilleando.com","Label":"Brand","Locale":"es_ES"},"Manufacturer":{"DisplayValue":"Bolilleando.com","Label":"Manufacturer","Locale":"es_ES"}},"Title":{"DisplayValue":"Varilla metalizada oro con patrón de encaje de bolillos ref.7","Label":"Title","Locale":"es_ES"}},"Offers":{"Summaries":[{"Condition":{"Value":"New"},"LowestPrice":{"Amount":14.6,"Currency":"EUR","DisplayAmount":"14,60 €"}}]}},{"ASIN":"B01JIL2CT8","DetailPageURL":"https://www.amazon.es/dp/B01JIL2CT8?tag=topinalambricos-21&linkCode=osi&th=1&psc=1","Images":{"Primary":{"Small":{"Height":45,"URL":"https://m.media-amazon.com/images/I/312ltAUQjwL._SL75_.jpg","Width":75}}},"ItemInfo":{"ByLineInfo":{"Brand":{"DisplayValue":"Anchor","Label":"Brand","Locale":"es_ES"},"Manufacturer":{"DisplayValue":"MEZ","Label":"Manufacturer","Locale":"es_ES"}},"Title":{"DisplayValue":"Anchor Hilo De Encaje De Bolillos Encaje, Espesor: 20, Longitud: 500m 206, 3cm x 3cm x 7cm Verde menta 206","Label":"Title","Locale":"es_ES"}},"Offers":{"Summaries":[{"Condition":{"Value":"New"},"LowestPrice":{"Amount":8.0,"Currency":"EUR","DisplayAmount":"8,00 €"}}]}},{"ASIN":"B01I5J71SQ","DetailPageURL":"https://www.amazon.es/dp/B01I5J71SQ?tag=topinalambricos-21&linkCode=osi&th=1&psc=1","Images":{"Primary":{"Small":{"Height":46,"URL":"https://m.media-amazon.com/images/I/21B9-5jxY+L._SL75_.jpg","Width":75}}},"ItemInfo":{"ByLineInfo":{"Brand":{"DisplayValue":"Anchor","Label":"Brand","Locale":"es_ES"},"Manufacturer":{"DisplayValue":"MEZ","Label":"Manufacturer","Locale":"es_ES"}},"Title":{"DisplayValue":"Anchor Hilo De Encaje De Bolillos Encaje, Espesor: 40, Longitud: 900m 2, 4cm x 4cm x 7cm Blanco 2","Label":"Title","Locale":"es_ES"}},"Offers":{"Summaries":[{"Condition":{"Value":"New"},"LowestPrice":{"Amount":8.5,"Currency":"EUR","DisplayAmount":"8,50 € (0,01 € / metro)","PricePerUnit":0.01}}]}},{"ASIN":"B09963WZYC","DetailPageURL":"https://www.amazon.es/dp/B09963WZYC?tag=topinalambricos-21&linkCode=osi&th=1&psc=1","Images":{"Primary":{"Small":{"Height":49,"URL":"https://m.media-amazon.com/images/I/41WVhMd2mgS._SL75_.jpg","Width":75}}},"ItemInfo":{"ByLineInfo":{"Brand":{"DisplayValue":"Bolilleando.com","Label":"Brand","Locale":"es_ES"},"Manufacturer":{"DisplayValue":"Bolilleando.com","Label":"Manufacturer","Locale":"es_ES"}},"Title":{"DisplayValue":"Surtido de patrones para lazos de encaje de bolillos","Label":"Title","Locale":"es_ES"}},"Offers":{"Summaries":[{"Condition":{"Value":"New"},"LowestPrice":{"Amount":9.0,"Currency":"EUR","DisplayAmount":"9,00 €"}}]}},{"ASIN":"B0BZDG2WT8","DetailPageURL":"https://www.amazon.es/dp/B0BZDG2WT8?tag=topinalambricos-21&linkCode=osi&th=1&psc=1","Images":{"Primary":{"Small":{"Height":69,"URL":"https://m.media-amazon.com/images/I/51LN40xStHL._SL75_.jpg","Width":75}}},"ItemInfo":{"ByLineInfo":{"Brand":{"DisplayValue":"Bolilleando.com","Label":"Brand","Locale":"es_ES"},"Manufacturer":{"DisplayValue":"Bolilleando.com","Label":"Manufacturer","Locale":"es_ES"}},"Title":{"DisplayValue":"Varilla metalizada crudo con patrón de encaje de bolillos ref.7","Label":"Title","Locale":"es_ES"}},"Offers":{"Summaries":[{"Condition":{"Value":"New"},"LowestPrice":{"Amount":14.6,"Currency":"EUR","DisplayAmount":"14,60 €"}}]}},{"ASIN":"B01JIL2PTA","DetailPageURL":"https://www.amazon.es/dp/B01JIL2PTA?tag=topinalambricos-21&linkCode=osi&th=1&psc=1","Images":{"Primary":{"Small":{"Height":45,"URL":"https://m.media-amazon.com/images/I/31E+nMPhraL._SL75_.jpg","Width":75}}},"ItemInfo":{"ByLineInfo":{"Brand":{"DisplayValue":"Anchor","Label":"Brand","Locale":"es_ES"},"Manufacturer":{"DisplayValue":"MEZ","Label":"Manufacturer","Locale":"es_ES"}},"Title":{"DisplayValue":"Anchor Hilo De Encaje De Bolillos Encaje, Espesor: 30, Longitud: 500m 206, 3cm x 3cm x 7cm Verde menta 206","Label":"Title","Locale":"es_ES"}},"Offers":{"Summaries":[{"Condition":{"Value":"New"},"LowestPrice":{"Amount":8.0,"Currency":"EUR","DisplayAmount":"8,00 €"}}]}},{"ASIN":"B0BKL1DGXF","DetailPageURL":"https://www.amazon.es/dp/B0BKL1DGXF?tag=topinalambricos-21&linkCode=osi&th=1&psc=1","Images":{"Primary":{"Small":{"Height":75,"URL":"https://m.media-amazon.com/images/I/51MPLv1JVtL._SL75_.jpg","Width":66}}},"ItemInfo":{"ByLineInfo":{"Brand":{"DisplayValue":"Bolilleando.com","Label":"Brand","Locale":"es_ES"},"Manufacturer":{"DisplayValue":"Bolilleando.com","Label":"Manufacturer","Locale":"es_ES"}},"Title":{"DisplayValue":"Kit para hacer abanico de comunión de encaje de bolillos ref. Sipo 17","Label":"Title","Locale":"es_ES"}},"Offers":{"Summaries":[{"Condition":{"Value":"New"},"LowestPrice":{"Amount":34.5,"Currency":"EUR","DisplayAmount":"34,50 €"}}]}},{"ASIN":"B0BZDD7215","DetailPageURL":"https://www.amazon.es/dp/B0BZDD7215?tag=topinalambricos-21&linkCode=osi&th=1&psc=1","Images":{"Primary":{"Small":{"Height":67,"URL":"https://m.media-amazon.com/images/I/51MF4qQs76L._SL75_.jpg","Width":75}}},"ItemInfo":{"ByLineInfo":{"Brand":{"DisplayValue":"Bolilleando.com","Label":"Brand","Locale":"es_ES"},"Manufacturer":{"DisplayValue":"Bolilleando.com","Label":"Manufacturer","Locale":"es_ES"}},"Title":{"DisplayValue":"Varilla metalizada blanco con patrón de encaje de bolillos ref.7","Label":"Title","Locale":"es_ES"}},"Offers":{"Summaries":[{"Condition":{"Value":"New"},"LowestPrice":{"Amount":14.6,"Currency":"EUR","DisplayAmount":"14,60 €"}}]}}],"SearchURL":"https://www.amazon.es/s?k=bolillo&rh=n%3A4358484031%2Cp_n_availability%3A-1&tag=topinalambricos-21&linkCode=osi","TotalResultCount":196}},"111":{"SearchResult":{"Items":[{"ASIN":"B09NMG4KQY","DetailPageURL":"https://www.amazon.es/dp/B09NMG4KQY?tag=topinalambricos-21&linkCode=osi&th=1&psc=1","Images":{"Primary":{"Small":{"Height":65,"URL":"https://m.media-amazon.com/images/I/51yozsE+9YL._SL75_.jpg","Width":75}}},"ItemInfo":{"ByLineInfo":{"Brand":{"DisplayValue":"Bolilleando.com","Label":"Brand","Locale":"es_ES"},"Manufacturer":{"DisplayValue":"Bolilleando.com","Label":"Manufacturer","Locale":"es_ES"}},"Title":{"DisplayValue":"Varillas con patrón para encaje de bolillos (color blanco)","Label":"Title","Locale":"es_ES"}},"Offers":{"Summaries":[{"Condition":{"Value":"New"},"LowestPrice":{"Amount":12.0,"Currency":"EUR","DisplayAmount":"12,00 €"}}]}},{"ASIN":"B0BZDG9625","DetailPageURL":"https://www.amazon.es/dp/B0BZDG9625?tag=topinalambricos-21&linkCode=osi&th=1&psc=1","Images":{"Primary":{"Small":{"Height":62,"URL":"https://m.media-amazon.com/images/I/51Qesrmq6WL._SL75_.jpg","Width":75}}},"ItemInfo":{"ByLineInfo":{"Brand":{"DisplayValue":"Bolilleando.com","Label":"Brand","Locale":"es_ES"},"Manufacturer":{"DisplayValue":"Bolilleando.com","Label":"Manufacturer","Locale":"es_ES"}},"Title":{"DisplayValue":"Varilla metalizada rosa con patrón de encaje de bolillos ref.7","Label":"Title","Locale":"es_ES"}},"Offers":{"Summaries":[{"Condition":{"Value":"New"},"LowestPrice":{"Amount":14.6,"Currency":"EUR","DisplayAmount":"14,60 €"}}]}},{"ASIN":"B0BKL4CM3D","DetailPageURL":"https://www.amazon.es/dp/B0BKL4CM3D?tag=topinalambricos-21&linkCode=osi&th=1&psc=1","Images":{"Primary":{"Small":{"Height":66,"URL":"https://m.media-amazon.com/images/I/51dyl5GSKyL._SL75_.jpg","Width":75}}},"ItemInfo":{"ByLineInfo":{"Brand":{"DisplayValue":"Bolilleando.com","Label":"Brand","Locale":"es_ES"},"Manufacturer":{"DisplayValue":"Bolilleando.com","Label":"Manufacturer","Locale":"es_ES"}},"Title":{"DisplayValue":"Varilla metalizada oro con patrón de encaje de bolillos ref.7","Label":"Title","Locale":"es_ES"}},"Offers":{"Summaries":[{"Condition":{"Value":"New"},"LowestPrice":{"Amount":14.6,"Currency":"EUR","DisplayAmount":"14,60 €"}}]}},{"ASIN":"B01JIL2CT8","DetailPageURL":"https://www.amazon.es/dp/B01JIL2CT8?tag=topinalambricos-21&linkCode=osi&th=1&psc=1","Images":{"Primary":{"Small":{"Height":45,"URL":"https://m.media-amazon.com/images/I/312ltAUQjwL._SL75_.jpg","Width":75}}},"ItemInfo":{"ByLineInfo":{"Brand":{"DisplayValue":"Anchor","Label":"Brand","Locale":"es_ES"},"Manufacturer":{"DisplayValue":"MEZ","Label":"Manufacturer","Locale":"es_ES"}},"Title":{"DisplayValue":"Anchor Hilo De Encaje De Bolillos Encaje, Espesor: 20, Longitud: 500m 206, 3cm x 3cm x 7cm Verde menta 206","Label":"Title","Locale":"es_ES"}},"Offers":{"Summaries":[{"Condition":{"Value":"New"},"LowestPrice":{"Amount":8.0,"Currency":"EUR","DisplayAmount":"8,00 €"}}]}},{"ASIN":"B01I5J71SQ","DetailPageURL":"https://www.amazon.es/dp/B01I5J71SQ?tag=topinalambricos-21&linkCode=osi&th=1&psc=1","Images":{"Primary":{"Small":{"Height":46,"URL":"https://m.media-amazon.com/images/I/21B9-5jxY+L._SL75_.jpg","Width":75}}},"ItemInfo":{"ByLineInfo":{"Brand":{"DisplayValue":"Anchor","Label":"Brand","Locale":"es_ES"},"Manufacturer":{"DisplayValue":"MEZ","Label":"Manufacturer","Locale":"es_ES"}},"Title":{"DisplayValue":"Anchor Hilo De Encaje De Bolillos Encaje, Espesor: 40, Longitud: 900m 2, 4cm x 4cm x 7cm Blanco 2","Label":"Title","Locale":"es_ES"}},"Offers":{"Summaries":[{"Condition":{"Value":"New"},"LowestPrice":{"Amount":8.5,"Currency":"EUR","DisplayAmount":"8,50 € (0,01 € / metro)","PricePerUnit":0.01}}]}},{"ASIN":"B09963WZYC","DetailPageURL":"https://www.amazon.es/dp/B09963WZYC?tag=topinalambricos-21&linkCode=osi&th=1&psc=1","Images":{"Primary":{"Small":{"Height":49,"URL":"https://m.media-amazon.com/images/I/41WVhMd2mgS._SL75_.jpg","Width":75}}},"ItemInfo":{"ByLineInfo":{"Brand":{"DisplayValue":"Bolilleando.com","Label":"Brand","Locale":"es_ES"},"Manufacturer":{"DisplayValue":"Bolilleando.com","Label":"Manufacturer","Locale":"es_ES"}},"Title":{"DisplayValue":"Surtido de patrones para lazos de encaje de bolillos","Label":"Title","Locale":"es_ES"}},"Offers":{"Summaries":[{"Condition":{"Value":"New"},"LowestPrice":{"Amount":9.0,"Currency":"EUR","DisplayAmount":"9,00 €"}}]}},{"ASIN":"B0BZDG2WT8","DetailPageURL":"https://www.amazon.es/dp/B0BZDG2WT8?tag=topinalambricos-21&linkCode=osi&th=1&psc=1","Images":{"Primary":{"Small":{"Height":69,"URL":"https://m.media-amazon.com/images/I/51LN40xStHL._SL75_.jpg","Width":75}}},"ItemInfo":{"ByLineInfo":{"Brand":{"DisplayValue":"Bolilleando.com","Label":"Brand","Locale":"es_ES"},"Manufacturer":{"DisplayValue":"Bolilleando.com","Label":"Manufacturer","Locale":"es_ES"}},"Title":{"DisplayValue":"Varilla metalizada crudo con patrón de encaje de bolillos ref.7","Label":"Title","Locale":"es_ES"}},"Offers":{"Summaries":[{"Condition":{"Value":"New"},"LowestPrice":{"Amount":14.6,"Currency":"EUR","DisplayAmount":"14,60 €"}}]}},{"ASIN":"B01JIL2PTA","DetailPageURL":"https://www.amazon.es/dp/B01JIL2PTA?tag=topinalambricos-21&linkCode=osi&th=1&psc=1","Images":{"Primary":{"Small":{"Height":45,"URL":"https://m.media-amazon.com/images/I/31E+nMPhraL._SL75_.jpg","Width":75}}},"ItemInfo":{"ByLineInfo":{"Brand":{"DisplayValue":"Anchor","Label":"Brand","Locale":"es_ES"},"Manufacturer":{"DisplayValue":"MEZ","Label":"Manufacturer","Locale":"es_ES"}},"Title":{"DisplayValue":"Anchor Hilo De Encaje De Bolillos Encaje, Espesor: 30, Longitud: 500m 206, 3cm x 3cm x 7cm Verde menta 206","Label":"Title","Locale":"es_ES"}},"Offers":{"Summaries":[{"Condition":{"Value":"New"},"LowestPrice":{"Amount":8.0,"Currency":"EUR","DisplayAmount":"8,00 €"}}]}},{"ASIN":"B0BKL1DGXF","DetailPageURL":"https://www.amazon.es/dp/B0BKL1DGXF?tag=topinalambricos-21&linkCode=osi&th=1&psc=1","Images":{"Primary":{"Small":{"Height":75,"URL":"https://m.media-amazon.com/images/I/51MPLv1JVtL._SL75_.jpg","Width":66}}},"ItemInfo":{"ByLineInfo":{"Brand":{"DisplayValue":"Bolilleando.com","Label":"Brand","Locale":"es_ES"},"Manufacturer":{"DisplayValue":"Bolilleando.com","Label":"Manufacturer","Locale":"es_ES"}},"Title":{"DisplayValue":"Kit para hacer abanico de comunión de encaje de bolillos ref. Sipo 17","Label":"Title","Locale":"es_ES"}},"Offers":{"Summaries":[{"Condition":{"Value":"New"},"LowestPrice":{"Amount":34.5,"Currency":"EUR","DisplayAmount":"34,50 €"}}]}},{"ASIN":"B0BZDD7215","DetailPageURL":"https://www.amazon.es/dp/B0BZDD7215?tag=topinalambricos-21&linkCode=osi&th=1&psc=1","Images":{"Primary":{"Small":{"Height":67,"URL":"https://m.media-amazon.com/images/I/51MF4qQs76L._SL75_.jpg","Width":75}}},"ItemInfo":{"ByLineInfo":{"Brand":{"DisplayValue":"Bolilleando.com","Label":"Brand","Locale":"es_ES"},"Manufacturer":{"DisplayValue":"Bolilleando.com","Label":"Manufacturer","Locale":"es_ES"}},"Title":{"DisplayValue":"Varilla metalizada blanco con patrón de encaje de bolillos ref.7","Label":"Title","Locale":"es_ES"}},"Offers":{"Summaries":[{"Condition":{"Value":"New"},"LowestPrice":{"Amount":14.6,"Currency":"EUR","DisplayAmount":"14,60 €"}}]}}],"SearchURL":"https://www.amazon.es/s?k=bolillo&rh=n%3A4358484031%2Cp_n_availability%3A-1&tag=topinalambricos-21&linkCode=osi","TotalResultCount":196}},"112":{"SearchResult":{"Items":[{"ASIN":"B09NMG4KQY","DetailPageURL":"https://www.amazon.es/dp/B09NMG4KQY?tag=topinalambricos-21&linkCode=osi&th=1&psc=1","Images":{"Primary":{"Small":{"Height":65,"URL":"https://m.media-amazon.com/images/I/51yozsE+9YL._SL75_.jpg","Width":75}}},"ItemInfo":{"ByLineInfo":{"Brand":{"DisplayValue":"Bolilleando.com","Label":"Brand","Locale":"es_ES"},"Manufacturer":{"DisplayValue":"Bolilleando.com","Label":"Manufacturer","Locale":"es_ES"}},"Title":{"DisplayValue":"Varillas con patrón para encaje de bolillos (color blanco)","Label":"Title","Locale":"es_ES"}},"Offers":{"Summaries":[{"Condition":{"Value":"New"},"LowestPrice":{"Amount":12.0,"Currency":"EUR","DisplayAmount":"12,00 €"}}]}},{"ASIN":"B0BZDG9625","DetailPageURL":"https://www.amazon.es/dp/B0BZDG9625?tag=topinalambricos-21&linkCode=osi&th=1&psc=1","Images":{"Primary":{"Small":{"Height":62,"URL":"https://m.media-amazon.com/images/I/51Qesrmq6WL._SL75_.jpg","Width":75}}},"ItemInfo":{"ByLineInfo":{"Brand":{"DisplayValue":"Bolilleando.com","Label":"Brand","Locale":"es_ES"},"Manufacturer":{"DisplayValue":"Bolilleando.com","Label":"Manufacturer","Locale":"es_ES"}},"Title":{"DisplayValue":"Varilla metalizada rosa con patrón de encaje de bolillos ref.7","Label":"Title","Locale":"es_ES"}},"Offers":{"Summaries":[{"Condition":{"Value":"New"},"LowestPrice":{"Amount":14.6,"Currency":"EUR","DisplayAmount":"14,60 €"}}]}},{"ASIN":"B0BKL4CM3D","DetailPageURL":"https://www.amazon.es/dp/B0BKL4CM3D?tag=topinalambricos-21&linkCode=osi&th=1&psc=1","Images":{"Primary":{"Small":{"Height":66,"URL":"https://m.media-amazon.com/images/I/51dyl5GSKyL._SL75_.jpg","Width":75}}},"ItemInfo":{"ByLineInfo":{"Brand":{"DisplayValue":"Bolilleando.com","Label":"Brand","Locale":"es_ES"},"Manufacturer":{"DisplayValue":"Bolilleando.com","Label":"Manufacturer","Locale":"es_ES"}},"Title":{"DisplayValue":"Varilla metalizada oro con patrón de encaje de bolillos ref.7","Label":"Title","Locale":"es_ES"}},"Offers":{"Summaries":[{"Condition":{"Value":"New"},"LowestPrice":{"Amount":14.6,"Currency":"EUR","DisplayAmount":"14,60 €"}}]}},{"ASIN":"B01JIL2CT8","DetailPageURL":"https://www.amazon.es/dp/B01JIL2CT8?tag=topinalambricos-21&linkCode=osi&th=1&psc=1","Images":{"Primary":{"Small":{"Height":45,"URL":"https://m.media-amazon.com/images/I/312ltAUQjwL._SL75_.jpg","Width":75}}},"ItemInfo":{"ByLineInfo":{"Brand":{"DisplayValue":"Anchor","Label":"Brand","Locale":"es_ES"},"Manufacturer":{"DisplayValue":"MEZ","Label":"Manufacturer","Locale":"es_ES"}},"Title":{"DisplayValue":"Anchor Hilo De Encaje De Bolillos Encaje, Espesor: 20, Longitud: 500m 206, 3cm x 3cm x 7cm Verde menta 206","Label":"Title","Locale":"es_ES"}},"Offers":{"Summaries":[{"Condition":{"Value":"New"},"LowestPrice":{"Amount":8.0,"Currency":"EUR","DisplayAmount":"8,00 €"}}]}},{"ASIN":"B01I5J71SQ","DetailPageURL":"https://www.amazon.es/dp/B01I5J71SQ?tag=topinalambricos-21&linkCode=osi&th=1&psc=1","Images":{"Primary":{"Small":{"Height":46,"URL":"https://m.media-amazon.com/images/I/21B9-5jxY+L._SL75_.jpg","Width":75}}},"ItemInfo":{"ByLineInfo":{"Brand":{"DisplayValue":"Anchor","Label":"Brand","Locale":"es_ES"},"Manufacturer":{"DisplayValue":"MEZ","Label":"Manufacturer","Locale":"es_ES"}},"Title":{"DisplayValue":"Anchor Hilo De Encaje De Bolillos Encaje, Espesor: 40, Longitud: 900m 2, 4cm x 4cm x 7cm Blanco 2","Label":"Title","Locale":"es_ES"}},"Offers":{"Summaries":[{"Condition":{"Value":"New"},"LowestPrice":{"Amount":8.5,"Currency":"EUR","DisplayAmount":"8,50 € (0,01 € / metro)","PricePerUnit":0.01}}]}},{"ASIN":"B09963WZYC","DetailPageURL":"https://www.amazon.es/dp/B09963WZYC?tag=topinalambricos-21&linkCode=osi&th=1&psc=1","Images":{"Primary":{"Small":{"Height":49,"URL":"https://m.media-amazon.com/images/I/41WVhMd2mgS._SL75_.jpg","Width":75}}},"ItemInfo":{"ByLineInfo":{"Brand":{"DisplayValue":"Bolilleando.com","Label":"Brand","Locale":"es_ES"},"Manufacturer":{"DisplayValue":"Bolilleando.com","Label":"Manufacturer","Locale":"es_ES"}},"Title":{"DisplayValue":"Surtido de patrones para lazos de encaje de bolillos","Label":"Title","Locale":"es_ES"}},"Offers":{"Summaries":[{"Condition":{"Value":"New"},"LowestPrice":{"Amount":9.0,"Currency":"EUR","DisplayAmount":"9,00 €"}}]}},{"ASIN":"B0BZDG2WT8","DetailPageURL":"https://www.amazon.es/dp/B0BZDG2WT8?tag=topinalambricos-21&linkCode=osi&th=1&psc=1","Images":{"Primary":{"Small":{"Height":69,"URL":"https://m.media-amazon.com/images/I/51LN40xStHL._SL75_.jpg","Width":75}}},"ItemInfo":{"ByLineInfo":{"Brand":{"DisplayValue":"Bolilleando.com","Label":"Brand","Locale":"es_ES"},"Manufacturer":{"DisplayValue":"Bolilleando.com","Label":"Manufacturer","Locale":"es_ES"}},"Title":{"DisplayValue":"Varilla metalizada crudo con patrón de encaje de bolillos ref.7","Label":"Title","Locale":"es_ES"}},"Offers":{"Summaries":[{"Condition":{"Value":"New"},"LowestPrice":{"Amount":14.6,"Currency":"EUR","DisplayAmount":"14,60 €"}}]}},{"ASIN":"B01JIL2PTA","DetailPageURL":"https://www.amazon.es/dp/B01JIL2PTA?tag=topinalambricos-21&linkCode=osi&th=1&psc=1","Images":{"Primary":{"Small":{"Height":45,"URL":"https://m.media-amazon.com/images/I/31E+nMPhraL._SL75_.jpg","Width":75}}},"ItemInfo":{"ByLineInfo":{"Brand":{"DisplayValue":"Anchor","Label":"Brand","Locale":"es_ES"},"Manufacturer":{"DisplayValue":"MEZ","Label":"Manufacturer","Locale":"es_ES"}},"Title":{"DisplayValue":"Anchor Hilo De Encaje De Bolillos Encaje, Espesor: 30, Longitud: 500m 206, 3cm x 3cm x 7cm Verde menta 206","Label":"Title","Locale":"es_ES"}},"Offers":{"Summaries":[{"Condition":{"Value":"New"},"LowestPrice":{"Amount":8.0,"Currency":"EUR","DisplayAmount":"8,00 €"}}]}},{"ASIN":"B0BKL1DGXF","DetailPageURL":"https://www.amazon.es/dp/B0BKL1DGXF?tag=topinalambricos-21&linkCode=osi&th=1&psc=1","Images":{"Primary":{"Small":{"Height":75,"URL":"https://m.media-amazon.com/images/I/51MPLv1JVtL._SL75_.jpg","Width":66}}},"ItemInfo":{"ByLineInfo":{"Brand":{"DisplayValue":"Bolilleando.com","Label":"Brand","Locale":"es_ES"},"Manufacturer":{"DisplayValue":"Bolilleando.com","Label":"Manufacturer","Locale":"es_ES"}},"Title":{"DisplayValue":"Kit para hacer abanico de comunión de encaje de bolillos ref. Sipo 17","Label":"Title","Locale":"es_ES"}},"Offers":{"Summaries":[{"Condition":{"Value":"New"},"LowestPrice":{"Amount":34.5,"Currency":"EUR","DisplayAmount":"34,50 €"}}]}},{"ASIN":"B0BZDD7215","DetailPageURL":"https://www.amazon.es/dp/B0BZDD7215?tag=topinalambricos-21&linkCode=osi&th=1&psc=1","Images":{"Primary":{"Small":{"Height":67,"URL":"https://m.media-amazon.com/images/I/51MF4qQs76L._SL75_.jpg","Width":75}}},"ItemInfo":{"ByLineInfo":{"Brand":{"DisplayValue":"Bolilleando.com","Label":"Brand","Locale":"es_ES"},"Manufacturer":{"DisplayValue":"Bolilleando.com","Label":"Manufacturer","Locale":"es_ES"}},"Title":{"DisplayValue":"Varilla metalizada blanco con patrón de encaje de bolillos ref.7","Label":"Title","Locale":"es_ES"}},"Offers":{"Summaries":[{"Condition":{"Value":"New"},"LowestPrice":{"Amount":14.6,"Currency":"EUR","DisplayAmount":"14,60 €"}}]}}],"SearchURL":"https://www.amazon.es/s?k=bolillo&rh=n%3A4358484031%2Cp_n_availability%3A-1&tag=topinalambricos-21&linkCode=osi","TotalResultCount":196}},"113":{"SearchResult":{"Items":[{"ASIN":"B09NMG4KQY","DetailPageURL":"https://www.amazon.es/dp/B09NMG4KQY?tag=topinalambricos-21&linkCode=osi&th=1&psc=1","Images":{"Primary":{"Small":{"Height":65,"URL":"https://m.media-amazon.com/images/I/51yozsE+9YL._SL75_.jpg","Width":75}}},"ItemInfo":{"ByLineInfo":{"Brand":{"DisplayValue":"Bolilleando.com","Label":"Brand","Locale":"es_ES"},"Manufacturer":{"DisplayValue":"Bolilleando.com","Label":"Manufacturer","Locale":"es_ES"}},"Title":{"DisplayValue":"Varillas con patrón para encaje de bolillos (color blanco)","Label":"Title","Locale":"es_ES"}},"Offers":{"Summaries":[{"Condition":{"Value":"New"},"LowestPrice":{"Amount":12.0,"Currency":"EUR","DisplayAmount":"12,00 €"}}]}},{"ASIN":"B0BZDG9625","DetailPageURL":"https://www.amazon.es/dp/B0BZDG9625?tag=topinalambricos-21&linkCode=osi&th=1&psc=1","Images":{"Primary":{"Small":{"Height":62,"URL":"https://m.media-amazon.com/images/I/51Qesrmq6WL._SL75_.jpg","Width":75}}},"ItemInfo":{"ByLineInfo":{"Brand":{"DisplayValue":"Bolilleando.com","Label":"Brand","Locale":"es_ES"},"Manufacturer":{"DisplayValue":"Bolilleando.com","Label":"Manufacturer","Locale":"es_ES"}},"Title":{"DisplayValue":"Varilla metalizada rosa con patrón de encaje de bolillos ref.7","Label":"Title","Locale":"es_ES"}},"Offers":{"Summaries":[{"Condition":{"Value":"New"},"LowestPrice":{"Amount":14.6,"Currency":"EUR","DisplayAmount":"14,60 €"}}]}},{"ASIN":"B0BKL4CM3D","DetailPageURL":"https://www.amazon.es/dp/B0BKL4CM3D?tag=topinalambricos-21&linkCode=osi&th=1&psc=1","Images":{"Primary":{"Small":{"Height":66,"URL":"https://m.media-amazon.com/images/I/51dyl5GSKyL._SL75_.jpg","Width":75}}},"ItemInfo":{"ByLineInfo":{"Brand":{"DisplayValue":"Bolilleando.com","Label":"Brand","Locale":"es_ES"},"Manufacturer":{"DisplayValue":"Bolilleando.com","Label":"Manufacturer","Locale":"es_ES"}},"Title":{"DisplayValue":"Varilla metalizada oro con patrón de encaje de bolillos ref.7","Label":"Title","Locale":"es_ES"}},"Offers":{"Summaries":[{"Condition":{"Value":"New"},"LowestPrice":{"Amount":14.6,"Currency":"EUR","DisplayAmount":"14,60 €"}}]}},{"ASIN":"B01JIL2CT8","DetailPageURL":"https://www.amazon.es/dp/B01JIL2CT8?tag=topinalambricos-21&linkCode=osi&th=1&psc=1","Images":{"Primary":{"Small":{"Height":45,"URL":"https://m.media-amazon.com/images/I/312ltAUQjwL._SL75_.jpg","Width":75}}},"ItemInfo":{"ByLineInfo":{"Brand":{"DisplayValue":"Anchor","Label":"Brand","Locale":"es_ES"},"Manufacturer":{"DisplayValue":"MEZ","Label":"Manufacturer","Locale":"es_ES"}},"Title":{"DisplayValue":"Anchor Hilo De Encaje De Bolillos Encaje, Espesor: 20, Longitud: 500m 206, 3cm x 3cm x 7cm Verde menta 206","Label":"Title","Locale":"es_ES"}},"Offers":{"Summaries":[{"Condition":{"Value":"New"},"LowestPrice":{"Amount":8.0,"Currency":"EUR","DisplayAmount":"8,00 €"}}]}},{"ASIN":"B01I5J71SQ","DetailPageURL":"https://www.amazon.es/dp/B01I5J71SQ?tag=topinalambricos-21&linkCode=osi&th=1&psc=1","Images":{"Primary":{"Small":{"Height":46,"URL":"https://m.media-amazon.com/images/I/21B9-5jxY+L._SL75_.jpg","Width":75}}},"ItemInfo":{"ByLineInfo":{"Brand":{"DisplayValue":"Anchor","Label":"Brand","Locale":"es_ES"},"Manufacturer":{"DisplayValue":"MEZ","Label":"Manufacturer","Locale":"es_ES"}},"Title":{"DisplayValue":"Anchor Hilo De Encaje De Bolillos Encaje, Espesor: 40, Longitud: 900m 2, 4cm x 4cm x 7cm Blanco 2","Label":"Title","Locale":"es_ES"}},"Offers":{"Summaries":[{"Condition":{"Value":"New"},"LowestPrice":{"Amount":8.5,"Currency":"EUR","DisplayAmount":"8,50 € (0,01 € / metro)","PricePerUnit":0.01}}]}},{"ASIN":"B09963WZYC","DetailPageURL":"https://www.amazon.es/dp/B09963WZYC?tag=topinalambricos-21&linkCode=osi&th=1&psc=1","Images":{"Primary":{"Small":{"Height":49,"URL":"https://m.media-amazon.com/images/I/41WVhMd2mgS._SL75_.jpg","Width":75}}},"ItemInfo":{"ByLineInfo":{"Brand":{"DisplayValue":"Bolilleando.com","Label":"Brand","Locale":"es_ES"},"Manufacturer":{"DisplayValue":"Bolilleando.com","Label":"Manufacturer","Locale":"es_ES"}},"Title":{"DisplayValue":"Surtido de patrones para lazos de encaje de bolillos","Label":"Title","Locale":"es_ES"}},"Offers":{"Summaries":[{"Condition":{"Value":"New"},"LowestPrice":{"Amount":9.0,"Currency":"EUR","DisplayAmount":"9,00 €"}}]}},{"ASIN":"B0BZDG2WT8","DetailPageURL":"https://www.amazon.es/dp/B0BZDG2WT8?tag=topinalambricos-21&linkCode=osi&th=1&psc=1","Images":{"Primary":{"Small":{"Height":69,"URL":"https://m.media-amazon.com/images/I/51LN40xStHL._SL75_.jpg","Width":75}}},"ItemInfo":{"ByLineInfo":{"Brand":{"DisplayValue":"Bolilleando.com","Label":"Brand","Locale":"es_ES"},"Manufacturer":{"DisplayValue":"Bolilleando.com","Label":"Manufacturer","Locale":"es_ES"}},"Title":{"DisplayValue":"Varilla metalizada crudo con patrón de encaje de bolillos ref.7","Label":"Title","Locale":"es_ES"}},"Offers":{"Summaries":[{"Condition":{"Value":"New"},"LowestPrice":{"Amount":14.6,"Currency":"EUR","DisplayAmount":"14,60 €"}}]}},{"ASIN":"B01JIL2PTA","DetailPageURL":"https://www.amazon.es/dp/B01JIL2PTA?tag=topinalambricos-21&linkCode=osi&th=1&psc=1","Images":{"Primary":{"Small":{"Height":45,"URL":"https://m.media-amazon.com/images/I/31E+nMPhraL._SL75_.jpg","Width":75}}},"ItemInfo":{"ByLineInfo":{"Brand":{"DisplayValue":"Anchor","Label":"Brand","Locale":"es_ES"},"Manufacturer":{"DisplayValue":"MEZ","Label":"Manufacturer","Locale":"es_ES"}},"Title":{"DisplayValue":"Anchor Hilo De Encaje De Bolillos Encaje, Espesor: 30, Longitud: 500m 206, 3cm x 3cm x 7cm Verde menta 206","Label":"Title","Locale":"es_ES"}},"Offers":{"Summaries":[{"Condition":{"Value":"New"},"LowestPrice":{"Amount":8.0,"Currency":"EUR","DisplayAmount":"8,00 €"}}]}},{"ASIN":"B0BKL1DGXF","DetailPageURL":"https://www.amazon.es/dp/B0BKL1DGXF?tag=topinalambricos-21&linkCode=osi&th=1&psc=1","Images":{"Primary":{"Small":{"Height":75,"URL":"https://m.media-amazon.com/images/I/51MPLv1JVtL._SL75_.jpg","Width":66}}},"ItemInfo":{"ByLineInfo":{"Brand":{"DisplayValue":"Bolilleando.com","Label":"Brand","Locale":"es_ES"},"Manufacturer":{"DisplayValue":"Bolilleando.com","Label":"Manufacturer","Locale":"es_ES"}},"Title":{"DisplayValue":"Kit para hacer abanico de comunión de encaje de bolillos ref. Sipo 17","Label":"Title","Locale":"es_ES"}},"Offers":{"Summaries":[{"Condition":{"Value":"New"},"LowestPrice":{"Amount":34.5,"Currency":"EUR","DisplayAmount":"34,50 €"}}]}},{"ASIN":"B0BZDD7215","DetailPageURL":"https://www.amazon.es/dp/B0BZDD7215?tag=topinalambricos-21&linkCode=osi&th=1&psc=1","Images":{"Primary":{"Small":{"Height":67,"URL":"https://m.media-amazon.com/images/I/51MF4qQs76L._SL75_.jpg","Width":75}}},"ItemInfo":{"ByLineInfo":{"Brand":{"DisplayValue":"Bolilleando.com","Label":"Brand","Locale":"es_ES"},"Manufacturer":{"DisplayValue":"Bolilleando.com","Label":"Manufacturer","Locale":"es_ES"}},"Title":{"DisplayValue":"Varilla metalizada blanco con patrón de encaje de bolillos ref.7","Label":"Title","Locale":"es_ES"}},"Offers":{"Summaries":[{"Condition":{"Value":"New"},"LowestPrice":{"Amount":14.6,"Currency":"EUR","DisplayAmount":"14,60 €"}}]}}],"SearchURL":"https://www.amazon.es/s?k=bolillo&rh=n%3A4358484031%2Cp_n_availability%3A-1&tag=topinalambricos-21&linkCode=osi","TotalResultCount":196}},"114":{"SearchResult":{"Items":[{"ASIN":"B09NMG4KQY","DetailPageURL":"https://www.amazon.es/dp/B09NMG4KQY?tag=topinalambricos-21&linkCode=osi&th=1&psc=1","Images":{"Primary":{"Small":{"Height":65,"URL":"https://m.media-amazon.com/images/I/51yozsE+9YL._SL75_.jpg","Width":75}}},"ItemInfo":{"ByLineInfo":{"Brand":{"DisplayValue":"Bolilleando.com","Label":"Brand","Locale":"es_ES"},"Manufacturer":{"DisplayValue":"Bolilleando.com","Label":"Manufacturer","Locale":"es_ES"}},"Title":{"DisplayValue":"Varillas con patrón para encaje de bolillos (color blanco)","Label":"Title","Locale":"es_ES"}},"Offers":{"Summaries":[{"Condition":{"Value":"New"},"LowestPrice":{"Amount":12.0,"Currency":"EUR","DisplayAmount":"12,00 €"}}]}},{"ASIN":"B0BZDG9625","DetailPageURL":"https://www.amazon.es/dp/B0BZDG9625?tag=topinalambricos-21&linkCode=osi&th=1&psc=1","Images":{"Primary":{"Small":{"Height":62,"URL":"https://m.media-amazon.com/images/I/51Qesrmq6WL._SL75_.jpg","Width":75}}},"ItemInfo":{"ByLineInfo":{"Brand":{"DisplayValue":"Bolilleando.com","Label":"Brand","Locale":"es_ES"},"Manufacturer":{"DisplayValue":"Bolilleando.com","Label":"Manufacturer","Locale":"es_ES"}},"Title":{"DisplayValue":"Varilla metalizada rosa con patrón de encaje de bolillos ref.7","Label":"Title","Locale":"es_ES"}},"Offers":{"Summaries":[{"Condition":{"Value":"New"},"LowestPrice":{"Amount":14.6,"Currency":"EUR","DisplayAmount":"14,60 €"}}]}},{"ASIN":"B0BKL4CM3D","DetailPageURL":"https://www.amazon.es/dp/B0BKL4CM3D?tag=topinalambricos-21&linkCode=osi&th=1&psc=1","Images":{"Primary":{"Small":{"Height":66,"URL":"https://m.media-amazon.com/images/I/51dyl5GSKyL._SL75_.jpg","Width":75}}},"ItemInfo":{"ByLineInfo":{"Brand":{"DisplayValue":"Bolilleando.com","Label":"Brand","Locale":"es_ES"},"Manufacturer":{"DisplayValue":"Bolilleando.com","Label":"Manufacturer","Locale":"es_ES"}},"Title":{"DisplayValue":"Varilla metalizada oro con patrón de encaje de bolillos ref.7","Label":"Title","Locale":"es_ES"}},"Offers":{"Summaries":[{"Condition":{"Value":"New"},"LowestPrice":{"Amount":14.6,"Currency":"EUR","DisplayAmount":"14,60 €"}}]}},{"ASIN":"B01JIL2CT8","DetailPageURL":"https://www.amazon.es/dp/B01JIL2CT8?tag=topinalambricos-21&linkCode=osi&th=1&psc=1","Images":{"Primary":{"Small":{"Height":45,"URL":"https://m.media-amazon.com/images/I/312ltAUQjwL._SL75_.jpg","Width":75}}},"ItemInfo":{"ByLineInfo":{"Brand":{"DisplayValue":"Anchor","Label":"Brand","Locale":"es_ES"},"Manufacturer":{"DisplayValue":"MEZ","Label":"Manufacturer","Locale":"es_ES"}},"Title":{"DisplayValue":"Anchor Hilo De Encaje De Bolillos Encaje, Espesor: 20, Longitud: 500m 206, 3cm x 3cm x 7cm Verde menta 206","Label":"Title","Locale":"es_ES"}},"Offers":{"Summaries":[{"Condition":{"Value":"New"},"LowestPrice":{"Amount":8.0,"Currency":"EUR","DisplayAmount":"8,00 €"}}]}},{"ASIN":"B01I5J71SQ","DetailPageURL":"https://www.amazon.es/dp/B01I5J71SQ?tag=topinalambricos-21&linkCode=osi&th=1&psc=1","Images":{"Primary":{"Small":{"Height":46,"URL":"https://m.media-amazon.com/images/I/21B9-5jxY+L._SL75_.jpg","Width":75}}},"ItemInfo":{"ByLineInfo":{"Brand":{"DisplayValue":"Anchor","Label":"Brand","Locale":"es_ES"},"Manufacturer":{"DisplayValue":"MEZ","Label":"Manufacturer","Locale":"es_ES"}},"Title":{"DisplayValue":"Anchor Hilo De Encaje De Bolillos Encaje, Espesor: 40, Longitud: 900m 2, 4cm x 4cm x 7cm Blanco 2","Label":"Title","Locale":"es_ES"}},"Offers":{"Summaries":[{"Condition":{"Value":"New"},"LowestPrice":{"Amount":8.5,"Currency":"EUR","DisplayAmount":"8,50 € (0,01 € / metro)","PricePerUnit":0.01}}]}},{"ASIN":"B09963WZYC","DetailPageURL":"https://www.amazon.es/dp/B09963WZYC?tag=topinalambricos-21&linkCode=osi&th=1&psc=1","Images":{"Primary":{"Small":{"Height":49,"URL":"https://m.media-amazon.com/images/I/41WVhMd2mgS._SL75_.jpg","Width":75}}},"ItemInfo":{"ByLineInfo":{"Brand":{"DisplayValue":"Bolilleando.com","Label":"Brand","Locale":"es_ES"},"Manufacturer":{"DisplayValue":"Bolilleando.com","Label":"Manufacturer","Locale":"es_ES"}},"Title":{"DisplayValue":"Surtido de patrones para lazos de encaje de bolillos","Label":"Title","Locale":"es_ES"}},"Offers":{"Summaries":[{"Condition":{"Value":"New"},"LowestPrice":{"Amount":9.0,"Currency":"EUR","DisplayAmount":"9,00 €"}}]}},{"ASIN":"B0BZDG2WT8","DetailPageURL":"https://www.amazon.es/dp/B0BZDG2WT8?tag=topinalambricos-21&linkCode=osi&th=1&psc=1","Images":{"Primary":{"Small":{"Height":69,"URL":"https://m.media-amazon.com/images/I/51LN40xStHL._SL75_.jpg","Width":75}}},"ItemInfo":{"ByLineInfo":{"Brand":{"DisplayValue":"Bolilleando.com","Label":"Brand","Locale":"es_ES"},"Manufacturer":{"DisplayValue":"Bolilleando.com","Label":"Manufacturer","Locale":"es_ES"}},"Title":{"DisplayValue":"Varilla metalizada crudo con patrón de encaje de bolillos ref.7","Label":"Title","Locale":"es_ES"}},"Offers":{"Summaries":[{"Condition":{"Value":"New"},"LowestPrice":{"Amount":14.6,"Currency":"EUR","DisplayAmount":"14,60 €"}}]}},{"ASIN":"B01JIL2PTA","DetailPageURL":"https://www.amazon.es/dp/B01JIL2PTA?tag=topinalambricos-21&linkCode=osi&th=1&psc=1","Images":{"Primary":{"Small":{"Height":45,"URL":"https://m.media-amazon.com/images/I/31E+nMPhraL._SL75_.jpg","Width":75}}},"ItemInfo":{"ByLineInfo":{"Brand":{"DisplayValue":"Anchor","Label":"Brand","Locale":"es_ES"},"Manufacturer":{"DisplayValue":"MEZ","Label":"Manufacturer","Locale":"es_ES"}},"Title":{"DisplayValue":"Anchor Hilo De Encaje De Bolillos Encaje, Espesor: 30, Longitud: 500m 206, 3cm x 3cm x 7cm Verde menta 206","Label":"Title","Locale":"es_ES"}},"Offers":{"Summaries":[{"Condition":{"Value":"New"},"LowestPrice":{"Amount":8.0,"Currency":"EUR","DisplayAmount":"8,00 €"}}]}},{"ASIN":"B0BKL1DGXF","DetailPageURL":"https://www.amazon.es/dp/B0BKL1DGXF?tag=topinalambricos-21&linkCode=osi&th=1&psc=1","Images":{"Primary":{"Small":{"Height":75,"URL":"https://m.media-amazon.com/images/I/51MPLv1JVtL._SL75_.jpg","Width":66}}},"ItemInfo":{"ByLineInfo":{"Brand":{"DisplayValue":"Bolilleando.com","Label":"Brand","Locale":"es_ES"},"Manufacturer":{"DisplayValue":"Bolilleando.com","Label":"Manufacturer","Locale":"es_ES"}},"Title":{"DisplayValue":"Kit para hacer abanico de comunión de encaje de bolillos ref. Sipo 17","Label":"Title","Locale":"es_ES"}},"Offers":{"Summaries":[{"Condition":{"Value":"New"},"LowestPrice":{"Amount":34.5,"Currency":"EUR","DisplayAmount":"34,50 €"}}]}},{"ASIN":"B0BZDD7215","DetailPageURL":"https://www.amazon.es/dp/B0BZDD7215?tag=topinalambricos-21&linkCode=osi&th=1&psc=1","Images":{"Primary":{"Small":{"Height":67,"URL":"https://m.media-amazon.com/images/I/51MF4qQs76L._SL75_.jpg","Width":75}}},"ItemInfo":{"ByLineInfo":{"Brand":{"DisplayValue":"Bolilleando.com","Label":"Brand","Locale":"es_ES"},"Manufacturer":{"DisplayValue":"Bolilleando.com","Label":"Manufacturer","Locale":"es_ES"}},"Title":{"DisplayValue":"Varilla metalizada blanco con patrón de encaje de bolillos ref.7","Label":"Title","Locale":"es_ES"}},"Offers":{"Summaries":[{"Condition":{"Value":"New"},"LowestPrice":{"Amount":14.6,"Currency":"EUR","DisplayAmount":"14,60 €"}}]}}],"SearchURL":"https://www.amazon.es/s?k=bolillo&rh=n%3A4358484031%2Cp_n_availability%3A-1&tag=topinalambricos-21&linkCode=osi","TotalResultCount":196}}}