{"2":{"SearchResult":{"Items":[{"ASIN":"B07SL4WY1W","DetailPageURL":"https://www.amazon.es/dp/B07SL4WY1W?tag=topinalambricos-21&linkCode=osi&th=1&psc=1","Images":{"Primary":{"Small":{"Height":75,"URL":"https://m.media-amazon.com/images/I/4150jn7SysL._SL75_.jpg","Width":75}}},"ItemInfo":{"ByLineInfo":{"Brand":{"DisplayValue":"Maddox Detail","Label":"Brand","Locale":"es_ES"},"Manufacturer":{"DisplayValue":"Maddox Automoción SL","Label":"Manufacturer","Locale":"es_ES"}},"Title":{"DisplayValue":"Maddox Detail - Leather Detailer 500 ml | Limpiador y Acondicionador de Cuero | Limpieza Profunda para Coche y Sofá | Tratamiento de Piel | Elimina Suciedad y Manchas | Restaura Asientos","Label":"Title","Locale":"es_ES"}},"Offers":{"Summaries":[{"Condition":{"Value":"New"},"LowestPrice":{"Amount":12.9,"Currency":"EUR","DisplayAmount":"12,90 € (25,80 € / l)","PricePerUnit":25.8}}]}},{"ASIN":"B007DJ566O","DetailPageURL":"https://www.amazon.es/dp/B007DJ566O?tag=topinalambricos-21&linkCode=osi&th=1&psc=1","Images":{"Primary":{"Small":{"Height":75,"URL":"https://m.media-amazon.com/images/I/41Arv3FwqYL._SL75_.jpg","Width":75}}},"ItemInfo":{"ByLineInfo":{"Brand":{"DisplayValue":"DELARA","Label":"Brand","Locale":"es_ES"},"Manufacturer":{"DisplayValue":"DELARA","Label":"Manufacturer","Locale":"es_ES"}},"Title":{"DisplayValue":"DELARA Protector intensivo de cuero 100 ml, color: incoloro – Made in Germany","Label":"Title","Locale":"es_ES"}},"Offers":{"Summaries":[{"Condition":{"Value":"New"},"LowestPrice":{"Amount":10.99,"Currency":"EUR","DisplayAmount":"10,99 €"}}]}},{"ASIN":"B0BNZ6LN98","DetailPageURL":"https://www.amazon.es/dp/B0BNZ6LN98?tag=topinalambricos-21&linkCode=osi&th=1&psc=1","Images":{"Primary":{"Small":{"Height":75,"URL":"https://m.media-amazon.com/images/I/41FW8HzHpVL._SL75_.jpg","Width":75}}},"ItemInfo":{"ByLineInfo":{"Brand":{"DisplayValue":"GxDetail","Label":"Brand","Locale":"es_ES"},"Manufacturer":{"DisplayValue":"GxDetail","Label":"Manufacturer","Locale":"es_ES"}},"Title":{"DisplayValue":"GxDetail Limpiador de Cuero y Piel - Limpia, protege y ayuda a mantener las superficies nuevas - Limpiador de Asientos de coche de Cuero - Leather Cleaner (500 ml.)","Label":"Title","Locale":"es_ES"}},"Offers":{"Summaries":[{"Condition":{"Value":"New"},"LowestPrice":{"Amount":10.99,"Currency":"EUR","DisplayAmount":"10,99 € (21,98 € / l)","PricePerUnit":21.98}}]}},{"ASIN":"B07JWHH61W","DetailPageURL":"https://www.amazon.es/dp/B07JWHH61W?tag=topinalambricos-21&linkCode=osi&th=1&psc=1","Images":{"Primary":{"Small":{"Height":75,"URL":"https://m.media-amazon.com/images/I/51mbQkPkmeL._SL75_.jpg","Width":75}}},"ItemInfo":{"ByLineInfo":{"Brand":{"DisplayValue":"Maddox Detail","Label":"Brand","Locale":"es_ES"},"Manufacturer":{"DisplayValue":"Maddox Automoción","Label":"Manufacturer","Locale":"es_ES"}},"Title":{"DisplayValue":"Maddox Detail - Leather Care Kit 500ml | Limpiador y Acondicionador de Cuero y Piel | Incluye Microfibra | Kit Limpiador de Tapicería de Coche","Label":"Title","Locale":"es_ES"}},"Offers":{"Summaries":[{"Condition":{"Value":"New"},"LowestPrice":{"Amount":26.5,"Currency":"EUR","DisplayAmount":"26,50 € (26,50 € / l)","PricePerUnit":26.5}}]}},{"ASIN":"B07K9XPXF8","DetailPageURL":"https://www.amazon.es/dp/B07K9XPXF8?tag=topinalambricos-21&linkCode=osi&th=1&psc=1","Images":{"Primary":{"Small":{"Height":75,"URL":"https://m.media-amazon.com/images/I/41IdIjP7B3L._SL75_.jpg","Width":75}}},"ItemInfo":{"ByLineInfo":{"Brand":{"DisplayValue":"QM Cleaner","Label":"Brand","Locale":"es_ES"},"Manufacturer":{"DisplayValue":"QM Cleaner","Label":"Manufacturer","Locale":"es_ES"}},"Title":{"DisplayValue":"QM Cleaner Limpieza e hidratación Cuero. Cuidado y Limpieza de la tapicería del Coche, sillones Sofa de Cuero. Limpia e hidrata (Kit Leather)","Label":"Title","Locale":"es_ES"}},"Offers":{"Summaries":[{"Condition":{"Value":"New"},"LowestPrice":{"Amount":28.49,"Currency":"EUR","DisplayAmount":"28,49 €"}}]}},{"ASIN":"B0BHT8LCCP","DetailPageURL":"https://www.amazon.es/dp/B0BHT8LCCP?tag=topinalambricos-21&linkCode=osi&th=1&psc=1","Images":{"Primary":{"Small":{"Height":75,"URL":"https://m.media-amazon.com/images/I/31vFEUUo0OL._SL75_.jpg","Width":75}}},"ItemInfo":{"ByLineInfo":{"Brand":{"DisplayValue":"LAAV","Label":"Brand","Locale":"es_ES"},"Manufacturer":{"DisplayValue":"CSG Sp. z o.o.","Label":"Manufacturer","Locale":"es_ES"}},"Title":{"DisplayValue":"LAAV Limpiador Cuero Leather Cleaner (250 ml) I Elimina la Suciedad y Las Manchas, no Seca I Limpiador Tapiceria Coche I Producto de Limpieza Ecológico para Todos los Productos de Piel","Label":"Title","Locale":"es_ES"}},"Offers":{"Summaries":[{"Condition":{"Value":"New"},"LowestPrice":{"Amount":6.9,"Currency":"EUR","DisplayAmount":"6,90 € (27,60 € / l)","PricePerUnit":27.6}}]}},{"ASIN":"B074KKZVMF","DetailPageURL":"https://www.amazon.es/dp/B074KKZVMF?tag=topinalambricos-21&linkCode=osi&th=1&psc=1","Images":{"Primary":{"Small":{"Height":75,"URL":"https://m.media-amazon.com/images/I/410nKkuP99L._SL75_.jpg","Width":75}}},"ItemInfo":{"ByLineInfo":{"Brand":{"DisplayValue":"Maddox Detail","Label":"Brand","Locale":"es_ES"},"Manufacturer":{"DisplayValue":"Maddox Automocion Sl","Label":"Manufacturer","Locale":"es_ES"}},"Title":{"DisplayValue":"Maddox Detail - Leather Conditioner 500ml | Hidratante y Tratamiento Cuero Coche | Limpiador Asientos de Cuero y Piel, Negro","Label":"Title","Locale":"es_ES"}},"Offers":{"Summaries":[{"Condition":{"Value":"New"},"LowestPrice":{"Amount":14.9,"Currency":"EUR","DisplayAmount":"14,90 € (29,80 € / l)","PricePerUnit":29.8}}]}},{"ASIN":"B0BPN5PWY3","DetailPageURL":"https://www.amazon.es/dp/B0BPN5PWY3?tag=topinalambricos-21&linkCode=osi&th=1&psc=1","Images":{"Primary":{"Small":{"Height":75,"URL":"https://m.media-amazon.com/images/I/511GOk2abCL._SL75_.jpg","Width":75}}},"ItemInfo":{"ByLineInfo":{"Brand":{"DisplayValue":"GxDetail","Label":"Brand","Locale":"es_ES"},"Manufacturer":{"DisplayValue":"GxDetail","Label":"Manufacturer","Locale":"es_ES"}},"Title":{"DisplayValue":"GxDetail Pack Cuidado Cuero - Kit Limpieza e Hidratación para Cuero Coche Gx Detail - Kit Con Accesorios y Limpiador de Asientos de Cuero - Limpia Asientos Tapicerias Piel y Cuero de Coche...","Label":"Title","Locale":"es_ES"}},"Offers":{"Summaries":[{"Condition":{"Value":"New"},"LowestPrice":{"Amount":34.95,"Currency":"EUR","DisplayAmount":"34,95 € (34,95 € / l)","PricePerUnit":34.95}}]}},{"ASIN":"B005EBNZTI","DetailPageURL":"https://www.amazon.es/dp/B005EBNZTI?tag=topinalambricos-21&linkCode=osi&th=1&psc=1","Images":{"Primary":{"Small":{"Height":75,"URL":"https://m.media-amazon.com/images/I/41MKOfJ00uL._SL75_.jpg","Width":75}}},"ItemInfo":{"ByLineInfo":{"Brand":{"DisplayValue":"Renapur","Label":"Brand","Locale":"es_ES"},"Manufacturer":{"DisplayValue":"Renapur Ltd","Label":"Manufacturer","Locale":"es_ES"}},"Title":{"DisplayValue":"Bálsamo de cuero, bálsamo natural, acondicionador y restaurador Renapur (200ml + esponja aplicadora)","Label":"Title","Locale":"es_ES"}},"Offers":{"Summaries":[{"Condition":{"Value":"New"},"LowestPrice":{"Amount":17.5,"Currency":"EUR","DisplayAmount":"17,50 €"}}]}},{"ASIN":"B01M0E5OC6","DetailPageURL":"https://www.amazon.es/dp/B01M0E5OC6?tag=topinalambricos-21&linkCode=osi&th=1&psc=1","Images":{"Primary":{"Small":{"Height":75,"URL":"https://m.media-amazon.com/images/I/31aqST56JDL._SL75_.jpg","Width":75}}},"ItemInfo":{"ByLineInfo":{"Brand":{"DisplayValue":"QM Cleaner","Label":"Brand","Locale":"es_ES"},"Manufacturer":{"DisplayValue":"QM Cleaner","Label":"Manufacturer","Locale":"es_ES"}},"Title":{"DisplayValue":"QM Cleaner LEATHER | Limpiador para cuero, piel y polipiel - Ideal para sillones, tapicerías de vehículos y complementos (Bolsos, chaquetas...) - 500ml","Label":"Title","Locale":"es_ES"}},"Offers":{"Summaries":[{"Condition":{"Value":"New"},"LowestPrice":{"Amount":15.99,"Currency":"EUR","DisplayAmount":"15,99 €"}}]}}],"SearchURL":"https://www.amazon.es/s?k=limpiar+cuero&rh=n%3A2424866031%2Cp_n_availability%3A-1&tag=topinalambricos-21&linkCode=osi","TotalResultCount":743}},"3":{"SearchResult":{"Items":[{"ASIN":"B07SL4WY1W","DetailPageURL":"https://www.amazon.es/dp/B07SL4WY1W?tag=topinalambricos-21&linkCode=osi&th=1&psc=1","Images":{"Primary":{"Small":{"Height":75,"URL":"https://m.media-amazon.com/images/I/4150jn7SysL._SL75_.jpg","Width":75}}},"ItemInfo":{"ByLineInfo":{"Brand":{"DisplayValue":"Maddox Detail","Label":"Brand","Locale":"es_ES"},"Manufacturer":{"DisplayValue":"Maddox Automoción SL","Label":"Manufacturer","Locale":"es_ES"}},"Title":{"DisplayValue":"Maddox Detail - Leather Detailer 500 ml | Limpiador y Acondicionador de Cuero | Limpieza Profunda para Coche y Sofá | Tratamiento de Piel | Elimina Suciedad y Manchas | Restaura Asientos","Label":"Title","Locale":"es_ES"}},"Offers":{"Summaries":[{"Condition":{"Value":"New"},"LowestPrice":{"Amount":12.9,"Currency":"EUR","DisplayAmount":"12,90 € (25,80 € / l)","PricePerUnit":25.8}}]}},{"ASIN":"B007DJ566O","DetailPageURL":"https://www.amazon.es/dp/B007DJ566O?tag=topinalambricos-21&linkCode=osi&th=1&psc=1","Images":{"Primary":{"Small":{"Height":75,"URL":"https://m.media-amazon.com/images/I/41Arv3FwqYL._SL75_.jpg","Width":75}}},"ItemInfo":{"ByLineInfo":{"Brand":{"DisplayValue":"DELARA","Label":"Brand","Locale":"es_ES"},"Manufacturer":{"DisplayValue":"DELARA","Label":"Manufacturer","Locale":"es_ES"}},"Title":{"DisplayValue":"DELARA Protector intensivo de cuero 100 ml, color: incoloro – Made in Germany","Label":"Title","Locale":"es_ES"}},"Offers":{"Summaries":[{"Condition":{"Value":"New"},"LowestPrice":{"Amount":10.99,"Currency":"EUR","DisplayAmount":"10,99 €"}}]}},{"ASIN":"B0BNZ6LN98","DetailPageURL":"https://www.amazon.es/dp/B0BNZ6LN98?tag=topinalambricos-21&linkCode=osi&th=1&psc=1","Images":{"Primary":{"Small":{"Height":75,"URL":"https://m.media-amazon.com/images/I/41FW8HzHpVL._SL75_.jpg","Width":75}}},"ItemInfo":{"ByLineInfo":{"Brand":{"DisplayValue":"GxDetail","Label":"Brand","Locale":"es_ES"},"Manufacturer":{"DisplayValue":"GxDetail","Label":"Manufacturer","Locale":"es_ES"}},"Title":{"DisplayValue":"GxDetail Limpiador de Cuero y Piel - Limpia, protege y ayuda a mantener las superficies nuevas - Limpiador de Asientos de coche de Cuero - Leather Cleaner (500 ml.)","Label":"Title","Locale":"es_ES"}},"Offers":{"Summaries":[{"Condition":{"Value":"New"},"LowestPrice":{"Amount":10.99,"Currency":"EUR","DisplayAmount":"10,99 € (21,98 € / l)","PricePerUnit":21.98}}]}},{"ASIN":"B07JWHH61W","DetailPageURL":"https://www.amazon.es/dp/B07JWHH61W?tag=topinalambricos-21&linkCode=osi&th=1&psc=1","Images":{"Primary":{"Small":{"Height":75,"URL":"https://m.media-amazon.com/images/I/51mbQkPkmeL._SL75_.jpg","Width":75}}},"ItemInfo":{"ByLineInfo":{"Brand":{"DisplayValue":"Maddox Detail","Label":"Brand","Locale":"es_ES"},"Manufacturer":{"DisplayValue":"Maddox Automoción","Label":"Manufacturer","Locale":"es_ES"}},"Title":{"DisplayValue":"Maddox Detail - Leather Care Kit 500ml | Limpiador y Acondicionador de Cuero y Piel | Incluye Microfibra | Kit Limpiador de Tapicería de Coche","Label":"Title","Locale":"es_ES"}},"Offers":{"Summaries":[{"Condition":{"Value":"New"},"LowestPrice":{"Amount":26.5,"Currency":"EUR","DisplayAmount":"26,50 € (26,50 € / l)","PricePerUnit":26.5}}]}},{"ASIN":"B07K9XPXF8","DetailPageURL":"https://www.amazon.es/dp/B07K9XPXF8?tag=topinalambricos-21&linkCode=osi&th=1&psc=1","Images":{"Primary":{"Small":{"Height":75,"URL":"https://m.media-amazon.com/images/I/41IdIjP7B3L._SL75_.jpg","Width":75}}},"ItemInfo":{"ByLineInfo":{"Brand":{"DisplayValue":"QM Cleaner","Label":"Brand","Locale":"es_ES"},"Manufacturer":{"DisplayValue":"QM Cleaner","Label":"Manufacturer","Locale":"es_ES"}},"Title":{"DisplayValue":"QM Cleaner Limpieza e hidratación Cuero. Cuidado y Limpieza de la tapicería del Coche, sillones Sofa de Cuero. Limpia e hidrata (Kit Leather)","Label":"Title","Locale":"es_ES"}},"Offers":{"Summaries":[{"Condition":{"Value":"New"},"LowestPrice":{"Amount":28.49,"Currency":"EUR","DisplayAmount":"28,49 €"}}]}},{"ASIN":"B0BHT8LCCP","DetailPageURL":"https://www.amazon.es/dp/B0BHT8LCCP?tag=topinalambricos-21&linkCode=osi&th=1&psc=1","Images":{"Primary":{"Small":{"Height":75,"URL":"https://m.media-amazon.com/images/I/31vFEUUo0OL._SL75_.jpg","Width":75}}},"ItemInfo":{"ByLineInfo":{"Brand":{"DisplayValue":"LAAV","Label":"Brand","Locale":"es_ES"},"Manufacturer":{"DisplayValue":"CSG Sp. z o.o.","Label":"Manufacturer","Locale":"es_ES"}},"Title":{"DisplayValue":"LAAV Limpiador Cuero Leather Cleaner (250 ml) I Elimina la Suciedad y Las Manchas, no Seca I Limpiador Tapiceria Coche I Producto de Limpieza Ecológico para Todos los Productos de Piel","Label":"Title","Locale":"es_ES"}},"Offers":{"Summaries":[{"Condition":{"Value":"New"},"LowestPrice":{"Amount":6.9,"Currency":"EUR","DisplayAmount":"6,90 € (27,60 € / l)","PricePerUnit":27.6}}]}},{"ASIN":"B074KKZVMF","DetailPageURL":"https://www.amazon.es/dp/B074KKZVMF?tag=topinalambricos-21&linkCode=osi&th=1&psc=1","Images":{"Primary":{"Small":{"Height":75,"URL":"https://m.media-amazon.com/images/I/410nKkuP99L._SL75_.jpg","Width":75}}},"ItemInfo":{"ByLineInfo":{"Brand":{"DisplayValue":"Maddox Detail","Label":"Brand","Locale":"es_ES"},"Manufacturer":{"DisplayValue":"Maddox Automocion Sl","Label":"Manufacturer","Locale":"es_ES"}},"Title":{"DisplayValue":"Maddox Detail - Leather Conditioner 500ml | Hidratante y Tratamiento Cuero Coche | Limpiador Asientos de Cuero y Piel, Negro","Label":"Title","Locale":"es_ES"}},"Offers":{"Summaries":[{"Condition":{"Value":"New"},"LowestPrice":{"Amount":14.9,"Currency":"EUR","DisplayAmount":"14,90 € (29,80 € / l)","PricePerUnit":29.8}}]}},{"ASIN":"B0BPN5PWY3","DetailPageURL":"https://www.amazon.es/dp/B0BPN5PWY3?tag=topinalambricos-21&linkCode=osi&th=1&psc=1","Images":{"Primary":{"Small":{"Height":75,"URL":"https://m.media-amazon.com/images/I/511GOk2abCL._SL75_.jpg","Width":75}}},"ItemInfo":{"ByLineInfo":{"Brand":{"DisplayValue":"GxDetail","Label":"Brand","Locale":"es_ES"},"Manufacturer":{"DisplayValue":"GxDetail","Label":"Manufacturer","Locale":"es_ES"}},"Title":{"DisplayValue":"GxDetail Pack Cuidado Cuero - Kit Limpieza e Hidratación para Cuero Coche Gx Detail - Kit Con Accesorios y Limpiador de Asientos de Cuero - Limpia Asientos Tapicerias Piel y Cuero de Coche...","Label":"Title","Locale":"es_ES"}},"Offers":{"Summaries":[{"Condition":{"Value":"New"},"LowestPrice":{"Amount":34.95,"Currency":"EUR","DisplayAmount":"34,95 € (34,95 € / l)","PricePerUnit":34.95}}]}},{"ASIN":"B005EBNZTI","DetailPageURL":"https://www.amazon.es/dp/B005EBNZTI?tag=topinalambricos-21&linkCode=osi&th=1&psc=1","Images":{"Primary":{"Small":{"Height":75,"URL":"https://m.media-amazon.com/images/I/41MKOfJ00uL._SL75_.jpg","Width":75}}},"ItemInfo":{"ByLineInfo":{"Brand":{"DisplayValue":"Renapur","Label":"Brand","Locale":"es_ES"},"Manufacturer":{"DisplayValue":"Renapur Ltd","Label":"Manufacturer","Locale":"es_ES"}},"Title":{"DisplayValue":"Bálsamo de cuero, bálsamo natural, acondicionador y restaurador Renapur (200ml + esponja aplicadora)","Label":"Title","Locale":"es_ES"}},"Offers":{"Summaries":[{"Condition":{"Value":"New"},"LowestPrice":{"Amount":17.5,"Currency":"EUR","DisplayAmount":"17,50 €"}}]}},{"ASIN":"B01M0E5OC6","DetailPageURL":"https://www.amazon.es/dp/B01M0E5OC6?tag=topinalambricos-21&linkCode=osi&th=1&psc=1","Images":{"Primary":{"Small":{"Height":75,"URL":"https://m.media-amazon.com/images/I/31aqST56JDL._SL75_.jpg","Width":75}}},"ItemInfo":{"ByLineInfo":{"Brand":{"DisplayValue":"QM Cleaner","Label":"Brand","Locale":"es_ES"},"Manufacturer":{"DisplayValue":"QM Cleaner","Label":"Manufacturer","Locale":"es_ES"}},"Title":{"DisplayValue":"QM Cleaner LEATHER | Limpiador para cuero, piel y polipiel - Ideal para sillones, tapicerías de vehículos y complementos (Bolsos, chaquetas...) - 500ml","Label":"Title","Locale":"es_ES"}},"Offers":{"Summaries":[{"Condition":{"Value":"New"},"LowestPrice":{"Amount":15.99,"Currency":"EUR","DisplayAmount":"15,99 €"}}]}}],"SearchURL":"https://www.amazon.es/s?k=limpiar+cuero&rh=n%3A2424866031%2Cp_n_availability%3A-1&tag=topinalambricos-21&linkCode=osi","TotalResultCount":743}},"4":{"SearchResult":{"Items":[{"ASIN":"B07SL4WY1W","DetailPageURL":"https://www.amazon.es/dp/B07SL4WY1W?tag=topinalambricos-21&linkCode=osi&th=1&psc=1","Images":{"Primary":{"Small":{"Height":75,"URL":"https://m.media-amazon.com/images/I/4150jn7SysL._SL75_.jpg","Width":75}}},"ItemInfo":{"ByLineInfo":{"Brand":{"DisplayValue":"Maddox Detail","Label":"Brand","Locale":"es_ES"},"Manufacturer":{"DisplayValue":"Maddox Automoción SL","Label":"Manufacturer","Locale":"es_ES"}},"Title":{"DisplayValue":"Maddox Detail - Leather Detailer 500 ml | Limpiador y Acondicionador de Cuero | Limpieza Profunda para Coche y Sofá | Tratamiento de Piel | Elimina Suciedad y Manchas | Restaura Asientos","Label":"Title","Locale":"es_ES"}},"Offers":{"Summaries":[{"Condition":{"Value":"New"},"LowestPrice":{"Amount":12.9,"Currency":"EUR","DisplayAmount":"12,90 € (25,80 € / l)","PricePerUnit":25.8}}]}},{"ASIN":"B007DJ566O","DetailPageURL":"https://www.amazon.es/dp/B007DJ566O?tag=topinalambricos-21&linkCode=osi&th=1&psc=1","Images":{"Primary":{"Small":{"Height":75,"URL":"https://m.media-amazon.com/images/I/41Arv3FwqYL._SL75_.jpg","Width":75}}},"ItemInfo":{"ByLineInfo":{"Brand":{"DisplayValue":"DELARA","Label":"Brand","Locale":"es_ES"},"Manufacturer":{"DisplayValue":"DELARA","Label":"Manufacturer","Locale":"es_ES"}},"Title":{"DisplayValue":"DELARA Protector intensivo de cuero 100 ml, color: incoloro – Made in Germany","Label":"Title","Locale":"es_ES"}},"Offers":{"Summaries":[{"Condition":{"Value":"New"},"LowestPrice":{"Amount":10.99,"Currency":"EUR","DisplayAmount":"10,99 €"}}]}},{"ASIN":"B0BNZ6LN98","DetailPageURL":"https://www.amazon.es/dp/B0BNZ6LN98?tag=topinalambricos-21&linkCode=osi&th=1&psc=1","Images":{"Primary":{"Small":{"Height":75,"URL":"https://m.media-amazon.com/images/I/41FW8HzHpVL._SL75_.jpg","Width":75}}},"ItemInfo":{"ByLineInfo":{"Brand":{"DisplayValue":"GxDetail","Label":"Brand","Locale":"es_ES"},"Manufacturer":{"DisplayValue":"GxDetail","Label":"Manufacturer","Locale":"es_ES"}},"Title":{"DisplayValue":"GxDetail Limpiador de Cuero y Piel - Limpia, protege y ayuda a mantener las superficies nuevas - Limpiador de Asientos de coche de Cuero - Leather Cleaner (500 ml.)","Label":"Title","Locale":"es_ES"}},"Offers":{"Summaries":[{"Condition":{"Value":"New"},"LowestPrice":{"Amount":10.99,"Currency":"EUR","DisplayAmount":"10,99 € (21,98 € / l)","PricePerUnit":21.98}}]}},{"ASIN":"B07JWHH61W","DetailPageURL":"https://www.amazon.es/dp/B07JWHH61W?tag=topinalambricos-21&linkCode=osi&th=1&psc=1","Images":{"Primary":{"Small":{"Height":75,"URL":"https://m.media-amazon.com/images/I/51mbQkPkmeL._SL75_.jpg","Width":75}}},"ItemInfo":{"ByLineInfo":{"Brand":{"DisplayValue":"Maddox Detail","Label":"Brand","Locale":"es_ES"},"Manufacturer":{"DisplayValue":"Maddox Automoción","Label":"Manufacturer","Locale":"es_ES"}},"Title":{"DisplayValue":"Maddox Detail - Leather Care Kit 500ml | Limpiador y Acondicionador de Cuero y Piel | Incluye Microfibra | Kit Limpiador de Tapicería de Coche","Label":"Title","Locale":"es_ES"}},"Offers":{"Summaries":[{"Condition":{"Value":"New"},"LowestPrice":{"Amount":26.5,"Currency":"EUR","DisplayAmount":"26,50 € (26,50 € / l)","PricePerUnit":26.5}}]}},{"ASIN":"B07K9XPXF8","DetailPageURL":"https://www.amazon.es/dp/B07K9XPXF8?tag=topinalambricos-21&linkCode=osi&th=1&psc=1","Images":{"Primary":{"Small":{"Height":75,"URL":"https://m.media-amazon.com/images/I/41IdIjP7B3L._SL75_.jpg","Width":75}}},"ItemInfo":{"ByLineInfo":{"Brand":{"DisplayValue":"QM Cleaner","Label":"Brand","Locale":"es_ES"},"Manufacturer":{"DisplayValue":"QM Cleaner","Label":"Manufacturer","Locale":"es_ES"}},"Title":{"DisplayValue":"QM Cleaner Limpieza e hidratación Cuero. Cuidado y Limpieza de la tapicería del Coche, sillones Sofa de Cuero. Limpia e hidrata (Kit Leather)","Label":"Title","Locale":"es_ES"}},"Offers":{"Summaries":[{"Condition":{"Value":"New"},"LowestPrice":{"Amount":28.49,"Currency":"EUR","DisplayAmount":"28,49 €"}}]}},{"ASIN":"B0BHT8LCCP","DetailPageURL":"https://www.amazon.es/dp/B0BHT8LCCP?tag=topinalambricos-21&linkCode=osi&th=1&psc=1","Images":{"Primary":{"Small":{"Height":75,"URL":"https://m.media-amazon.com/images/I/31vFEUUo0OL._SL75_.jpg","Width":75}}},"ItemInfo":{"ByLineInfo":{"Brand":{"DisplayValue":"LAAV","Label":"Brand","Locale":"es_ES"},"Manufacturer":{"DisplayValue":"CSG Sp. z o.o.","Label":"Manufacturer","Locale":"es_ES"}},"Title":{"DisplayValue":"LAAV Limpiador Cuero Leather Cleaner (250 ml) I Elimina la Suciedad y Las Manchas, no Seca I Limpiador Tapiceria Coche I Producto de Limpieza Ecológico para Todos los Productos de Piel","Label":"Title","Locale":"es_ES"}},"Offers":{"Summaries":[{"Condition":{"Value":"New"},"LowestPrice":{"Amount":6.9,"Currency":"EUR","DisplayAmount":"6,90 € (27,60 € / l)","PricePerUnit":27.6}}]}},{"ASIN":"B074KKZVMF","DetailPageURL":"https://www.amazon.es/dp/B074KKZVMF?tag=topinalambricos-21&linkCode=osi&th=1&psc=1","Images":{"Primary":{"Small":{"Height":75,"URL":"https://m.media-amazon.com/images/I/410nKkuP99L._SL75_.jpg","Width":75}}},"ItemInfo":{"ByLineInfo":{"Brand":{"DisplayValue":"Maddox Detail","Label":"Brand","Locale":"es_ES"},"Manufacturer":{"DisplayValue":"Maddox Automocion Sl","Label":"Manufacturer","Locale":"es_ES"}},"Title":{"DisplayValue":"Maddox Detail - Leather Conditioner 500ml | Hidratante y Tratamiento Cuero Coche | Limpiador Asientos de Cuero y Piel, Negro","Label":"Title","Locale":"es_ES"}},"Offers":{"Summaries":[{"Condition":{"Value":"New"},"LowestPrice":{"Amount":14.9,"Currency":"EUR","DisplayAmount":"14,90 € (29,80 € / l)","PricePerUnit":29.8}}]}},{"ASIN":"B0BPN5PWY3","DetailPageURL":"https://www.amazon.es/dp/B0BPN5PWY3?tag=topinalambricos-21&linkCode=osi&th=1&psc=1","Images":{"Primary":{"Small":{"Height":75,"URL":"https://m.media-amazon.com/images/I/511GOk2abCL._SL75_.jpg","Width":75}}},"ItemInfo":{"ByLineInfo":{"Brand":{"DisplayValue":"GxDetail","Label":"Brand","Locale":"es_ES"},"Manufacturer":{"DisplayValue":"GxDetail","Label":"Manufacturer","Locale":"es_ES"}},"Title":{"DisplayValue":"GxDetail Pack Cuidado Cuero - Kit Limpieza e Hidratación para Cuero Coche Gx Detail - Kit Con Accesorios y Limpiador de Asientos de Cuero - Limpia Asientos Tapicerias Piel y Cuero de Coche...","Label":"Title","Locale":"es_ES"}},"Offers":{"Summaries":[{"Condition":{"Value":"New"},"LowestPrice":{"Amount":34.95,"Currency":"EUR","DisplayAmount":"34,95 € (34,95 € / l)","PricePerUnit":34.95}}]}},{"ASIN":"B005EBNZTI","DetailPageURL":"https://www.amazon.es/dp/B005EBNZTI?tag=topinalambricos-21&linkCode=osi&th=1&psc=1","Images":{"Primary":{"Small":{"Height":75,"URL":"https://m.media-amazon.com/images/I/41MKOfJ00uL._SL75_.jpg","Width":75}}},"ItemInfo":{"ByLineInfo":{"Brand":{"DisplayValue":"Renapur","Label":"Brand","Locale":"es_ES"},"Manufacturer":{"DisplayValue":"Renapur Ltd","Label":"Manufacturer","Locale":"es_ES"}},"Title":{"DisplayValue":"Bálsamo de cuero, bálsamo natural, acondicionador y restaurador Renapur (200ml + esponja aplicadora)","Label":"Title","Locale":"es_ES"}},"Offers":{"Summaries":[{"Condition":{"Value":"New"},"LowestPrice":{"Amount":17.5,"Currency":"EUR","DisplayAmount":"17,50 €"}}]}},{"ASIN":"B01M0E5OC6","DetailPageURL":"https://www.amazon.es/dp/B01M0E5OC6?tag=topinalambricos-21&linkCode=osi&th=1&psc=1","Images":{"Primary":{"Small":{"Height":75,"URL":"https://m.media-amazon.com/images/I/31aqST56JDL._SL75_.jpg","Width":75}}},"ItemInfo":{"ByLineInfo":{"Brand":{"DisplayValue":"QM Cleaner","Label":"Brand","Locale":"es_ES"},"Manufacturer":{"DisplayValue":"QM Cleaner","Label":"Manufacturer","Locale":"es_ES"}},"Title":{"DisplayValue":"QM Cleaner LEATHER | Limpiador para cuero, piel y polipiel - Ideal para sillones, tapicerías de vehículos y complementos (Bolsos, chaquetas...) - 500ml","Label":"Title","Locale":"es_ES"}},"Offers":{"Summaries":[{"Condition":{"Value":"New"},"LowestPrice":{"Amount":15.99,"Currency":"EUR","DisplayAmount":"15,99 €"}}]}}],"SearchURL":"https://www.amazon.es/s?k=limpiar+cuero&rh=n%3A2424866031%2Cp_n_availability%3A-1&tag=topinalambricos-21&linkCode=osi","TotalResultCount":743}},"5":{"SearchResult":{"Items":[{"ASIN":"B07SL4WY1W","DetailPageURL":"https://www.amazon.es/dp/B07SL4WY1W?tag=topinalambricos-21&linkCode=osi&th=1&psc=1","Images":{"Primary":{"Small":{"Height":75,"URL":"https://m.media-amazon.com/images/I/4150jn7SysL._SL75_.jpg","Width":75}}},"ItemInfo":{"ByLineInfo":{"Brand":{"DisplayValue":"Maddox Detail","Label":"Brand","Locale":"es_ES"},"Manufacturer":{"DisplayValue":"Maddox Automoción SL","Label":"Manufacturer","Locale":"es_ES"}},"Title":{"DisplayValue":"Maddox Detail - Leather Detailer 500 ml | Limpiador y Acondicionador de Cuero | Limpieza Profunda para Coche y Sofá | Tratamiento de Piel | Elimina Suciedad y Manchas | Restaura Asientos","Label":"Title","Locale":"es_ES"}},"Offers":{"Summaries":[{"Condition":{"Value":"New"},"LowestPrice":{"Amount":12.9,"Currency":"EUR","DisplayAmount":"12,90 € (25,80 € / l)","PricePerUnit":25.8}}]}},{"ASIN":"B007DJ566O","DetailPageURL":"https://www.amazon.es/dp/B007DJ566O?tag=topinalambricos-21&linkCode=osi&th=1&psc=1","Images":{"Primary":{"Small":{"Height":75,"URL":"https://m.media-amazon.com/images/I/41Arv3FwqYL._SL75_.jpg","Width":75}}},"ItemInfo":{"ByLineInfo":{"Brand":{"DisplayValue":"DELARA","Label":"Brand","Locale":"es_ES"},"Manufacturer":{"DisplayValue":"DELARA","Label":"Manufacturer","Locale":"es_ES"}},"Title":{"DisplayValue":"DELARA Protector intensivo de cuero 100 ml, color: incoloro – Made in Germany","Label":"Title","Locale":"es_ES"}},"Offers":{"Summaries":[{"Condition":{"Value":"New"},"LowestPrice":{"Amount":10.99,"Currency":"EUR","DisplayAmount":"10,99 €"}}]}},{"ASIN":"B0BNZ6LN98","DetailPageURL":"https://www.amazon.es/dp/B0BNZ6LN98?tag=topinalambricos-21&linkCode=osi&th=1&psc=1","Images":{"Primary":{"Small":{"Height":75,"URL":"https://m.media-amazon.com/images/I/41FW8HzHpVL._SL75_.jpg","Width":75}}},"ItemInfo":{"ByLineInfo":{"Brand":{"DisplayValue":"GxDetail","Label":"Brand","Locale":"es_ES"},"Manufacturer":{"DisplayValue":"GxDetail","Label":"Manufacturer","Locale":"es_ES"}},"Title":{"DisplayValue":"GxDetail Limpiador de Cuero y Piel - Limpia, protege y ayuda a mantener las superficies nuevas - Limpiador de Asientos de coche de Cuero - Leather Cleaner (500 ml.)","Label":"Title","Locale":"es_ES"}},"Offers":{"Summaries":[{"Condition":{"Value":"New"},"LowestPrice":{"Amount":10.99,"Currency":"EUR","DisplayAmount":"10,99 € (21,98 € / l)","PricePerUnit":21.98}}]}},{"ASIN":"B07JWHH61W","DetailPageURL":"https://www.amazon.es/dp/B07JWHH61W?tag=topinalambricos-21&linkCode=osi&th=1&psc=1","Images":{"Primary":{"Small":{"Height":75,"URL":"https://m.media-amazon.com/images/I/51mbQkPkmeL._SL75_.jpg","Width":75}}},"ItemInfo":{"ByLineInfo":{"Brand":{"DisplayValue":"Maddox Detail","Label":"Brand","Locale":"es_ES"},"Manufacturer":{"DisplayValue":"Maddox Automoción","Label":"Manufacturer","Locale":"es_ES"}},"Title":{"DisplayValue":"Maddox Detail - Leather Care Kit 500ml | Limpiador y Acondicionador de Cuero y Piel | Incluye Microfibra | Kit Limpiador de Tapicería de Coche","Label":"Title","Locale":"es_ES"}},"Offers":{"Summaries":[{"Condition":{"Value":"New"},"LowestPrice":{"Amount":26.5,"Currency":"EUR","DisplayAmount":"26,50 € (26,50 € / l)","PricePerUnit":26.5}}]}},{"ASIN":"B07K9XPXF8","DetailPageURL":"https://www.amazon.es/dp/B07K9XPXF8?tag=topinalambricos-21&linkCode=osi&th=1&psc=1","Images":{"Primary":{"Small":{"Height":75,"URL":"https://m.media-amazon.com/images/I/41IdIjP7B3L._SL75_.jpg","Width":75}}},"ItemInfo":{"ByLineInfo":{"Brand":{"DisplayValue":"QM Cleaner","Label":"Brand","Locale":"es_ES"},"Manufacturer":{"DisplayValue":"QM Cleaner","Label":"Manufacturer","Locale":"es_ES"}},"Title":{"DisplayValue":"QM Cleaner Limpieza e hidratación Cuero. Cuidado y Limpieza de la tapicería del Coche, sillones Sofa de Cuero. Limpia e hidrata (Kit Leather)","Label":"Title","Locale":"es_ES"}},"Offers":{"Summaries":[{"Condition":{"Value":"New"},"LowestPrice":{"Amount":28.49,"Currency":"EUR","DisplayAmount":"28,49 €"}}]}},{"ASIN":"B0BHT8LCCP","DetailPageURL":"https://www.amazon.es/dp/B0BHT8LCCP?tag=topinalambricos-21&linkCode=osi&th=1&psc=1","Images":{"Primary":{"Small":{"Height":75,"URL":"https://m.media-amazon.com/images/I/31vFEUUo0OL._SL75_.jpg","Width":75}}},"ItemInfo":{"ByLineInfo":{"Brand":{"DisplayValue":"LAAV","Label":"Brand","Locale":"es_ES"},"Manufacturer":{"DisplayValue":"CSG Sp. z o.o.","Label":"Manufacturer","Locale":"es_ES"}},"Title":{"DisplayValue":"LAAV Limpiador Cuero Leather Cleaner (250 ml) I Elimina la Suciedad y Las Manchas, no Seca I Limpiador Tapiceria Coche I Producto de Limpieza Ecológico para Todos los Productos de Piel","Label":"Title","Locale":"es_ES"}},"Offers":{"Summaries":[{"Condition":{"Value":"New"},"LowestPrice":{"Amount":6.9,"Currency":"EUR","DisplayAmount":"6,90 € (27,60 € / l)","PricePerUnit":27.6}}]}},{"ASIN":"B074KKZVMF","DetailPageURL":"https://www.amazon.es/dp/B074KKZVMF?tag=topinalambricos-21&linkCode=osi&th=1&psc=1","Images":{"Primary":{"Small":{"Height":75,"URL":"https://m.media-amazon.com/images/I/410nKkuP99L._SL75_.jpg","Width":75}}},"ItemInfo":{"ByLineInfo":{"Brand":{"DisplayValue":"Maddox Detail","Label":"Brand","Locale":"es_ES"},"Manufacturer":{"DisplayValue":"Maddox Automocion Sl","Label":"Manufacturer","Locale":"es_ES"}},"Title":{"DisplayValue":"Maddox Detail - Leather Conditioner 500ml | Hidratante y Tratamiento Cuero Coche | Limpiador Asientos de Cuero y Piel, Negro","Label":"Title","Locale":"es_ES"}},"Offers":{"Summaries":[{"Condition":{"Value":"New"},"LowestPrice":{"Amount":14.9,"Currency":"EUR","DisplayAmount":"14,90 € (29,80 € / l)","PricePerUnit":29.8}}]}},{"ASIN":"B0BPN5PWY3","DetailPageURL":"https://www.amazon.es/dp/B0BPN5PWY3?tag=topinalambricos-21&linkCode=osi&th=1&psc=1","Images":{"Primary":{"Small":{"Height":75,"URL":"https://m.media-amazon.com/images/I/511GOk2abCL._SL75_.jpg","Width":75}}},"ItemInfo":{"ByLineInfo":{"Brand":{"DisplayValue":"GxDetail","Label":"Brand","Locale":"es_ES"},"Manufacturer":{"DisplayValue":"GxDetail","Label":"Manufacturer","Locale":"es_ES"}},"Title":{"DisplayValue":"GxDetail Pack Cuidado Cuero - Kit Limpieza e Hidratación para Cuero Coche Gx Detail - Kit Con Accesorios y Limpiador de Asientos de Cuero - Limpia Asientos Tapicerias Piel y Cuero de Coche...","Label":"Title","Locale":"es_ES"}},"Offers":{"Summaries":[{"Condition":{"Value":"New"},"LowestPrice":{"Amount":34.95,"Currency":"EUR","DisplayAmount":"34,95 € (34,95 € / l)","PricePerUnit":34.95}}]}},{"ASIN":"B005EBNZTI","DetailPageURL":"https://www.amazon.es/dp/B005EBNZTI?tag=topinalambricos-21&linkCode=osi&th=1&psc=1","Images":{"Primary":{"Small":{"Height":75,"URL":"https://m.media-amazon.com/images/I/41MKOfJ00uL._SL75_.jpg","Width":75}}},"ItemInfo":{"ByLineInfo":{"Brand":{"DisplayValue":"Renapur","Label":"Brand","Locale":"es_ES"},"Manufacturer":{"DisplayValue":"Renapur Ltd","Label":"Manufacturer","Locale":"es_ES"}},"Title":{"DisplayValue":"Bálsamo de cuero, bálsamo natural, acondicionador y restaurador Renapur (200ml + esponja aplicadora)","Label":"Title","Locale":"es_ES"}},"Offers":{"Summaries":[{"Condition":{"Value":"New"},"LowestPrice":{"Amount":17.5,"Currency":"EUR","DisplayAmount":"17,50 €"}}]}},{"ASIN":"B01M0E5OC6","DetailPageURL":"https://www.amazon.es/dp/B01M0E5OC6?tag=topinalambricos-21&linkCode=osi&th=1&psc=1","Images":{"Primary":{"Small":{"Height":75,"URL":"https://m.media-amazon.com/images/I/31aqST56JDL._SL75_.jpg","Width":75}}},"ItemInfo":{"ByLineInfo":{"Brand":{"DisplayValue":"QM Cleaner","Label":"Brand","Locale":"es_ES"},"Manufacturer":{"DisplayValue":"QM Cleaner","Label":"Manufacturer","Locale":"es_ES"}},"Title":{"DisplayValue":"QM Cleaner LEATHER | Limpiador para cuero, piel y polipiel - Ideal para sillones, tapicerías de vehículos y complementos (Bolsos, chaquetas...) - 500ml","Label":"Title","Locale":"es_ES"}},"Offers":{"Summaries":[{"Condition":{"Value":"New"},"LowestPrice":{"Amount":15.99,"Currency":"EUR","DisplayAmount":"15,99 €"}}]}}],"SearchURL":"https://www.amazon.es/s?k=limpiar+cuero&rh=n%3A2424866031%2Cp_n_availability%3A-1&tag=topinalambricos-21&linkCode=osi","TotalResultCount":743}},"6":{"SearchResult":{"Items":[{"ASIN":"B07SL4WY1W","DetailPageURL":"https://www.amazon.es/dp/B07SL4WY1W?tag=topinalambricos-21&linkCode=osi&th=1&psc=1","Images":{"Primary":{"Small":{"Height":75,"URL":"https://m.media-amazon.com/images/I/4150jn7SysL._SL75_.jpg","Width":75}}},"ItemInfo":{"ByLineInfo":{"Brand":{"DisplayValue":"Maddox Detail","Label":"Brand","Locale":"es_ES"},"Manufacturer":{"DisplayValue":"Maddox Automoción SL","Label":"Manufacturer","Locale":"es_ES"}},"Title":{"DisplayValue":"Maddox Detail - Leather Detailer 500 ml | Limpiador y Acondicionador de Cuero | Limpieza Profunda para Coche y Sofá | Tratamiento de Piel | Elimina Suciedad y Manchas | Restaura Asientos","Label":"Title","Locale":"es_ES"}},"Offers":{"Summaries":[{"Condition":{"Value":"New"},"LowestPrice":{"Amount":12.9,"Currency":"EUR","DisplayAmount":"12,90 € (25,80 € / l)","PricePerUnit":25.8}}]}},{"ASIN":"B007DJ566O","DetailPageURL":"https://www.amazon.es/dp/B007DJ566O?tag=topinalambricos-21&linkCode=osi&th=1&psc=1","Images":{"Primary":{"Small":{"Height":75,"URL":"https://m.media-amazon.com/images/I/41Arv3FwqYL._SL75_.jpg","Width":75}}},"ItemInfo":{"ByLineInfo":{"Brand":{"DisplayValue":"DELARA","Label":"Brand","Locale":"es_ES"},"Manufacturer":{"DisplayValue":"DELARA","Label":"Manufacturer","Locale":"es_ES"}},"Title":{"DisplayValue":"DELARA Protector intensivo de cuero 100 ml, color: incoloro – Made in Germany","Label":"Title","Locale":"es_ES"}},"Offers":{"Summaries":[{"Condition":{"Value":"New"},"LowestPrice":{"Amount":10.99,"Currency":"EUR","DisplayAmount":"10,99 €"}}]}},{"ASIN":"B0BNZ6LN98","DetailPageURL":"https://www.amazon.es/dp/B0BNZ6LN98?tag=topinalambricos-21&linkCode=osi&th=1&psc=1","Images":{"Primary":{"Small":{"Height":75,"URL":"https://m.media-amazon.com/images/I/41FW8HzHpVL._SL75_.jpg","Width":75}}},"ItemInfo":{"ByLineInfo":{"Brand":{"DisplayValue":"GxDetail","Label":"Brand","Locale":"es_ES"},"Manufacturer":{"DisplayValue":"GxDetail","Label":"Manufacturer","Locale":"es_ES"}},"Title":{"DisplayValue":"GxDetail Limpiador de Cuero y Piel - Limpia, protege y ayuda a mantener las superficies nuevas - Limpiador de Asientos de coche de Cuero - Leather Cleaner (500 ml.)","Label":"Title","Locale":"es_ES"}},"Offers":{"Summaries":[{"Condition":{"Value":"New"},"LowestPrice":{"Amount":10.99,"Currency":"EUR","DisplayAmount":"10,99 € (21,98 € / l)","PricePerUnit":21.98}}]}},{"ASIN":"B07JWHH61W","DetailPageURL":"https://www.amazon.es/dp/B07JWHH61W?tag=topinalambricos-21&linkCode=osi&th=1&psc=1","Images":{"Primary":{"Small":{"Height":75,"URL":"https://m.media-amazon.com/images/I/51mbQkPkmeL._SL75_.jpg","Width":75}}},"ItemInfo":{"ByLineInfo":{"Brand":{"DisplayValue":"Maddox Detail","Label":"Brand","Locale":"es_ES"},"Manufacturer":{"DisplayValue":"Maddox Automoción","Label":"Manufacturer","Locale":"es_ES"}},"Title":{"DisplayValue":"Maddox Detail - Leather Care Kit 500ml | Limpiador y Acondicionador de Cuero y Piel | Incluye Microfibra | Kit Limpiador de Tapicería de Coche","Label":"Title","Locale":"es_ES"}},"Offers":{"Summaries":[{"Condition":{"Value":"New"},"LowestPrice":{"Amount":26.5,"Currency":"EUR","DisplayAmount":"26,50 € (26,50 € / l)","PricePerUnit":26.5}}]}},{"ASIN":"B07K9XPXF8","DetailPageURL":"https://www.amazon.es/dp/B07K9XPXF8?tag=topinalambricos-21&linkCode=osi&th=1&psc=1","Images":{"Primary":{"Small":{"Height":75,"URL":"https://m.media-amazon.com/images/I/41IdIjP7B3L._SL75_.jpg","Width":75}}},"ItemInfo":{"ByLineInfo":{"Brand":{"DisplayValue":"QM Cleaner","Label":"Brand","Locale":"es_ES"},"Manufacturer":{"DisplayValue":"QM Cleaner","Label":"Manufacturer","Locale":"es_ES"}},"Title":{"DisplayValue":"QM Cleaner Limpieza e hidratación Cuero. Cuidado y Limpieza de la tapicería del Coche, sillones Sofa de Cuero. Limpia e hidrata (Kit Leather)","Label":"Title","Locale":"es_ES"}},"Offers":{"Summaries":[{"Condition":{"Value":"New"},"LowestPrice":{"Amount":28.49,"Currency":"EUR","DisplayAmount":"28,49 €"}}]}},{"ASIN":"B0BHT8LCCP","DetailPageURL":"https://www.amazon.es/dp/B0BHT8LCCP?tag=topinalambricos-21&linkCode=osi&th=1&psc=1","Images":{"Primary":{"Small":{"Height":75,"URL":"https://m.media-amazon.com/images/I/31vFEUUo0OL._SL75_.jpg","Width":75}}},"ItemInfo":{"ByLineInfo":{"Brand":{"DisplayValue":"LAAV","Label":"Brand","Locale":"es_ES"},"Manufacturer":{"DisplayValue":"CSG Sp. z o.o.","Label":"Manufacturer","Locale":"es_ES"}},"Title":{"DisplayValue":"LAAV Limpiador Cuero Leather Cleaner (250 ml) I Elimina la Suciedad y Las Manchas, no Seca I Limpiador Tapiceria Coche I Producto de Limpieza Ecológico para Todos los Productos de Piel","Label":"Title","Locale":"es_ES"}},"Offers":{"Summaries":[{"Condition":{"Value":"New"},"LowestPrice":{"Amount":6.9,"Currency":"EUR","DisplayAmount":"6,90 € (27,60 € / l)","PricePerUnit":27.6}}]}},{"ASIN":"B074KKZVMF","DetailPageURL":"https://www.amazon.es/dp/B074KKZVMF?tag=topinalambricos-21&linkCode=osi&th=1&psc=1","Images":{"Primary":{"Small":{"Height":75,"URL":"https://m.media-amazon.com/images/I/410nKkuP99L._SL75_.jpg","Width":75}}},"ItemInfo":{"ByLineInfo":{"Brand":{"DisplayValue":"Maddox Detail","Label":"Brand","Locale":"es_ES"},"Manufacturer":{"DisplayValue":"Maddox Automocion Sl","Label":"Manufacturer","Locale":"es_ES"}},"Title":{"DisplayValue":"Maddox Detail - Leather Conditioner 500ml | Hidratante y Tratamiento Cuero Coche | Limpiador Asientos de Cuero y Piel, Negro","Label":"Title","Locale":"es_ES"}},"Offers":{"Summaries":[{"Condition":{"Value":"New"},"LowestPrice":{"Amount":14.9,"Currency":"EUR","DisplayAmount":"14,90 € (29,80 € / l)","PricePerUnit":29.8}}]}},{"ASIN":"B0BPN5PWY3","DetailPageURL":"https://www.amazon.es/dp/B0BPN5PWY3?tag=topinalambricos-21&linkCode=osi&th=1&psc=1","Images":{"Primary":{"Small":{"Height":75,"URL":"https://m.media-amazon.com/images/I/511GOk2abCL._SL75_.jpg","Width":75}}},"ItemInfo":{"ByLineInfo":{"Brand":{"DisplayValue":"GxDetail","Label":"Brand","Locale":"es_ES"},"Manufacturer":{"DisplayValue":"GxDetail","Label":"Manufacturer","Locale":"es_ES"}},"Title":{"DisplayValue":"GxDetail Pack Cuidado Cuero - Kit Limpieza e Hidratación para Cuero Coche Gx Detail - Kit Con Accesorios y Limpiador de Asientos de Cuero - Limpia Asientos Tapicerias Piel y Cuero de Coche...","Label":"Title","Locale":"es_ES"}},"Offers":{"Summaries":[{"Condition":{"Value":"New"},"LowestPrice":{"Amount":34.95,"Currency":"EUR","DisplayAmount":"34,95 € (34,95 € / l)","PricePerUnit":34.95}}]}},{"ASIN":"B005EBNZTI","DetailPageURL":"https://www.amazon.es/dp/B005EBNZTI?tag=topinalambricos-21&linkCode=osi&th=1&psc=1","Images":{"Primary":{"Small":{"Height":75,"URL":"https://m.media-amazon.com/images/I/41MKOfJ00uL._SL75_.jpg","Width":75}}},"ItemInfo":{"ByLineInfo":{"Brand":{"DisplayValue":"Renapur","Label":"Brand","Locale":"es_ES"},"Manufacturer":{"DisplayValue":"Renapur Ltd","Label":"Manufacturer","Locale":"es_ES"}},"Title":{"DisplayValue":"Bálsamo de cuero, bálsamo natural, acondicionador y restaurador Renapur (200ml + esponja aplicadora)","Label":"Title","Locale":"es_ES"}},"Offers":{"Summaries":[{"Condition":{"Value":"New"},"LowestPrice":{"Amount":17.5,"Currency":"EUR","DisplayAmount":"17,50 €"}}]}},{"ASIN":"B01M0E5OC6","DetailPageURL":"https://www.amazon.es/dp/B01M0E5OC6?tag=topinalambricos-21&linkCode=osi&th=1&psc=1","Images":{"Primary":{"Small":{"Height":75,"URL":"https://m.media-amazon.com/images/I/31aqST56JDL._SL75_.jpg","Width":75}}},"ItemInfo":{"ByLineInfo":{"Brand":{"DisplayValue":"QM Cleaner","Label":"Brand","Locale":"es_ES"},"Manufacturer":{"DisplayValue":"QM Cleaner","Label":"Manufacturer","Locale":"es_ES"}},"Title":{"DisplayValue":"QM Cleaner LEATHER | Limpiador para cuero, piel y polipiel - Ideal para sillones, tapicerías de vehículos y complementos (Bolsos, chaquetas...) - 500ml","Label":"Title","Locale":"es_ES"}},"Offers":{"Summaries":[{"Condition":{"Value":"New"},"LowestPrice":{"Amount":15.99,"Currency":"EUR","DisplayAmount":"15,99 €"}}]}}],"SearchURL":"https://www.amazon.es/s?k=limpiar+cuero&rh=n%3A2424866031%2Cp_n_availability%3A-1&tag=topinalambricos-21&linkCode=osi","TotalResultCount":743}},"7":{"SearchResult":{"Items":[{"ASIN":"B07SL4WY1W","DetailPageURL":"https://www.amazon.es/dp/B07SL4WY1W?tag=topinalambricos-21&linkCode=osi&th=1&psc=1","Images":{"Primary":{"Small":{"Height":75,"URL":"https://m.media-amazon.com/images/I/4150jn7SysL._SL75_.jpg","Width":75}}},"ItemInfo":{"ByLineInfo":{"Brand":{"DisplayValue":"Maddox Detail","Label":"Brand","Locale":"es_ES"},"Manufacturer":{"DisplayValue":"Maddox Automoción SL","Label":"Manufacturer","Locale":"es_ES"}},"Title":{"DisplayValue":"Maddox Detail - Leather Detailer 500 ml | Limpiador y Acondicionador de Cuero | Limpieza Profunda para Coche y Sofá | Tratamiento de Piel | Elimina Suciedad y Manchas | Restaura Asientos","Label":"Title","Locale":"es_ES"}},"Offers":{"Summaries":[{"Condition":{"Value":"New"},"LowestPrice":{"Amount":12.9,"Currency":"EUR","DisplayAmount":"12,90 € (25,80 € / l)","PricePerUnit":25.8}}]}},{"ASIN":"B007DJ566O","DetailPageURL":"https://www.amazon.es/dp/B007DJ566O?tag=topinalambricos-21&linkCode=osi&th=1&psc=1","Images":{"Primary":{"Small":{"Height":75,"URL":"https://m.media-amazon.com/images/I/41Arv3FwqYL._SL75_.jpg","Width":75}}},"ItemInfo":{"ByLineInfo":{"Brand":{"DisplayValue":"DELARA","Label":"Brand","Locale":"es_ES"},"Manufacturer":{"DisplayValue":"DELARA","Label":"Manufacturer","Locale":"es_ES"}},"Title":{"DisplayValue":"DELARA Protector intensivo de cuero 100 ml, color: incoloro – Made in Germany","Label":"Title","Locale":"es_ES"}},"Offers":{"Summaries":[{"Condition":{"Value":"New"},"LowestPrice":{"Amount":10.99,"Currency":"EUR","DisplayAmount":"10,99 €"}}]}},{"ASIN":"B0BNZ6LN98","DetailPageURL":"https://www.amazon.es/dp/B0BNZ6LN98?tag=topinalambricos-21&linkCode=osi&th=1&psc=1","Images":{"Primary":{"Small":{"Height":75,"URL":"https://m.media-amazon.com/images/I/41FW8HzHpVL._SL75_.jpg","Width":75}}},"ItemInfo":{"ByLineInfo":{"Brand":{"DisplayValue":"GxDetail","Label":"Brand","Locale":"es_ES"},"Manufacturer":{"DisplayValue":"GxDetail","Label":"Manufacturer","Locale":"es_ES"}},"Title":{"DisplayValue":"GxDetail Limpiador de Cuero y Piel - Limpia, protege y ayuda a mantener las superficies nuevas - Limpiador de Asientos de coche de Cuero - Leather Cleaner (500 ml.)","Label":"Title","Locale":"es_ES"}},"Offers":{"Summaries":[{"Condition":{"Value":"New"},"LowestPrice":{"Amount":10.99,"Currency":"EUR","DisplayAmount":"10,99 € (21,98 € / l)","PricePerUnit":21.98}}]}},{"ASIN":"B07JWHH61W","DetailPageURL":"https://www.amazon.es/dp/B07JWHH61W?tag=topinalambricos-21&linkCode=osi&th=1&psc=1","Images":{"Primary":{"Small":{"Height":75,"URL":"https://m.media-amazon.com/images/I/51mbQkPkmeL._SL75_.jpg","Width":75}}},"ItemInfo":{"ByLineInfo":{"Brand":{"DisplayValue":"Maddox Detail","Label":"Brand","Locale":"es_ES"},"Manufacturer":{"DisplayValue":"Maddox Automoción","Label":"Manufacturer","Locale":"es_ES"}},"Title":{"DisplayValue":"Maddox Detail - Leather Care Kit 500ml | Limpiador y Acondicionador de Cuero y Piel | Incluye Microfibra | Kit Limpiador de Tapicería de Coche","Label":"Title","Locale":"es_ES"}},"Offers":{"Summaries":[{"Condition":{"Value":"New"},"LowestPrice":{"Amount":26.5,"Currency":"EUR","DisplayAmount":"26,50 € (26,50 € / l)","PricePerUnit":26.5}}]}},{"ASIN":"B07K9XPXF8","DetailPageURL":"https://www.amazon.es/dp/B07K9XPXF8?tag=topinalambricos-21&linkCode=osi&th=1&psc=1","Images":{"Primary":{"Small":{"Height":75,"URL":"https://m.media-amazon.com/images/I/41IdIjP7B3L._SL75_.jpg","Width":75}}},"ItemInfo":{"ByLineInfo":{"Brand":{"DisplayValue":"QM Cleaner","Label":"Brand","Locale":"es_ES"},"Manufacturer":{"DisplayValue":"QM Cleaner","Label":"Manufacturer","Locale":"es_ES"}},"Title":{"DisplayValue":"QM Cleaner Limpieza e hidratación Cuero. Cuidado y Limpieza de la tapicería del Coche, sillones Sofa de Cuero. Limpia e hidrata (Kit Leather)","Label":"Title","Locale":"es_ES"}},"Offers":{"Summaries":[{"Condition":{"Value":"New"},"LowestPrice":{"Amount":28.49,"Currency":"EUR","DisplayAmount":"28,49 €"}}]}},{"ASIN":"B0BHT8LCCP","DetailPageURL":"https://www.amazon.es/dp/B0BHT8LCCP?tag=topinalambricos-21&linkCode=osi&th=1&psc=1","Images":{"Primary":{"Small":{"Height":75,"URL":"https://m.media-amazon.com/images/I/31vFEUUo0OL._SL75_.jpg","Width":75}}},"ItemInfo":{"ByLineInfo":{"Brand":{"DisplayValue":"LAAV","Label":"Brand","Locale":"es_ES"},"Manufacturer":{"DisplayValue":"CSG Sp. z o.o.","Label":"Manufacturer","Locale":"es_ES"}},"Title":{"DisplayValue":"LAAV Limpiador Cuero Leather Cleaner (250 ml) I Elimina la Suciedad y Las Manchas, no Seca I Limpiador Tapiceria Coche I Producto de Limpieza Ecológico para Todos los Productos de Piel","Label":"Title","Locale":"es_ES"}},"Offers":{"Summaries":[{"Condition":{"Value":"New"},"LowestPrice":{"Amount":6.9,"Currency":"EUR","DisplayAmount":"6,90 € (27,60 € / l)","PricePerUnit":27.6}}]}},{"ASIN":"B074KKZVMF","DetailPageURL":"https://www.amazon.es/dp/B074KKZVMF?tag=topinalambricos-21&linkCode=osi&th=1&psc=1","Images":{"Primary":{"Small":{"Height":75,"URL":"https://m.media-amazon.com/images/I/410nKkuP99L._SL75_.jpg","Width":75}}},"ItemInfo":{"ByLineInfo":{"Brand":{"DisplayValue":"Maddox Detail","Label":"Brand","Locale":"es_ES"},"Manufacturer":{"DisplayValue":"Maddox Automocion Sl","Label":"Manufacturer","Locale":"es_ES"}},"Title":{"DisplayValue":"Maddox Detail - Leather Conditioner 500ml | Hidratante y Tratamiento Cuero Coche | Limpiador Asientos de Cuero y Piel, Negro","Label":"Title","Locale":"es_ES"}},"Offers":{"Summaries":[{"Condition":{"Value":"New"},"LowestPrice":{"Amount":14.9,"Currency":"EUR","DisplayAmount":"14,90 € (29,80 € / l)","PricePerUnit":29.8}}]}},{"ASIN":"B0BPN5PWY3","DetailPageURL":"https://www.amazon.es/dp/B0BPN5PWY3?tag=topinalambricos-21&linkCode=osi&th=1&psc=1","Images":{"Primary":{"Small":{"Height":75,"URL":"https://m.media-amazon.com/images/I/511GOk2abCL._SL75_.jpg","Width":75}}},"ItemInfo":{"ByLineInfo":{"Brand":{"DisplayValue":"GxDetail","Label":"Brand","Locale":"es_ES"},"Manufacturer":{"DisplayValue":"GxDetail","Label":"Manufacturer","Locale":"es_ES"}},"Title":{"DisplayValue":"GxDetail Pack Cuidado Cuero - Kit Limpieza e Hidratación para Cuero Coche Gx Detail - Kit Con Accesorios y Limpiador de Asientos de Cuero - Limpia Asientos Tapicerias Piel y Cuero de Coche...","Label":"Title","Locale":"es_ES"}},"Offers":{"Summaries":[{"Condition":{"Value":"New"},"LowestPrice":{"Amount":34.95,"Currency":"EUR","DisplayAmount":"34,95 € (34,95 € / l)","PricePerUnit":34.95}}]}},{"ASIN":"B005EBNZTI","DetailPageURL":"https://www.amazon.es/dp/B005EBNZTI?tag=topinalambricos-21&linkCode=osi&th=1&psc=1","Images":{"Primary":{"Small":{"Height":75,"URL":"https://m.media-amazon.com/images/I/41MKOfJ00uL._SL75_.jpg","Width":75}}},"ItemInfo":{"ByLineInfo":{"Brand":{"DisplayValue":"Renapur","Label":"Brand","Locale":"es_ES"},"Manufacturer":{"DisplayValue":"Renapur Ltd","Label":"Manufacturer","Locale":"es_ES"}},"Title":{"DisplayValue":"Bálsamo de cuero, bálsamo natural, acondicionador y restaurador Renapur (200ml + esponja aplicadora)","Label":"Title","Locale":"es_ES"}},"Offers":{"Summaries":[{"Condition":{"Value":"New"},"LowestPrice":{"Amount":17.5,"Currency":"EUR","DisplayAmount":"17,50 €"}}]}},{"ASIN":"B01M0E5OC6","DetailPageURL":"https://www.amazon.es/dp/B01M0E5OC6?tag=topinalambricos-21&linkCode=osi&th=1&psc=1","Images":{"Primary":{"Small":{"Height":75,"URL":"https://m.media-amazon.com/images/I/31aqST56JDL._SL75_.jpg","Width":75}}},"ItemInfo":{"ByLineInfo":{"Brand":{"DisplayValue":"QM Cleaner","Label":"Brand","Locale":"es_ES"},"Manufacturer":{"DisplayValue":"QM Cleaner","Label":"Manufacturer","Locale":"es_ES"}},"Title":{"DisplayValue":"QM Cleaner LEATHER | Limpiador para cuero, piel y polipiel - Ideal para sillones, tapicerías de vehículos y complementos (Bolsos, chaquetas...) - 500ml","Label":"Title","Locale":"es_ES"}},"Offers":{"Summaries":[{"Condition":{"Value":"New"},"LowestPrice":{"Amount":15.99,"Currency":"EUR","DisplayAmount":"15,99 €"}}]}}],"SearchURL":"https://www.amazon.es/s?k=limpiar+cuero&rh=n%3A2424866031%2Cp_n_availability%3A-1&tag=topinalambricos-21&linkCode=osi","TotalResultCount":743}},"8":{"SearchResult":{"Items":[{"ASIN":"B07SL4WY1W","DetailPageURL":"https://www.amazon.es/dp/B07SL4WY1W?tag=topinalambricos-21&linkCode=osi&th=1&psc=1","Images":{"Primary":{"Small":{"Height":75,"URL":"https://m.media-amazon.com/images/I/4150jn7SysL._SL75_.jpg","Width":75}}},"ItemInfo":{"ByLineInfo":{"Brand":{"DisplayValue":"Maddox Detail","Label":"Brand","Locale":"es_ES"},"Manufacturer":{"DisplayValue":"Maddox Automoción SL","Label":"Manufacturer","Locale":"es_ES"}},"Title":{"DisplayValue":"Maddox Detail - Leather Detailer 500 ml | Limpiador y Acondicionador de Cuero | Limpieza Profunda para Coche y Sofá | Tratamiento de Piel | Elimina Suciedad y Manchas | Restaura Asientos","Label":"Title","Locale":"es_ES"}},"Offers":{"Summaries":[{"Condition":{"Value":"New"},"LowestPrice":{"Amount":12.9,"Currency":"EUR","DisplayAmount":"12,90 € (25,80 € / l)","PricePerUnit":25.8}}]}},{"ASIN":"B007DJ566O","DetailPageURL":"https://www.amazon.es/dp/B007DJ566O?tag=topinalambricos-21&linkCode=osi&th=1&psc=1","Images":{"Primary":{"Small":{"Height":75,"URL":"https://m.media-amazon.com/images/I/41Arv3FwqYL._SL75_.jpg","Width":75}}},"ItemInfo":{"ByLineInfo":{"Brand":{"DisplayValue":"DELARA","Label":"Brand","Locale":"es_ES"},"Manufacturer":{"DisplayValue":"DELARA","Label":"Manufacturer","Locale":"es_ES"}},"Title":{"DisplayValue":"DELARA Protector intensivo de cuero 100 ml, color: incoloro – Made in Germany","Label":"Title","Locale":"es_ES"}},"Offers":{"Summaries":[{"Condition":{"Value":"New"},"LowestPrice":{"Amount":10.99,"Currency":"EUR","DisplayAmount":"10,99 €"}}]}},{"ASIN":"B0BNZ6LN98","DetailPageURL":"https://www.amazon.es/dp/B0BNZ6LN98?tag=topinalambricos-21&linkCode=osi&th=1&psc=1","Images":{"Primary":{"Small":{"Height":75,"URL":"https://m.media-amazon.com/images/I/41FW8HzHpVL._SL75_.jpg","Width":75}}},"ItemInfo":{"ByLineInfo":{"Brand":{"DisplayValue":"GxDetail","Label":"Brand","Locale":"es_ES"},"Manufacturer":{"DisplayValue":"GxDetail","Label":"Manufacturer","Locale":"es_ES"}},"Title":{"DisplayValue":"GxDetail Limpiador de Cuero y Piel - Limpia, protege y ayuda a mantener las superficies nuevas - Limpiador de Asientos de coche de Cuero - Leather Cleaner (500 ml.)","Label":"Title","Locale":"es_ES"}},"Offers":{"Summaries":[{"Condition":{"Value":"New"},"LowestPrice":{"Amount":10.99,"Currency":"EUR","DisplayAmount":"10,99 € (21,98 € / l)","PricePerUnit":21.98}}]}},{"ASIN":"B07JWHH61W","DetailPageURL":"https://www.amazon.es/dp/B07JWHH61W?tag=topinalambricos-21&linkCode=osi&th=1&psc=1","Images":{"Primary":{"Small":{"Height":75,"URL":"https://m.media-amazon.com/images/I/51mbQkPkmeL._SL75_.jpg","Width":75}}},"ItemInfo":{"ByLineInfo":{"Brand":{"DisplayValue":"Maddox Detail","Label":"Brand","Locale":"es_ES"},"Manufacturer":{"DisplayValue":"Maddox Automoción","Label":"Manufacturer","Locale":"es_ES"}},"Title":{"DisplayValue":"Maddox Detail - Leather Care Kit 500ml | Limpiador y Acondicionador de Cuero y Piel | Incluye Microfibra | Kit Limpiador de Tapicería de Coche","Label":"Title","Locale":"es_ES"}},"Offers":{"Summaries":[{"Condition":{"Value":"New"},"LowestPrice":{"Amount":26.5,"Currency":"EUR","DisplayAmount":"26,50 € (26,50 € / l)","PricePerUnit":26.5}}]}},{"ASIN":"B07K9XPXF8","DetailPageURL":"https://www.amazon.es/dp/B07K9XPXF8?tag=topinalambricos-21&linkCode=osi&th=1&psc=1","Images":{"Primary":{"Small":{"Height":75,"URL":"https://m.media-amazon.com/images/I/41IdIjP7B3L._SL75_.jpg","Width":75}}},"ItemInfo":{"ByLineInfo":{"Brand":{"DisplayValue":"QM Cleaner","Label":"Brand","Locale":"es_ES"},"Manufacturer":{"DisplayValue":"QM Cleaner","Label":"Manufacturer","Locale":"es_ES"}},"Title":{"DisplayValue":"QM Cleaner Limpieza e hidratación Cuero. Cuidado y Limpieza de la tapicería del Coche, sillones Sofa de Cuero. Limpia e hidrata (Kit Leather)","Label":"Title","Locale":"es_ES"}},"Offers":{"Summaries":[{"Condition":{"Value":"New"},"LowestPrice":{"Amount":28.49,"Currency":"EUR","DisplayAmount":"28,49 €"}}]}},{"ASIN":"B0BHT8LCCP","DetailPageURL":"https://www.amazon.es/dp/B0BHT8LCCP?tag=topinalambricos-21&linkCode=osi&th=1&psc=1","Images":{"Primary":{"Small":{"Height":75,"URL":"https://m.media-amazon.com/images/I/31vFEUUo0OL._SL75_.jpg","Width":75}}},"ItemInfo":{"ByLineInfo":{"Brand":{"DisplayValue":"LAAV","Label":"Brand","Locale":"es_ES"},"Manufacturer":{"DisplayValue":"CSG Sp. z o.o.","Label":"Manufacturer","Locale":"es_ES"}},"Title":{"DisplayValue":"LAAV Limpiador Cuero Leather Cleaner (250 ml) I Elimina la Suciedad y Las Manchas, no Seca I Limpiador Tapiceria Coche I Producto de Limpieza Ecológico para Todos los Productos de Piel","Label":"Title","Locale":"es_ES"}},"Offers":{"Summaries":[{"Condition":{"Value":"New"},"LowestPrice":{"Amount":6.9,"Currency":"EUR","DisplayAmount":"6,90 € (27,60 € / l)","PricePerUnit":27.6}}]}},{"ASIN":"B074KKZVMF","DetailPageURL":"https://www.amazon.es/dp/B074KKZVMF?tag=topinalambricos-21&linkCode=osi&th=1&psc=1","Images":{"Primary":{"Small":{"Height":75,"URL":"https://m.media-amazon.com/images/I/410nKkuP99L._SL75_.jpg","Width":75}}},"ItemInfo":{"ByLineInfo":{"Brand":{"DisplayValue":"Maddox Detail","Label":"Brand","Locale":"es_ES"},"Manufacturer":{"DisplayValue":"Maddox Automocion Sl","Label":"Manufacturer","Locale":"es_ES"}},"Title":{"DisplayValue":"Maddox Detail - Leather Conditioner 500ml | Hidratante y Tratamiento Cuero Coche | Limpiador Asientos de Cuero y Piel, Negro","Label":"Title","Locale":"es_ES"}},"Offers":{"Summaries":[{"Condition":{"Value":"New"},"LowestPrice":{"Amount":14.9,"Currency":"EUR","DisplayAmount":"14,90 € (29,80 € / l)","PricePerUnit":29.8}}]}},{"ASIN":"B0BPN5PWY3","DetailPageURL":"https://www.amazon.es/dp/B0BPN5PWY3?tag=topinalambricos-21&linkCode=osi&th=1&psc=1","Images":{"Primary":{"Small":{"Height":75,"URL":"https://m.media-amazon.com/images/I/511GOk2abCL._SL75_.jpg","Width":75}}},"ItemInfo":{"ByLineInfo":{"Brand":{"DisplayValue":"GxDetail","Label":"Brand","Locale":"es_ES"},"Manufacturer":{"DisplayValue":"GxDetail","Label":"Manufacturer","Locale":"es_ES"}},"Title":{"DisplayValue":"GxDetail Pack Cuidado Cuero - Kit Limpieza e Hidratación para Cuero Coche Gx Detail - Kit Con Accesorios y Limpiador de Asientos de Cuero - Limpia Asientos Tapicerias Piel y Cuero de Coche...","Label":"Title","Locale":"es_ES"}},"Offers":{"Summaries":[{"Condition":{"Value":"New"},"LowestPrice":{"Amount":34.95,"Currency":"EUR","DisplayAmount":"34,95 € (34,95 € / l)","PricePerUnit":34.95}}]}},{"ASIN":"B005EBNZTI","DetailPageURL":"https://www.amazon.es/dp/B005EBNZTI?tag=topinalambricos-21&linkCode=osi&th=1&psc=1","Images":{"Primary":{"Small":{"Height":75,"URL":"https://m.media-amazon.com/images/I/41MKOfJ00uL._SL75_.jpg","Width":75}}},"ItemInfo":{"ByLineInfo":{"Brand":{"DisplayValue":"Renapur","Label":"Brand","Locale":"es_ES"},"Manufacturer":{"DisplayValue":"Renapur Ltd","Label":"Manufacturer","Locale":"es_ES"}},"Title":{"DisplayValue":"Bálsamo de cuero, bálsamo natural, acondicionador y restaurador Renapur (200ml + esponja aplicadora)","Label":"Title","Locale":"es_ES"}},"Offers":{"Summaries":[{"Condition":{"Value":"New"},"LowestPrice":{"Amount":17.5,"Currency":"EUR","DisplayAmount":"17,50 €"}}]}},{"ASIN":"B01M0E5OC6","DetailPageURL":"https://www.amazon.es/dp/B01M0E5OC6?tag=topinalambricos-21&linkCode=osi&th=1&psc=1","Images":{"Primary":{"Small":{"Height":75,"URL":"https://m.media-amazon.com/images/I/31aqST56JDL._SL75_.jpg","Width":75}}},"ItemInfo":{"ByLineInfo":{"Brand":{"DisplayValue":"QM Cleaner","Label":"Brand","Locale":"es_ES"},"Manufacturer":{"DisplayValue":"QM Cleaner","Label":"Manufacturer","Locale":"es_ES"}},"Title":{"DisplayValue":"QM Cleaner LEATHER | Limpiador para cuero, piel y polipiel - Ideal para sillones, tapicerías de vehículos y complementos (Bolsos, chaquetas...) - 500ml","Label":"Title","Locale":"es_ES"}},"Offers":{"Summaries":[{"Condition":{"Value":"New"},"LowestPrice":{"Amount":15.99,"Currency":"EUR","DisplayAmount":"15,99 €"}}]}}],"SearchURL":"https://www.amazon.es/s?k=limpiar+cuero&rh=n%3A2424866031%2Cp_n_availability%3A-1&tag=topinalambricos-21&linkCode=osi","TotalResultCount":743}},"9":{"SearchResult":{"Items":[{"ASIN":"B07SL4WY1W","DetailPageURL":"https://www.amazon.es/dp/B07SL4WY1W?tag=topinalambricos-21&linkCode=osi&th=1&psc=1","Images":{"Primary":{"Small":{"Height":75,"URL":"https://m.media-amazon.com/images/I/4150jn7SysL._SL75_.jpg","Width":75}}},"ItemInfo":{"ByLineInfo":{"Brand":{"DisplayValue":"Maddox Detail","Label":"Brand","Locale":"es_ES"},"Manufacturer":{"DisplayValue":"Maddox Automoción SL","Label":"Manufacturer","Locale":"es_ES"}},"Title":{"DisplayValue":"Maddox Detail - Leather Detailer 500 ml | Limpiador y Acondicionador de Cuero | Limpieza Profunda para Coche y Sofá | Tratamiento de Piel | Elimina Suciedad y Manchas | Restaura Asientos","Label":"Title","Locale":"es_ES"}},"Offers":{"Summaries":[{"Condition":{"Value":"New"},"LowestPrice":{"Amount":12.9,"Currency":"EUR","DisplayAmount":"12,90 € (25,80 € / l)","PricePerUnit":25.8}}]}},{"ASIN":"B007DJ566O","DetailPageURL":"https://www.amazon.es/dp/B007DJ566O?tag=topinalambricos-21&linkCode=osi&th=1&psc=1","Images":{"Primary":{"Small":{"Height":75,"URL":"https://m.media-amazon.com/images/I/41Arv3FwqYL._SL75_.jpg","Width":75}}},"ItemInfo":{"ByLineInfo":{"Brand":{"DisplayValue":"DELARA","Label":"Brand","Locale":"es_ES"},"Manufacturer":{"DisplayValue":"DELARA","Label":"Manufacturer","Locale":"es_ES"}},"Title":{"DisplayValue":"DELARA Protector intensivo de cuero 100 ml, color: incoloro – Made in Germany","Label":"Title","Locale":"es_ES"}},"Offers":{"Summaries":[{"Condition":{"Value":"New"},"LowestPrice":{"Amount":10.99,"Currency":"EUR","DisplayAmount":"10,99 €"}}]}},{"ASIN":"B0BNZ6LN98","DetailPageURL":"https://www.amazon.es/dp/B0BNZ6LN98?tag=topinalambricos-21&linkCode=osi&th=1&psc=1","Images":{"Primary":{"Small":{"Height":75,"URL":"https://m.media-amazon.com/images/I/41FW8HzHpVL._SL75_.jpg","Width":75}}},"ItemInfo":{"ByLineInfo":{"Brand":{"DisplayValue":"GxDetail","Label":"Brand","Locale":"es_ES"},"Manufacturer":{"DisplayValue":"GxDetail","Label":"Manufacturer","Locale":"es_ES"}},"Title":{"DisplayValue":"GxDetail Limpiador de Cuero y Piel - Limpia, protege y ayuda a mantener las superficies nuevas - Limpiador de Asientos de coche de Cuero - Leather Cleaner (500 ml.)","Label":"Title","Locale":"es_ES"}},"Offers":{"Summaries":[{"Condition":{"Value":"New"},"LowestPrice":{"Amount":10.99,"Currency":"EUR","DisplayAmount":"10,99 € (21,98 € / l)","PricePerUnit":21.98}}]}},{"ASIN":"B07JWHH61W","DetailPageURL":"https://www.amazon.es/dp/B07JWHH61W?tag=topinalambricos-21&linkCode=osi&th=1&psc=1","Images":{"Primary":{"Small":{"Height":75,"URL":"https://m.media-amazon.com/images/I/51mbQkPkmeL._SL75_.jpg","Width":75}}},"ItemInfo":{"ByLineInfo":{"Brand":{"DisplayValue":"Maddox Detail","Label":"Brand","Locale":"es_ES"},"Manufacturer":{"DisplayValue":"Maddox Automoción","Label":"Manufacturer","Locale":"es_ES"}},"Title":{"DisplayValue":"Maddox Detail - Leather Care Kit 500ml | Limpiador y Acondicionador de Cuero y Piel | Incluye Microfibra | Kit Limpiador de Tapicería de Coche","Label":"Title","Locale":"es_ES"}},"Offers":{"Summaries":[{"Condition":{"Value":"New"},"LowestPrice":{"Amount":26.5,"Currency":"EUR","DisplayAmount":"26,50 € (26,50 € / l)","PricePerUnit":26.5}}]}},{"ASIN":"B07K9XPXF8","DetailPageURL":"https://www.amazon.es/dp/B07K9XPXF8?tag=topinalambricos-21&linkCode=osi&th=1&psc=1","Images":{"Primary":{"Small":{"Height":75,"URL":"https://m.media-amazon.com/images/I/41IdIjP7B3L._SL75_.jpg","Width":75}}},"ItemInfo":{"ByLineInfo":{"Brand":{"DisplayValue":"QM Cleaner","Label":"Brand","Locale":"es_ES"},"Manufacturer":{"DisplayValue":"QM Cleaner","Label":"Manufacturer","Locale":"es_ES"}},"Title":{"DisplayValue":"QM Cleaner Limpieza e hidratación Cuero. Cuidado y Limpieza de la tapicería del Coche, sillones Sofa de Cuero. Limpia e hidrata (Kit Leather)","Label":"Title","Locale":"es_ES"}},"Offers":{"Summaries":[{"Condition":{"Value":"New"},"LowestPrice":{"Amount":28.49,"Currency":"EUR","DisplayAmount":"28,49 €"}}]}},{"ASIN":"B0BHT8LCCP","DetailPageURL":"https://www.amazon.es/dp/B0BHT8LCCP?tag=topinalambricos-21&linkCode=osi&th=1&psc=1","Images":{"Primary":{"Small":{"Height":75,"URL":"https://m.media-amazon.com/images/I/31vFEUUo0OL._SL75_.jpg","Width":75}}},"ItemInfo":{"ByLineInfo":{"Brand":{"DisplayValue":"LAAV","Label":"Brand","Locale":"es_ES"},"Manufacturer":{"DisplayValue":"CSG Sp. z o.o.","Label":"Manufacturer","Locale":"es_ES"}},"Title":{"DisplayValue":"LAAV Limpiador Cuero Leather Cleaner (250 ml) I Elimina la Suciedad y Las Manchas, no Seca I Limpiador Tapiceria Coche I Producto de Limpieza Ecológico para Todos los Productos de Piel","Label":"Title","Locale":"es_ES"}},"Offers":{"Summaries":[{"Condition":{"Value":"New"},"LowestPrice":{"Amount":6.9,"Currency":"EUR","DisplayAmount":"6,90 € (27,60 € / l)","PricePerUnit":27.6}}]}},{"ASIN":"B074KKZVMF","DetailPageURL":"https://www.amazon.es/dp/B074KKZVMF?tag=topinalambricos-21&linkCode=osi&th=1&psc=1","Images":{"Primary":{"Small":{"Height":75,"URL":"https://m.media-amazon.com/images/I/410nKkuP99L._SL75_.jpg","Width":75}}},"ItemInfo":{"ByLineInfo":{"Brand":{"DisplayValue":"Maddox Detail","Label":"Brand","Locale":"es_ES"},"Manufacturer":{"DisplayValue":"Maddox Automocion Sl","Label":"Manufacturer","Locale":"es_ES"}},"Title":{"DisplayValue":"Maddox Detail - Leather Conditioner 500ml | Hidratante y Tratamiento Cuero Coche | Limpiador Asientos de Cuero y Piel, Negro","Label":"Title","Locale":"es_ES"}},"Offers":{"Summaries":[{"Condition":{"Value":"New"},"LowestPrice":{"Amount":14.9,"Currency":"EUR","DisplayAmount":"14,90 € (29,80 € / l)","PricePerUnit":29.8}}]}},{"ASIN":"B0BPN5PWY3","DetailPageURL":"https://www.amazon.es/dp/B0BPN5PWY3?tag=topinalambricos-21&linkCode=osi&th=1&psc=1","Images":{"Primary":{"Small":{"Height":75,"URL":"https://m.media-amazon.com/images/I/511GOk2abCL._SL75_.jpg","Width":75}}},"ItemInfo":{"ByLineInfo":{"Brand":{"DisplayValue":"GxDetail","Label":"Brand","Locale":"es_ES"},"Manufacturer":{"DisplayValue":"GxDetail","Label":"Manufacturer","Locale":"es_ES"}},"Title":{"DisplayValue":"GxDetail Pack Cuidado Cuero - Kit Limpieza e Hidratación para Cuero Coche Gx Detail - Kit Con Accesorios y Limpiador de Asientos de Cuero - Limpia Asientos Tapicerias Piel y Cuero de Coche...","Label":"Title","Locale":"es_ES"}},"Offers":{"Summaries":[{"Condition":{"Value":"New"},"LowestPrice":{"Amount":34.95,"Currency":"EUR","DisplayAmount":"34,95 € (34,95 € / l)","PricePerUnit":34.95}}]}},{"ASIN":"B005EBNZTI","DetailPageURL":"https://www.amazon.es/dp/B005EBNZTI?tag=topinalambricos-21&linkCode=osi&th=1&psc=1","Images":{"Primary":{"Small":{"Height":75,"URL":"https://m.media-amazon.com/images/I/41MKOfJ00uL._SL75_.jpg","Width":75}}},"ItemInfo":{"ByLineInfo":{"Brand":{"DisplayValue":"Renapur","Label":"Brand","Locale":"es_ES"},"Manufacturer":{"DisplayValue":"Renapur Ltd","Label":"Manufacturer","Locale":"es_ES"}},"Title":{"DisplayValue":"Bálsamo de cuero, bálsamo natural, acondicionador y restaurador Renapur (200ml + esponja aplicadora)","Label":"Title","Locale":"es_ES"}},"Offers":{"Summaries":[{"Condition":{"Value":"New"},"LowestPrice":{"Amount":17.5,"Currency":"EUR","DisplayAmount":"17,50 €"}}]}},{"ASIN":"B01M0E5OC6","DetailPageURL":"https://www.amazon.es/dp/B01M0E5OC6?tag=topinalambricos-21&linkCode=osi&th=1&psc=1","Images":{"Primary":{"Small":{"Height":75,"URL":"https://m.media-amazon.com/images/I/31aqST56JDL._SL75_.jpg","Width":75}}},"ItemInfo":{"ByLineInfo":{"Brand":{"DisplayValue":"QM Cleaner","Label":"Brand","Locale":"es_ES"},"Manufacturer":{"DisplayValue":"QM Cleaner","Label":"Manufacturer","Locale":"es_ES"}},"Title":{"DisplayValue":"QM Cleaner LEATHER | Limpiador para cuero, piel y polipiel - Ideal para sillones, tapicerías de vehículos y complementos (Bolsos, chaquetas...) - 500ml","Label":"Title","Locale":"es_ES"}},"Offers":{"Summaries":[{"Condition":{"Value":"New"},"LowestPrice":{"Amount":15.99,"Currency":"EUR","DisplayAmount":"15,99 €"}}]}}],"SearchURL":"https://www.amazon.es/s?k=limpiar+cuero&rh=n%3A2424866031%2Cp_n_availability%3A-1&tag=topinalambricos-21&linkCode=osi","TotalResultCount":743}},"10":{"SearchResult":{"Items":[{"ASIN":"B07SL4WY1W","DetailPageURL":"https://www.amazon.es/dp/B07SL4WY1W?tag=topinalambricos-21&linkCode=osi&th=1&psc=1","Images":{"Primary":{"Small":{"Height":75,"URL":"https://m.media-amazon.com/images/I/4150jn7SysL._SL75_.jpg","Width":75}}},"ItemInfo":{"ByLineInfo":{"Brand":{"DisplayValue":"Maddox Detail","Label":"Brand","Locale":"es_ES"},"Manufacturer":{"DisplayValue":"Maddox Automoción SL","Label":"Manufacturer","Locale":"es_ES"}},"Title":{"DisplayValue":"Maddox Detail - Leather Detailer 500 ml | Limpiador y Acondicionador de Cuero | Limpieza Profunda para Coche y Sofá | Tratamiento de Piel | Elimina Suciedad y Manchas | Restaura Asientos","Label":"Title","Locale":"es_ES"}},"Offers":{"Summaries":[{"Condition":{"Value":"New"},"LowestPrice":{"Amount":12.9,"Currency":"EUR","DisplayAmount":"12,90 € (25,80 € / l)","PricePerUnit":25.8}}]}},{"ASIN":"B007DJ566O","DetailPageURL":"https://www.amazon.es/dp/B007DJ566O?tag=topinalambricos-21&linkCode=osi&th=1&psc=1","Images":{"Primary":{"Small":{"Height":75,"URL":"https://m.media-amazon.com/images/I/41Arv3FwqYL._SL75_.jpg","Width":75}}},"ItemInfo":{"ByLineInfo":{"Brand":{"DisplayValue":"DELARA","Label":"Brand","Locale":"es_ES"},"Manufacturer":{"DisplayValue":"DELARA","Label":"Manufacturer","Locale":"es_ES"}},"Title":{"DisplayValue":"DELARA Protector intensivo de cuero 100 ml, color: incoloro – Made in Germany","Label":"Title","Locale":"es_ES"}},"Offers":{"Summaries":[{"Condition":{"Value":"New"},"LowestPrice":{"Amount":10.99,"Currency":"EUR","DisplayAmount":"10,99 €"}}]}},{"ASIN":"B0BNZ6LN98","DetailPageURL":"https://www.amazon.es/dp/B0BNZ6LN98?tag=topinalambricos-21&linkCode=osi&th=1&psc=1","Images":{"Primary":{"Small":{"Height":75,"URL":"https://m.media-amazon.com/images/I/41FW8HzHpVL._SL75_.jpg","Width":75}}},"ItemInfo":{"ByLineInfo":{"Brand":{"DisplayValue":"GxDetail","Label":"Brand","Locale":"es_ES"},"Manufacturer":{"DisplayValue":"GxDetail","Label":"Manufacturer","Locale":"es_ES"}},"Title":{"DisplayValue":"GxDetail Limpiador de Cuero y Piel - Limpia, protege y ayuda a mantener las superficies nuevas - Limpiador de Asientos de coche de Cuero - Leather Cleaner (500 ml.)","Label":"Title","Locale":"es_ES"}},"Offers":{"Summaries":[{"Condition":{"Value":"New"},"LowestPrice":{"Amount":10.99,"Currency":"EUR","DisplayAmount":"10,99 € (21,98 € / l)","PricePerUnit":21.98}}]}},{"ASIN":"B07JWHH61W","DetailPageURL":"https://www.amazon.es/dp/B07JWHH61W?tag=topinalambricos-21&linkCode=osi&th=1&psc=1","Images":{"Primary":{"Small":{"Height":75,"URL":"https://m.media-amazon.com/images/I/51mbQkPkmeL._SL75_.jpg","Width":75}}},"ItemInfo":{"ByLineInfo":{"Brand":{"DisplayValue":"Maddox Detail","Label":"Brand","Locale":"es_ES"},"Manufacturer":{"DisplayValue":"Maddox Automoción","Label":"Manufacturer","Locale":"es_ES"}},"Title":{"DisplayValue":"Maddox Detail - Leather Care Kit 500ml | Limpiador y Acondicionador de Cuero y Piel | Incluye Microfibra | Kit Limpiador de Tapicería de Coche","Label":"Title","Locale":"es_ES"}},"Offers":{"Summaries":[{"Condition":{"Value":"New"},"LowestPrice":{"Amount":26.5,"Currency":"EUR","DisplayAmount":"26,50 € (26,50 € / l)","PricePerUnit":26.5}}]}},{"ASIN":"B07K9XPXF8","DetailPageURL":"https://www.amazon.es/dp/B07K9XPXF8?tag=topinalambricos-21&linkCode=osi&th=1&psc=1","Images":{"Primary":{"Small":{"Height":75,"URL":"https://m.media-amazon.com/images/I/41IdIjP7B3L._SL75_.jpg","Width":75}}},"ItemInfo":{"ByLineInfo":{"Brand":{"DisplayValue":"QM Cleaner","Label":"Brand","Locale":"es_ES"},"Manufacturer":{"DisplayValue":"QM Cleaner","Label":"Manufacturer","Locale":"es_ES"}},"Title":{"DisplayValue":"QM Cleaner Limpieza e hidratación Cuero. Cuidado y Limpieza de la tapicería del Coche, sillones Sofa de Cuero. Limpia e hidrata (Kit Leather)","Label":"Title","Locale":"es_ES"}},"Offers":{"Summaries":[{"Condition":{"Value":"New"},"LowestPrice":{"Amount":28.49,"Currency":"EUR","DisplayAmount":"28,49 €"}}]}},{"ASIN":"B0BHT8LCCP","DetailPageURL":"https://www.amazon.es/dp/B0BHT8LCCP?tag=topinalambricos-21&linkCode=osi&th=1&psc=1","Images":{"Primary":{"Small":{"Height":75,"URL":"https://m.media-amazon.com/images/I/31vFEUUo0OL._SL75_.jpg","Width":75}}},"ItemInfo":{"ByLineInfo":{"Brand":{"DisplayValue":"LAAV","Label":"Brand","Locale":"es_ES"},"Manufacturer":{"DisplayValue":"CSG Sp. z o.o.","Label":"Manufacturer","Locale":"es_ES"}},"Title":{"DisplayValue":"LAAV Limpiador Cuero Leather Cleaner (250 ml) I Elimina la Suciedad y Las Manchas, no Seca I Limpiador Tapiceria Coche I Producto de Limpieza Ecológico para Todos los Productos de Piel","Label":"Title","Locale":"es_ES"}},"Offers":{"Summaries":[{"Condition":{"Value":"New"},"LowestPrice":{"Amount":6.9,"Currency":"EUR","DisplayAmount":"6,90 € (27,60 € / l)","PricePerUnit":27.6}}]}},{"ASIN":"B074KKZVMF","DetailPageURL":"https://www.amazon.es/dp/B074KKZVMF?tag=topinalambricos-21&linkCode=osi&th=1&psc=1","Images":{"Primary":{"Small":{"Height":75,"URL":"https://m.media-amazon.com/images/I/410nKkuP99L._SL75_.jpg","Width":75}}},"ItemInfo":{"ByLineInfo":{"Brand":{"DisplayValue":"Maddox Detail","Label":"Brand","Locale":"es_ES"},"Manufacturer":{"DisplayValue":"Maddox Automocion Sl","Label":"Manufacturer","Locale":"es_ES"}},"Title":{"DisplayValue":"Maddox Detail - Leather Conditioner 500ml | Hidratante y Tratamiento Cuero Coche | Limpiador Asientos de Cuero y Piel, Negro","Label":"Title","Locale":"es_ES"}},"Offers":{"Summaries":[{"Condition":{"Value":"New"},"LowestPrice":{"Amount":14.9,"Currency":"EUR","DisplayAmount":"14,90 € (29,80 € / l)","PricePerUnit":29.8}}]}},{"ASIN":"B0BPN5PWY3","DetailPageURL":"https://www.amazon.es/dp/B0BPN5PWY3?tag=topinalambricos-21&linkCode=osi&th=1&psc=1","Images":{"Primary":{"Small":{"Height":75,"URL":"https://m.media-amazon.com/images/I/511GOk2abCL._SL75_.jpg","Width":75}}},"ItemInfo":{"ByLineInfo":{"Brand":{"DisplayValue":"GxDetail","Label":"Brand","Locale":"es_ES"},"Manufacturer":{"DisplayValue":"GxDetail","Label":"Manufacturer","Locale":"es_ES"}},"Title":{"DisplayValue":"GxDetail Pack Cuidado Cuero - Kit Limpieza e Hidratación para Cuero Coche Gx Detail - Kit Con Accesorios y Limpiador de Asientos de Cuero - Limpia Asientos Tapicerias Piel y Cuero de Coche...","Label":"Title","Locale":"es_ES"}},"Offers":{"Summaries":[{"Condition":{"Value":"New"},"LowestPrice":{"Amount":34.95,"Currency":"EUR","DisplayAmount":"34,95 € (34,95 € / l)","PricePerUnit":34.95}}]}},{"ASIN":"B005EBNZTI","DetailPageURL":"https://www.amazon.es/dp/B005EBNZTI?tag=topinalambricos-21&linkCode=osi&th=1&psc=1","Images":{"Primary":{"Small":{"Height":75,"URL":"https://m.media-amazon.com/images/I/41MKOfJ00uL._SL75_.jpg","Width":75}}},"ItemInfo":{"ByLineInfo":{"Brand":{"DisplayValue":"Renapur","Label":"Brand","Locale":"es_ES"},"Manufacturer":{"DisplayValue":"Renapur Ltd","Label":"Manufacturer","Locale":"es_ES"}},"Title":{"DisplayValue":"Bálsamo de cuero, bálsamo natural, acondicionador y restaurador Renapur (200ml + esponja aplicadora)","Label":"Title","Locale":"es_ES"}},"Offers":{"Summaries":[{"Condition":{"Value":"New"},"LowestPrice":{"Amount":17.5,"Currency":"EUR","DisplayAmount":"17,50 €"}}]}},{"ASIN":"B01M0E5OC6","DetailPageURL":"https://www.amazon.es/dp/B01M0E5OC6?tag=topinalambricos-21&linkCode=osi&th=1&psc=1","Images":{"Primary":{"Small":{"Height":75,"URL":"https://m.media-amazon.com/images/I/31aqST56JDL._SL75_.jpg","Width":75}}},"ItemInfo":{"ByLineInfo":{"Brand":{"DisplayValue":"QM Cleaner","Label":"Brand","Locale":"es_ES"},"Manufacturer":{"DisplayValue":"QM Cleaner","Label":"Manufacturer","Locale":"es_ES"}},"Title":{"DisplayValue":"QM Cleaner LEATHER | Limpiador para cuero, piel y polipiel - Ideal para sillones, tapicerías de vehículos y complementos (Bolsos, chaquetas...) - 500ml","Label":"Title","Locale":"es_ES"}},"Offers":{"Summaries":[{"Condition":{"Value":"New"},"LowestPrice":{"Amount":15.99,"Currency":"EUR","DisplayAmount":"15,99 €"}}]}}],"SearchURL":"https://www.amazon.es/s?k=limpiar+cuero&rh=n%3A2424866031%2Cp_n_availability%3A-1&tag=topinalambricos-21&linkCode=osi","TotalResultCount":743}},"11":{"SearchResult":{"Items":[{"ASIN":"B07SL4WY1W","DetailPageURL":"https://www.amazon.es/dp/B07SL4WY1W?tag=topinalambricos-21&linkCode=osi&th=1&psc=1","Images":{"Primary":{"Small":{"Height":75,"URL":"https://m.media-amazon.com/images/I/4150jn7SysL._SL75_.jpg","Width":75}}},"ItemInfo":{"ByLineInfo":{"Brand":{"DisplayValue":"Maddox Detail","Label":"Brand","Locale":"es_ES"},"Manufacturer":{"DisplayValue":"Maddox Automoción SL","Label":"Manufacturer","Locale":"es_ES"}},"Title":{"DisplayValue":"Maddox Detail - Leather Detailer 500 ml | Limpiador y Acondicionador de Cuero | Limpieza Profunda para Coche y Sofá | Tratamiento de Piel | Elimina Suciedad y Manchas | Restaura Asientos","Label":"Title","Locale":"es_ES"}},"Offers":{"Summaries":[{"Condition":{"Value":"New"},"LowestPrice":{"Amount":12.9,"Currency":"EUR","DisplayAmount":"12,90 € (25,80 € / l)","PricePerUnit":25.8}}]}},{"ASIN":"B007DJ566O","DetailPageURL":"https://www.amazon.es/dp/B007DJ566O?tag=topinalambricos-21&linkCode=osi&th=1&psc=1","Images":{"Primary":{"Small":{"Height":75,"URL":"https://m.media-amazon.com/images/I/41Arv3FwqYL._SL75_.jpg","Width":75}}},"ItemInfo":{"ByLineInfo":{"Brand":{"DisplayValue":"DELARA","Label":"Brand","Locale":"es_ES"},"Manufacturer":{"DisplayValue":"DELARA","Label":"Manufacturer","Locale":"es_ES"}},"Title":{"DisplayValue":"DELARA Protector intensivo de cuero 100 ml, color: incoloro – Made in Germany","Label":"Title","Locale":"es_ES"}},"Offers":{"Summaries":[{"Condition":{"Value":"New"},"LowestPrice":{"Amount":10.99,"Currency":"EUR","DisplayAmount":"10,99 €"}}]}},{"ASIN":"B0BNZ6LN98","DetailPageURL":"https://www.amazon.es/dp/B0BNZ6LN98?tag=topinalambricos-21&linkCode=osi&th=1&psc=1","Images":{"Primary":{"Small":{"Height":75,"URL":"https://m.media-amazon.com/images/I/41FW8HzHpVL._SL75_.jpg","Width":75}}},"ItemInfo":{"ByLineInfo":{"Brand":{"DisplayValue":"GxDetail","Label":"Brand","Locale":"es_ES"},"Manufacturer":{"DisplayValue":"GxDetail","Label":"Manufacturer","Locale":"es_ES"}},"Title":{"DisplayValue":"GxDetail Limpiador de Cuero y Piel - Limpia, protege y ayuda a mantener las superficies nuevas - Limpiador de Asientos de coche de Cuero - Leather Cleaner (500 ml.)","Label":"Title","Locale":"es_ES"}},"Offers":{"Summaries":[{"Condition":{"Value":"New"},"LowestPrice":{"Amount":10.99,"Currency":"EUR","DisplayAmount":"10,99 € (21,98 € / l)","PricePerUnit":21.98}}]}},{"ASIN":"B07JWHH61W","DetailPageURL":"https://www.amazon.es/dp/B07JWHH61W?tag=topinalambricos-21&linkCode=osi&th=1&psc=1","Images":{"Primary":{"Small":{"Height":75,"URL":"https://m.media-amazon.com/images/I/51mbQkPkmeL._SL75_.jpg","Width":75}}},"ItemInfo":{"ByLineInfo":{"Brand":{"DisplayValue":"Maddox Detail","Label":"Brand","Locale":"es_ES"},"Manufacturer":{"DisplayValue":"Maddox Automoción","Label":"Manufacturer","Locale":"es_ES"}},"Title":{"DisplayValue":"Maddox Detail - Leather Care Kit 500ml | Limpiador y Acondicionador de Cuero y Piel | Incluye Microfibra | Kit Limpiador de Tapicería de Coche","Label":"Title","Locale":"es_ES"}},"Offers":{"Summaries":[{"Condition":{"Value":"New"},"LowestPrice":{"Amount":26.5,"Currency":"EUR","DisplayAmount":"26,50 € (26,50 € / l)","PricePerUnit":26.5}}]}},{"ASIN":"B07K9XPXF8","DetailPageURL":"https://www.amazon.es/dp/B07K9XPXF8?tag=topinalambricos-21&linkCode=osi&th=1&psc=1","Images":{"Primary":{"Small":{"Height":75,"URL":"https://m.media-amazon.com/images/I/41IdIjP7B3L._SL75_.jpg","Width":75}}},"ItemInfo":{"ByLineInfo":{"Brand":{"DisplayValue":"QM Cleaner","Label":"Brand","Locale":"es_ES"},"Manufacturer":{"DisplayValue":"QM Cleaner","Label":"Manufacturer","Locale":"es_ES"}},"Title":{"DisplayValue":"QM Cleaner Limpieza e hidratación Cuero. Cuidado y Limpieza de la tapicería del Coche, sillones Sofa de Cuero. Limpia e hidrata (Kit Leather)","Label":"Title","Locale":"es_ES"}},"Offers":{"Summaries":[{"Condition":{"Value":"New"},"LowestPrice":{"Amount":28.49,"Currency":"EUR","DisplayAmount":"28,49 €"}}]}},{"ASIN":"B0BHT8LCCP","DetailPageURL":"https://www.amazon.es/dp/B0BHT8LCCP?tag=topinalambricos-21&linkCode=osi&th=1&psc=1","Images":{"Primary":{"Small":{"Height":75,"URL":"https://m.media-amazon.com/images/I/31vFEUUo0OL._SL75_.jpg","Width":75}}},"ItemInfo":{"ByLineInfo":{"Brand":{"DisplayValue":"LAAV","Label":"Brand","Locale":"es_ES"},"Manufacturer":{"DisplayValue":"CSG Sp. z o.o.","Label":"Manufacturer","Locale":"es_ES"}},"Title":{"DisplayValue":"LAAV Limpiador Cuero Leather Cleaner (250 ml) I Elimina la Suciedad y Las Manchas, no Seca I Limpiador Tapiceria Coche I Producto de Limpieza Ecológico para Todos los Productos de Piel","Label":"Title","Locale":"es_ES"}},"Offers":{"Summaries":[{"Condition":{"Value":"New"},"LowestPrice":{"Amount":6.9,"Currency":"EUR","DisplayAmount":"6,90 € (27,60 € / l)","PricePerUnit":27.6}}]}},{"ASIN":"B074KKZVMF","DetailPageURL":"https://www.amazon.es/dp/B074KKZVMF?tag=topinalambricos-21&linkCode=osi&th=1&psc=1","Images":{"Primary":{"Small":{"Height":75,"URL":"https://m.media-amazon.com/images/I/410nKkuP99L._SL75_.jpg","Width":75}}},"ItemInfo":{"ByLineInfo":{"Brand":{"DisplayValue":"Maddox Detail","Label":"Brand","Locale":"es_ES"},"Manufacturer":{"DisplayValue":"Maddox Automocion Sl","Label":"Manufacturer","Locale":"es_ES"}},"Title":{"DisplayValue":"Maddox Detail - Leather Conditioner 500ml | Hidratante y Tratamiento Cuero Coche | Limpiador Asientos de Cuero y Piel, Negro","Label":"Title","Locale":"es_ES"}},"Offers":{"Summaries":[{"Condition":{"Value":"New"},"LowestPrice":{"Amount":14.9,"Currency":"EUR","DisplayAmount":"14,90 € (29,80 € / l)","PricePerUnit":29.8}}]}},{"ASIN":"B0BPN5PWY3","DetailPageURL":"https://www.amazon.es/dp/B0BPN5PWY3?tag=topinalambricos-21&linkCode=osi&th=1&psc=1","Images":{"Primary":{"Small":{"Height":75,"URL":"https://m.media-amazon.com/images/I/511GOk2abCL._SL75_.jpg","Width":75}}},"ItemInfo":{"ByLineInfo":{"Brand":{"DisplayValue":"GxDetail","Label":"Brand","Locale":"es_ES"},"Manufacturer":{"DisplayValue":"GxDetail","Label":"Manufacturer","Locale":"es_ES"}},"Title":{"DisplayValue":"GxDetail Pack Cuidado Cuero - Kit Limpieza e Hidratación para Cuero Coche Gx Detail - Kit Con Accesorios y Limpiador de Asientos de Cuero - Limpia Asientos Tapicerias Piel y Cuero de Coche...","Label":"Title","Locale":"es_ES"}},"Offers":{"Summaries":[{"Condition":{"Value":"New"},"LowestPrice":{"Amount":34.95,"Currency":"EUR","DisplayAmount":"34,95 € (34,95 € / l)","PricePerUnit":34.95}}]}},{"ASIN":"B005EBNZTI","DetailPageURL":"https://www.amazon.es/dp/B005EBNZTI?tag=topinalambricos-21&linkCode=osi&th=1&psc=1","Images":{"Primary":{"Small":{"Height":75,"URL":"https://m.media-amazon.com/images/I/41MKOfJ00uL._SL75_.jpg","Width":75}}},"ItemInfo":{"ByLineInfo":{"Brand":{"DisplayValue":"Renapur","Label":"Brand","Locale":"es_ES"},"Manufacturer":{"DisplayValue":"Renapur Ltd","Label":"Manufacturer","Locale":"es_ES"}},"Title":{"DisplayValue":"Bálsamo de cuero, bálsamo natural, acondicionador y restaurador Renapur (200ml + esponja aplicadora)","Label":"Title","Locale":"es_ES"}},"Offers":{"Summaries":[{"Condition":{"Value":"New"},"LowestPrice":{"Amount":17.5,"Currency":"EUR","DisplayAmount":"17,50 €"}}]}},{"ASIN":"B01M0E5OC6","DetailPageURL":"https://www.amazon.es/dp/B01M0E5OC6?tag=topinalambricos-21&linkCode=osi&th=1&psc=1","Images":{"Primary":{"Small":{"Height":75,"URL":"https://m.media-amazon.com/images/I/31aqST56JDL._SL75_.jpg","Width":75}}},"ItemInfo":{"ByLineInfo":{"Brand":{"DisplayValue":"QM Cleaner","Label":"Brand","Locale":"es_ES"},"Manufacturer":{"DisplayValue":"QM Cleaner","Label":"Manufacturer","Locale":"es_ES"}},"Title":{"DisplayValue":"QM Cleaner LEATHER | Limpiador para cuero, piel y polipiel - Ideal para sillones, tapicerías de vehículos y complementos (Bolsos, chaquetas...) - 500ml","Label":"Title","Locale":"es_ES"}},"Offers":{"Summaries":[{"Condition":{"Value":"New"},"LowestPrice":{"Amount":15.99,"Currency":"EUR","DisplayAmount":"15,99 €"}}]}}],"SearchURL":"https://www.amazon.es/s?k=limpiar+cuero&rh=n%3A2424866031%2Cp_n_availability%3A-1&tag=topinalambricos-21&linkCode=osi","TotalResultCount":743}},"12":{"SearchResult":{"Items":[{"ASIN":"B07SL4WY1W","DetailPageURL":"https://www.amazon.es/dp/B07SL4WY1W?tag=topinalambricos-21&linkCode=osi&th=1&psc=1","Images":{"Primary":{"Small":{"Height":75,"URL":"https://m.media-amazon.com/images/I/4150jn7SysL._SL75_.jpg","Width":75}}},"ItemInfo":{"ByLineInfo":{"Brand":{"DisplayValue":"Maddox Detail","Label":"Brand","Locale":"es_ES"},"Manufacturer":{"DisplayValue":"Maddox Automoción SL","Label":"Manufacturer","Locale":"es_ES"}},"Title":{"DisplayValue":"Maddox Detail - Leather Detailer 500 ml | Limpiador y Acondicionador de Cuero | Limpieza Profunda para Coche y Sofá | Tratamiento de Piel | Elimina Suciedad y Manchas | Restaura Asientos","Label":"Title","Locale":"es_ES"}},"Offers":{"Summaries":[{"Condition":{"Value":"New"},"LowestPrice":{"Amount":12.9,"Currency":"EUR","DisplayAmount":"12,90 € (25,80 € / l)","PricePerUnit":25.8}}]}},{"ASIN":"B007DJ566O","DetailPageURL":"https://www.amazon.es/dp/B007DJ566O?tag=topinalambricos-21&linkCode=osi&th=1&psc=1","Images":{"Primary":{"Small":{"Height":75,"URL":"https://m.media-amazon.com/images/I/41Arv3FwqYL._SL75_.jpg","Width":75}}},"ItemInfo":{"ByLineInfo":{"Brand":{"DisplayValue":"DELARA","Label":"Brand","Locale":"es_ES"},"Manufacturer":{"DisplayValue":"DELARA","Label":"Manufacturer","Locale":"es_ES"}},"Title":{"DisplayValue":"DELARA Protector intensivo de cuero 100 ml, color: incoloro – Made in Germany","Label":"Title","Locale":"es_ES"}},"Offers":{"Summaries":[{"Condition":{"Value":"New"},"LowestPrice":{"Amount":10.99,"Currency":"EUR","DisplayAmount":"10,99 €"}}]}},{"ASIN":"B0BNZ6LN98","DetailPageURL":"https://www.amazon.es/dp/B0BNZ6LN98?tag=topinalambricos-21&linkCode=osi&th=1&psc=1","Images":{"Primary":{"Small":{"Height":75,"URL":"https://m.media-amazon.com/images/I/41FW8HzHpVL._SL75_.jpg","Width":75}}},"ItemInfo":{"ByLineInfo":{"Brand":{"DisplayValue":"GxDetail","Label":"Brand","Locale":"es_ES"},"Manufacturer":{"DisplayValue":"GxDetail","Label":"Manufacturer","Locale":"es_ES"}},"Title":{"DisplayValue":"GxDetail Limpiador de Cuero y Piel - Limpia, protege y ayuda a mantener las superficies nuevas - Limpiador de Asientos de coche de Cuero - Leather Cleaner (500 ml.)","Label":"Title","Locale":"es_ES"}},"Offers":{"Summaries":[{"Condition":{"Value":"New"},"LowestPrice":{"Amount":10.99,"Currency":"EUR","DisplayAmount":"10,99 € (21,98 € / l)","PricePerUnit":21.98}}]}},{"ASIN":"B07JWHH61W","DetailPageURL":"https://www.amazon.es/dp/B07JWHH61W?tag=topinalambricos-21&linkCode=osi&th=1&psc=1","Images":{"Primary":{"Small":{"Height":75,"URL":"https://m.media-amazon.com/images/I/51mbQkPkmeL._SL75_.jpg","Width":75}}},"ItemInfo":{"ByLineInfo":{"Brand":{"DisplayValue":"Maddox Detail","Label":"Brand","Locale":"es_ES"},"Manufacturer":{"DisplayValue":"Maddox Automoción","Label":"Manufacturer","Locale":"es_ES"}},"Title":{"DisplayValue":"Maddox Detail - Leather Care Kit 500ml | Limpiador y Acondicionador de Cuero y Piel | Incluye Microfibra | Kit Limpiador de Tapicería de Coche","Label":"Title","Locale":"es_ES"}},"Offers":{"Summaries":[{"Condition":{"Value":"New"},"LowestPrice":{"Amount":26.5,"Currency":"EUR","DisplayAmount":"26,50 € (26,50 € / l)","PricePerUnit":26.5}}]}},{"ASIN":"B07K9XPXF8","DetailPageURL":"https://www.amazon.es/dp/B07K9XPXF8?tag=topinalambricos-21&linkCode=osi&th=1&psc=1","Images":{"Primary":{"Small":{"Height":75,"URL":"https://m.media-amazon.com/images/I/41IdIjP7B3L._SL75_.jpg","Width":75}}},"ItemInfo":{"ByLineInfo":{"Brand":{"DisplayValue":"QM Cleaner","Label":"Brand","Locale":"es_ES"},"Manufacturer":{"DisplayValue":"QM Cleaner","Label":"Manufacturer","Locale":"es_ES"}},"Title":{"DisplayValue":"QM Cleaner Limpieza e hidratación Cuero. Cuidado y Limpieza de la tapicería del Coche, sillones Sofa de Cuero. Limpia e hidrata (Kit Leather)","Label":"Title","Locale":"es_ES"}},"Offers":{"Summaries":[{"Condition":{"Value":"New"},"LowestPrice":{"Amount":28.49,"Currency":"EUR","DisplayAmount":"28,49 €"}}]}},{"ASIN":"B0BHT8LCCP","DetailPageURL":"https://www.amazon.es/dp/B0BHT8LCCP?tag=topinalambricos-21&linkCode=osi&th=1&psc=1","Images":{"Primary":{"Small":{"Height":75,"URL":"https://m.media-amazon.com/images/I/31vFEUUo0OL._SL75_.jpg","Width":75}}},"ItemInfo":{"ByLineInfo":{"Brand":{"DisplayValue":"LAAV","Label":"Brand","Locale":"es_ES"},"Manufacturer":{"DisplayValue":"CSG Sp. z o.o.","Label":"Manufacturer","Locale":"es_ES"}},"Title":{"DisplayValue":"LAAV Limpiador Cuero Leather Cleaner (250 ml) I Elimina la Suciedad y Las Manchas, no Seca I Limpiador Tapiceria Coche I Producto de Limpieza Ecológico para Todos los Productos de Piel","Label":"Title","Locale":"es_ES"}},"Offers":{"Summaries":[{"Condition":{"Value":"New"},"LowestPrice":{"Amount":6.9,"Currency":"EUR","DisplayAmount":"6,90 € (27,60 € / l)","PricePerUnit":27.6}}]}},{"ASIN":"B074KKZVMF","DetailPageURL":"https://www.amazon.es/dp/B074KKZVMF?tag=topinalambricos-21&linkCode=osi&th=1&psc=1","Images":{"Primary":{"Small":{"Height":75,"URL":"https://m.media-amazon.com/images/I/410nKkuP99L._SL75_.jpg","Width":75}}},"ItemInfo":{"ByLineInfo":{"Brand":{"DisplayValue":"Maddox Detail","Label":"Brand","Locale":"es_ES"},"Manufacturer":{"DisplayValue":"Maddox Automocion Sl","Label":"Manufacturer","Locale":"es_ES"}},"Title":{"DisplayValue":"Maddox Detail - Leather Conditioner 500ml | Hidratante y Tratamiento Cuero Coche | Limpiador Asientos de Cuero y Piel, Negro","Label":"Title","Locale":"es_ES"}},"Offers":{"Summaries":[{"Condition":{"Value":"New"},"LowestPrice":{"Amount":14.9,"Currency":"EUR","DisplayAmount":"14,90 € (29,80 € / l)","PricePerUnit":29.8}}]}},{"ASIN":"B0BPN5PWY3","DetailPageURL":"https://www.amazon.es/dp/B0BPN5PWY3?tag=topinalambricos-21&linkCode=osi&th=1&psc=1","Images":{"Primary":{"Small":{"Height":75,"URL":"https://m.media-amazon.com/images/I/511GOk2abCL._SL75_.jpg","Width":75}}},"ItemInfo":{"ByLineInfo":{"Brand":{"DisplayValue":"GxDetail","Label":"Brand","Locale":"es_ES"},"Manufacturer":{"DisplayValue":"GxDetail","Label":"Manufacturer","Locale":"es_ES"}},"Title":{"DisplayValue":"GxDetail Pack Cuidado Cuero - Kit Limpieza e Hidratación para Cuero Coche Gx Detail - Kit Con Accesorios y Limpiador de Asientos de Cuero - Limpia Asientos Tapicerias Piel y Cuero de Coche...","Label":"Title","Locale":"es_ES"}},"Offers":{"Summaries":[{"Condition":{"Value":"New"},"LowestPrice":{"Amount":34.95,"Currency":"EUR","DisplayAmount":"34,95 € (34,95 € / l)","PricePerUnit":34.95}}]}},{"ASIN":"B005EBNZTI","DetailPageURL":"https://www.amazon.es/dp/B005EBNZTI?tag=topinalambricos-21&linkCode=osi&th=1&psc=1","Images":{"Primary":{"Small":{"Height":75,"URL":"https://m.media-amazon.com/images/I/41MKOfJ00uL._SL75_.jpg","Width":75}}},"ItemInfo":{"ByLineInfo":{"Brand":{"DisplayValue":"Renapur","Label":"Brand","Locale":"es_ES"},"Manufacturer":{"DisplayValue":"Renapur Ltd","Label":"Manufacturer","Locale":"es_ES"}},"Title":{"DisplayValue":"Bálsamo de cuero, bálsamo natural, acondicionador y restaurador Renapur (200ml + esponja aplicadora)","Label":"Title","Locale":"es_ES"}},"Offers":{"Summaries":[{"Condition":{"Value":"New"},"LowestPrice":{"Amount":17.5,"Currency":"EUR","DisplayAmount":"17,50 €"}}]}},{"ASIN":"B01M0E5OC6","DetailPageURL":"https://www.amazon.es/dp/B01M0E5OC6?tag=topinalambricos-21&linkCode=osi&th=1&psc=1","Images":{"Primary":{"Small":{"Height":75,"URL":"https://m.media-amazon.com/images/I/31aqST56JDL._SL75_.jpg","Width":75}}},"ItemInfo":{"ByLineInfo":{"Brand":{"DisplayValue":"QM Cleaner","Label":"Brand","Locale":"es_ES"},"Manufacturer":{"DisplayValue":"QM Cleaner","Label":"Manufacturer","Locale":"es_ES"}},"Title":{"DisplayValue":"QM Cleaner LEATHER | Limpiador para cuero, piel y polipiel - Ideal para sillones, tapicerías de vehículos y complementos (Bolsos, chaquetas...) - 500ml","Label":"Title","Locale":"es_ES"}},"Offers":{"Summaries":[{"Condition":{"Value":"New"},"LowestPrice":{"Amount":15.99,"Currency":"EUR","DisplayAmount":"15,99 €"}}]}}],"SearchURL":"https://www.amazon.es/s?k=limpiar+cuero&rh=n%3A2424866031%2Cp_n_availability%3A-1&tag=topinalambricos-21&linkCode=osi","TotalResultCount":743}},"13":{"SearchResult":{"Items":[{"ASIN":"B07SL4WY1W","DetailPageURL":"https://www.amazon.es/dp/B07SL4WY1W?tag=topinalambricos-21&linkCode=osi&th=1&psc=1","Images":{"Primary":{"Small":{"Height":75,"URL":"https://m.media-amazon.com/images/I/4150jn7SysL._SL75_.jpg","Width":75}}},"ItemInfo":{"ByLineInfo":{"Brand":{"DisplayValue":"Maddox Detail","Label":"Brand","Locale":"es_ES"},"Manufacturer":{"DisplayValue":"Maddox Automoción SL","Label":"Manufacturer","Locale":"es_ES"}},"Title":{"DisplayValue":"Maddox Detail - Leather Detailer 500 ml | Limpiador y Acondicionador de Cuero | Limpieza Profunda para Coche y Sofá | Tratamiento de Piel | Elimina Suciedad y Manchas | Restaura Asientos","Label":"Title","Locale":"es_ES"}},"Offers":{"Summaries":[{"Condition":{"Value":"New"},"LowestPrice":{"Amount":12.9,"Currency":"EUR","DisplayAmount":"12,90 € (25,80 € / l)","PricePerUnit":25.8}}]}},{"ASIN":"B007DJ566O","DetailPageURL":"https://www.amazon.es/dp/B007DJ566O?tag=topinalambricos-21&linkCode=osi&th=1&psc=1","Images":{"Primary":{"Small":{"Height":75,"URL":"https://m.media-amazon.com/images/I/41Arv3FwqYL._SL75_.jpg","Width":75}}},"ItemInfo":{"ByLineInfo":{"Brand":{"DisplayValue":"DELARA","Label":"Brand","Locale":"es_ES"},"Manufacturer":{"DisplayValue":"DELARA","Label":"Manufacturer","Locale":"es_ES"}},"Title":{"DisplayValue":"DELARA Protector intensivo de cuero 100 ml, color: incoloro – Made in Germany","Label":"Title","Locale":"es_ES"}},"Offers":{"Summaries":[{"Condition":{"Value":"New"},"LowestPrice":{"Amount":10.99,"Currency":"EUR","DisplayAmount":"10,99 €"}}]}},{"ASIN":"B0BNZ6LN98","DetailPageURL":"https://www.amazon.es/dp/B0BNZ6LN98?tag=topinalambricos-21&linkCode=osi&th=1&psc=1","Images":{"Primary":{"Small":{"Height":75,"URL":"https://m.media-amazon.com/images/I/41FW8HzHpVL._SL75_.jpg","Width":75}}},"ItemInfo":{"ByLineInfo":{"Brand":{"DisplayValue":"GxDetail","Label":"Brand","Locale":"es_ES"},"Manufacturer":{"DisplayValue":"GxDetail","Label":"Manufacturer","Locale":"es_ES"}},"Title":{"DisplayValue":"GxDetail Limpiador de Cuero y Piel - Limpia, protege y ayuda a mantener las superficies nuevas - Limpiador de Asientos de coche de Cuero - Leather Cleaner (500 ml.)","Label":"Title","Locale":"es_ES"}},"Offers":{"Summaries":[{"Condition":{"Value":"New"},"LowestPrice":{"Amount":10.99,"Currency":"EUR","DisplayAmount":"10,99 € (21,98 € / l)","PricePerUnit":21.98}}]}},{"ASIN":"B07JWHH61W","DetailPageURL":"https://www.amazon.es/dp/B07JWHH61W?tag=topinalambricos-21&linkCode=osi&th=1&psc=1","Images":{"Primary":{"Small":{"Height":75,"URL":"https://m.media-amazon.com/images/I/51mbQkPkmeL._SL75_.jpg","Width":75}}},"ItemInfo":{"ByLineInfo":{"Brand":{"DisplayValue":"Maddox Detail","Label":"Brand","Locale":"es_ES"},"Manufacturer":{"DisplayValue":"Maddox Automoción","Label":"Manufacturer","Locale":"es_ES"}},"Title":{"DisplayValue":"Maddox Detail - Leather Care Kit 500ml | Limpiador y Acondicionador de Cuero y Piel | Incluye Microfibra | Kit Limpiador de Tapicería de Coche","Label":"Title","Locale":"es_ES"}},"Offers":{"Summaries":[{"Condition":{"Value":"New"},"LowestPrice":{"Amount":26.5,"Currency":"EUR","DisplayAmount":"26,50 € (26,50 € / l)","PricePerUnit":26.5}}]}},{"ASIN":"B07K9XPXF8","DetailPageURL":"https://www.amazon.es/dp/B07K9XPXF8?tag=topinalambricos-21&linkCode=osi&th=1&psc=1","Images":{"Primary":{"Small":{"Height":75,"URL":"https://m.media-amazon.com/images/I/41IdIjP7B3L._SL75_.jpg","Width":75}}},"ItemInfo":{"ByLineInfo":{"Brand":{"DisplayValue":"QM Cleaner","Label":"Brand","Locale":"es_ES"},"Manufacturer":{"DisplayValue":"QM Cleaner","Label":"Manufacturer","Locale":"es_ES"}},"Title":{"DisplayValue":"QM Cleaner Limpieza e hidratación Cuero. Cuidado y Limpieza de la tapicería del Coche, sillones Sofa de Cuero. Limpia e hidrata (Kit Leather)","Label":"Title","Locale":"es_ES"}},"Offers":{"Summaries":[{"Condition":{"Value":"New"},"LowestPrice":{"Amount":28.49,"Currency":"EUR","DisplayAmount":"28,49 €"}}]}},{"ASIN":"B0BHT8LCCP","DetailPageURL":"https://www.amazon.es/dp/B0BHT8LCCP?tag=topinalambricos-21&linkCode=osi&th=1&psc=1","Images":{"Primary":{"Small":{"Height":75,"URL":"https://m.media-amazon.com/images/I/31vFEUUo0OL._SL75_.jpg","Width":75}}},"ItemInfo":{"ByLineInfo":{"Brand":{"DisplayValue":"LAAV","Label":"Brand","Locale":"es_ES"},"Manufacturer":{"DisplayValue":"CSG Sp. z o.o.","Label":"Manufacturer","Locale":"es_ES"}},"Title":{"DisplayValue":"LAAV Limpiador Cuero Leather Cleaner (250 ml) I Elimina la Suciedad y Las Manchas, no Seca I Limpiador Tapiceria Coche I Producto de Limpieza Ecológico para Todos los Productos de Piel","Label":"Title","Locale":"es_ES"}},"Offers":{"Summaries":[{"Condition":{"Value":"New"},"LowestPrice":{"Amount":6.9,"Currency":"EUR","DisplayAmount":"6,90 € (27,60 € / l)","PricePerUnit":27.6}}]}},{"ASIN":"B074KKZVMF","DetailPageURL":"https://www.amazon.es/dp/B074KKZVMF?tag=topinalambricos-21&linkCode=osi&th=1&psc=1","Images":{"Primary":{"Small":{"Height":75,"URL":"https://m.media-amazon.com/images/I/410nKkuP99L._SL75_.jpg","Width":75}}},"ItemInfo":{"ByLineInfo":{"Brand":{"DisplayValue":"Maddox Detail","Label":"Brand","Locale":"es_ES"},"Manufacturer":{"DisplayValue":"Maddox Automocion Sl","Label":"Manufacturer","Locale":"es_ES"}},"Title":{"DisplayValue":"Maddox Detail - Leather Conditioner 500ml | Hidratante y Tratamiento Cuero Coche | Limpiador Asientos de Cuero y Piel, Negro","Label":"Title","Locale":"es_ES"}},"Offers":{"Summaries":[{"Condition":{"Value":"New"},"LowestPrice":{"Amount":14.9,"Currency":"EUR","DisplayAmount":"14,90 € (29,80 € / l)","PricePerUnit":29.8}}]}},{"ASIN":"B0BPN5PWY3","DetailPageURL":"https://www.amazon.es/dp/B0BPN5PWY3?tag=topinalambricos-21&linkCode=osi&th=1&psc=1","Images":{"Primary":{"Small":{"Height":75,"URL":"https://m.media-amazon.com/images/I/511GOk2abCL._SL75_.jpg","Width":75}}},"ItemInfo":{"ByLineInfo":{"Brand":{"DisplayValue":"GxDetail","Label":"Brand","Locale":"es_ES"},"Manufacturer":{"DisplayValue":"GxDetail","Label":"Manufacturer","Locale":"es_ES"}},"Title":{"DisplayValue":"GxDetail Pack Cuidado Cuero - Kit Limpieza e Hidratación para Cuero Coche Gx Detail - Kit Con Accesorios y Limpiador de Asientos de Cuero - Limpia Asientos Tapicerias Piel y Cuero de Coche...","Label":"Title","Locale":"es_ES"}},"Offers":{"Summaries":[{"Condition":{"Value":"New"},"LowestPrice":{"Amount":34.95,"Currency":"EUR","DisplayAmount":"34,95 € (34,95 € / l)","PricePerUnit":34.95}}]}},{"ASIN":"B005EBNZTI","DetailPageURL":"https://www.amazon.es/dp/B005EBNZTI?tag=topinalambricos-21&linkCode=osi&th=1&psc=1","Images":{"Primary":{"Small":{"Height":75,"URL":"https://m.media-amazon.com/images/I/41MKOfJ00uL._SL75_.jpg","Width":75}}},"ItemInfo":{"ByLineInfo":{"Brand":{"DisplayValue":"Renapur","Label":"Brand","Locale":"es_ES"},"Manufacturer":{"DisplayValue":"Renapur Ltd","Label":"Manufacturer","Locale":"es_ES"}},"Title":{"DisplayValue":"Bálsamo de cuero, bálsamo natural, acondicionador y restaurador Renapur (200ml + esponja aplicadora)","Label":"Title","Locale":"es_ES"}},"Offers":{"Summaries":[{"Condition":{"Value":"New"},"LowestPrice":{"Amount":17.5,"Currency":"EUR","DisplayAmount":"17,50 €"}}]}},{"ASIN":"B01M0E5OC6","DetailPageURL":"https://www.amazon.es/dp/B01M0E5OC6?tag=topinalambricos-21&linkCode=osi&th=1&psc=1","Images":{"Primary":{"Small":{"Height":75,"URL":"https://m.media-amazon.com/images/I/31aqST56JDL._SL75_.jpg","Width":75}}},"ItemInfo":{"ByLineInfo":{"Brand":{"DisplayValue":"QM Cleaner","Label":"Brand","Locale":"es_ES"},"Manufacturer":{"DisplayValue":"QM Cleaner","Label":"Manufacturer","Locale":"es_ES"}},"Title":{"DisplayValue":"QM Cleaner LEATHER | Limpiador para cuero, piel y polipiel - Ideal para sillones, tapicerías de vehículos y complementos (Bolsos, chaquetas...) - 500ml","Label":"Title","Locale":"es_ES"}},"Offers":{"Summaries":[{"Condition":{"Value":"New"},"LowestPrice":{"Amount":15.99,"Currency":"EUR","DisplayAmount":"15,99 €"}}]}}],"SearchURL":"https://www.amazon.es/s?k=limpiar+cuero&rh=n%3A2424866031%2Cp_n_availability%3A-1&tag=topinalambricos-21&linkCode=osi","TotalResultCount":743}},"14":{"SearchResult":{"Items":[{"ASIN":"B07SL4WY1W","DetailPageURL":"https://www.amazon.es/dp/B07SL4WY1W?tag=topinalambricos-21&linkCode=osi&th=1&psc=1","Images":{"Primary":{"Small":{"Height":75,"URL":"https://m.media-amazon.com/images/I/4150jn7SysL._SL75_.jpg","Width":75}}},"ItemInfo":{"ByLineInfo":{"Brand":{"DisplayValue":"Maddox Detail","Label":"Brand","Locale":"es_ES"},"Manufacturer":{"DisplayValue":"Maddox Automoción SL","Label":"Manufacturer","Locale":"es_ES"}},"Title":{"DisplayValue":"Maddox Detail - Leather Detailer 500 ml | Limpiador y Acondicionador de Cuero | Limpieza Profunda para Coche y Sofá | Tratamiento de Piel | Elimina Suciedad y Manchas | Restaura Asientos","Label":"Title","Locale":"es_ES"}},"Offers":{"Summaries":[{"Condition":{"Value":"New"},"LowestPrice":{"Amount":12.9,"Currency":"EUR","DisplayAmount":"12,90 € (25,80 € / l)","PricePerUnit":25.8}}]}},{"ASIN":"B007DJ566O","DetailPageURL":"https://www.amazon.es/dp/B007DJ566O?tag=topinalambricos-21&linkCode=osi&th=1&psc=1","Images":{"Primary":{"Small":{"Height":75,"URL":"https://m.media-amazon.com/images/I/41Arv3FwqYL._SL75_.jpg","Width":75}}},"ItemInfo":{"ByLineInfo":{"Brand":{"DisplayValue":"DELARA","Label":"Brand","Locale":"es_ES"},"Manufacturer":{"DisplayValue":"DELARA","Label":"Manufacturer","Locale":"es_ES"}},"Title":{"DisplayValue":"DELARA Protector intensivo de cuero 100 ml, color: incoloro – Made in Germany","Label":"Title","Locale":"es_ES"}},"Offers":{"Summaries":[{"Condition":{"Value":"New"},"LowestPrice":{"Amount":10.99,"Currency":"EUR","DisplayAmount":"10,99 €"}}]}},{"ASIN":"B0BNZ6LN98","DetailPageURL":"https://www.amazon.es/dp/B0BNZ6LN98?tag=topinalambricos-21&linkCode=osi&th=1&psc=1","Images":{"Primary":{"Small":{"Height":75,"URL":"https://m.media-amazon.com/images/I/41FW8HzHpVL._SL75_.jpg","Width":75}}},"ItemInfo":{"ByLineInfo":{"Brand":{"DisplayValue":"GxDetail","Label":"Brand","Locale":"es_ES"},"Manufacturer":{"DisplayValue":"GxDetail","Label":"Manufacturer","Locale":"es_ES"}},"Title":{"DisplayValue":"GxDetail Limpiador de Cuero y Piel - Limpia, protege y ayuda a mantener las superficies nuevas - Limpiador de Asientos de coche de Cuero - Leather Cleaner (500 ml.)","Label":"Title","Locale":"es_ES"}},"Offers":{"Summaries":[{"Condition":{"Value":"New"},"LowestPrice":{"Amount":10.99,"Currency":"EUR","DisplayAmount":"10,99 € (21,98 € / l)","PricePerUnit":21.98}}]}},{"ASIN":"B07JWHH61W","DetailPageURL":"https://www.amazon.es/dp/B07JWHH61W?tag=topinalambricos-21&linkCode=osi&th=1&psc=1","Images":{"Primary":{"Small":{"Height":75,"URL":"https://m.media-amazon.com/images/I/51mbQkPkmeL._SL75_.jpg","Width":75}}},"ItemInfo":{"ByLineInfo":{"Brand":{"DisplayValue":"Maddox Detail","Label":"Brand","Locale":"es_ES"},"Manufacturer":{"DisplayValue":"Maddox Automoción","Label":"Manufacturer","Locale":"es_ES"}},"Title":{"DisplayValue":"Maddox Detail - Leather Care Kit 500ml | Limpiador y Acondicionador de Cuero y Piel | Incluye Microfibra | Kit Limpiador de Tapicería de Coche","Label":"Title","Locale":"es_ES"}},"Offers":{"Summaries":[{"Condition":{"Value":"New"},"LowestPrice":{"Amount":26.5,"Currency":"EUR","DisplayAmount":"26,50 € (26,50 € / l)","PricePerUnit":26.5}}]}},{"ASIN":"B07K9XPXF8","DetailPageURL":"https://www.amazon.es/dp/B07K9XPXF8?tag=topinalambricos-21&linkCode=osi&th=1&psc=1","Images":{"Primary":{"Small":{"Height":75,"URL":"https://m.media-amazon.com/images/I/41IdIjP7B3L._SL75_.jpg","Width":75}}},"ItemInfo":{"ByLineInfo":{"Brand":{"DisplayValue":"QM Cleaner","Label":"Brand","Locale":"es_ES"},"Manufacturer":{"DisplayValue":"QM Cleaner","Label":"Manufacturer","Locale":"es_ES"}},"Title":{"DisplayValue":"QM Cleaner Limpieza e hidratación Cuero. Cuidado y Limpieza de la tapicería del Coche, sillones Sofa de Cuero. Limpia e hidrata (Kit Leather)","Label":"Title","Locale":"es_ES"}},"Offers":{"Summaries":[{"Condition":{"Value":"New"},"LowestPrice":{"Amount":28.49,"Currency":"EUR","DisplayAmount":"28,49 €"}}]}},{"ASIN":"B0BHT8LCCP","DetailPageURL":"https://www.amazon.es/dp/B0BHT8LCCP?tag=topinalambricos-21&linkCode=osi&th=1&psc=1","Images":{"Primary":{"Small":{"Height":75,"URL":"https://m.media-amazon.com/images/I/31vFEUUo0OL._SL75_.jpg","Width":75}}},"ItemInfo":{"ByLineInfo":{"Brand":{"DisplayValue":"LAAV","Label":"Brand","Locale":"es_ES"},"Manufacturer":{"DisplayValue":"CSG Sp. z o.o.","Label":"Manufacturer","Locale":"es_ES"}},"Title":{"DisplayValue":"LAAV Limpiador Cuero Leather Cleaner (250 ml) I Elimina la Suciedad y Las Manchas, no Seca I Limpiador Tapiceria Coche I Producto de Limpieza Ecológico para Todos los Productos de Piel","Label":"Title","Locale":"es_ES"}},"Offers":{"Summaries":[{"Condition":{"Value":"New"},"LowestPrice":{"Amount":6.9,"Currency":"EUR","DisplayAmount":"6,90 € (27,60 € / l)","PricePerUnit":27.6}}]}},{"ASIN":"B074KKZVMF","DetailPageURL":"https://www.amazon.es/dp/B074KKZVMF?tag=topinalambricos-21&linkCode=osi&th=1&psc=1","Images":{"Primary":{"Small":{"Height":75,"URL":"https://m.media-amazon.com/images/I/410nKkuP99L._SL75_.jpg","Width":75}}},"ItemInfo":{"ByLineInfo":{"Brand":{"DisplayValue":"Maddox Detail","Label":"Brand","Locale":"es_ES"},"Manufacturer":{"DisplayValue":"Maddox Automocion Sl","Label":"Manufacturer","Locale":"es_ES"}},"Title":{"DisplayValue":"Maddox Detail - Leather Conditioner 500ml | Hidratante y Tratamiento Cuero Coche | Limpiador Asientos de Cuero y Piel, Negro","Label":"Title","Locale":"es_ES"}},"Offers":{"Summaries":[{"Condition":{"Value":"New"},"LowestPrice":{"Amount":14.9,"Currency":"EUR","DisplayAmount":"14,90 € (29,80 € / l)","PricePerUnit":29.8}}]}},{"ASIN":"B0BPN5PWY3","DetailPageURL":"https://www.amazon.es/dp/B0BPN5PWY3?tag=topinalambricos-21&linkCode=osi&th=1&psc=1","Images":{"Primary":{"Small":{"Height":75,"URL":"https://m.media-amazon.com/images/I/511GOk2abCL._SL75_.jpg","Width":75}}},"ItemInfo":{"ByLineInfo":{"Brand":{"DisplayValue":"GxDetail","Label":"Brand","Locale":"es_ES"},"Manufacturer":{"DisplayValue":"GxDetail","Label":"Manufacturer","Locale":"es_ES"}},"Title":{"DisplayValue":"GxDetail Pack Cuidado Cuero - Kit Limpieza e Hidratación para Cuero Coche Gx Detail - Kit Con Accesorios y Limpiador de Asientos de Cuero - Limpia Asientos Tapicerias Piel y Cuero de Coche...","Label":"Title","Locale":"es_ES"}},"Offers":{"Summaries":[{"Condition":{"Value":"New"},"LowestPrice":{"Amount":34.95,"Currency":"EUR","DisplayAmount":"34,95 € (34,95 € / l)","PricePerUnit":34.95}}]}},{"ASIN":"B005EBNZTI","DetailPageURL":"https://www.amazon.es/dp/B005EBNZTI?tag=topinalambricos-21&linkCode=osi&th=1&psc=1","Images":{"Primary":{"Small":{"Height":75,"URL":"https://m.media-amazon.com/images/I/41MKOfJ00uL._SL75_.jpg","Width":75}}},"ItemInfo":{"ByLineInfo":{"Brand":{"DisplayValue":"Renapur","Label":"Brand","Locale":"es_ES"},"Manufacturer":{"DisplayValue":"Renapur Ltd","Label":"Manufacturer","Locale":"es_ES"}},"Title":{"DisplayValue":"Bálsamo de cuero, bálsamo natural, acondicionador y restaurador Renapur (200ml + esponja aplicadora)","Label":"Title","Locale":"es_ES"}},"Offers":{"Summaries":[{"Condition":{"Value":"New"},"LowestPrice":{"Amount":17.5,"Currency":"EUR","DisplayAmount":"17,50 €"}}]}},{"ASIN":"B01M0E5OC6","DetailPageURL":"https://www.amazon.es/dp/B01M0E5OC6?tag=topinalambricos-21&linkCode=osi&th=1&psc=1","Images":{"Primary":{"Small":{"Height":75,"URL":"https://m.media-amazon.com/images/I/31aqST56JDL._SL75_.jpg","Width":75}}},"ItemInfo":{"ByLineInfo":{"Brand":{"DisplayValue":"QM Cleaner","Label":"Brand","Locale":"es_ES"},"Manufacturer":{"DisplayValue":"QM Cleaner","Label":"Manufacturer","Locale":"es_ES"}},"Title":{"DisplayValue":"QM Cleaner LEATHER | Limpiador para cuero, piel y polipiel - Ideal para sillones, tapicerías de vehículos y complementos (Bolsos, chaquetas...) - 500ml","Label":"Title","Locale":"es_ES"}},"Offers":{"Summaries":[{"Condition":{"Value":"New"},"LowestPrice":{"Amount":15.99,"Currency":"EUR","DisplayAmount":"15,99 €"}}]}}],"SearchURL":"https://www.amazon.es/s?k=limpiar+cuero&rh=n%3A2424866031%2Cp_n_availability%3A-1&tag=topinalambricos-21&linkCode=osi","TotalResultCount":743}},"15":{"SearchResult":{"Items":[{"ASIN":"B07SL4WY1W","DetailPageURL":"https://www.amazon.es/dp/B07SL4WY1W?tag=topinalambricos-21&linkCode=osi&th=1&psc=1","Images":{"Primary":{"Small":{"Height":75,"URL":"https://m.media-amazon.com/images/I/4150jn7SysL._SL75_.jpg","Width":75}}},"ItemInfo":{"ByLineInfo":{"Brand":{"DisplayValue":"Maddox Detail","Label":"Brand","Locale":"es_ES"},"Manufacturer":{"DisplayValue":"Maddox Automoción SL","Label":"Manufacturer","Locale":"es_ES"}},"Title":{"DisplayValue":"Maddox Detail - Leather Detailer 500 ml | Limpiador y Acondicionador de Cuero | Limpieza Profunda para Coche y Sofá | Tratamiento de Piel | Elimina Suciedad y Manchas | Restaura Asientos","Label":"Title","Locale":"es_ES"}},"Offers":{"Summaries":[{"Condition":{"Value":"New"},"LowestPrice":{"Amount":12.9,"Currency":"EUR","DisplayAmount":"12,90 € (25,80 € / l)","PricePerUnit":25.8}}]}},{"ASIN":"B007DJ566O","DetailPageURL":"https://www.amazon.es/dp/B007DJ566O?tag=topinalambricos-21&linkCode=osi&th=1&psc=1","Images":{"Primary":{"Small":{"Height":75,"URL":"https://m.media-amazon.com/images/I/41Arv3FwqYL._SL75_.jpg","Width":75}}},"ItemInfo":{"ByLineInfo":{"Brand":{"DisplayValue":"DELARA","Label":"Brand","Locale":"es_ES"},"Manufacturer":{"DisplayValue":"DELARA","Label":"Manufacturer","Locale":"es_ES"}},"Title":{"DisplayValue":"DELARA Protector intensivo de cuero 100 ml, color: incoloro – Made in Germany","Label":"Title","Locale":"es_ES"}},"Offers":{"Summaries":[{"Condition":{"Value":"New"},"LowestPrice":{"Amount":10.99,"Currency":"EUR","DisplayAmount":"10,99 €"}}]}},{"ASIN":"B0BNZ6LN98","DetailPageURL":"https://www.amazon.es/dp/B0BNZ6LN98?tag=topinalambricos-21&linkCode=osi&th=1&psc=1","Images":{"Primary":{"Small":{"Height":75,"URL":"https://m.media-amazon.com/images/I/41FW8HzHpVL._SL75_.jpg","Width":75}}},"ItemInfo":{"ByLineInfo":{"Brand":{"DisplayValue":"GxDetail","Label":"Brand","Locale":"es_ES"},"Manufacturer":{"DisplayValue":"GxDetail","Label":"Manufacturer","Locale":"es_ES"}},"Title":{"DisplayValue":"GxDetail Limpiador de Cuero y Piel - Limpia, protege y ayuda a mantener las superficies nuevas - Limpiador de Asientos de coche de Cuero - Leather Cleaner (500 ml.)","Label":"Title","Locale":"es_ES"}},"Offers":{"Summaries":[{"Condition":{"Value":"New"},"LowestPrice":{"Amount":10.99,"Currency":"EUR","DisplayAmount":"10,99 € (21,98 € / l)","PricePerUnit":21.98}}]}},{"ASIN":"B07JWHH61W","DetailPageURL":"https://www.amazon.es/dp/B07JWHH61W?tag=topinalambricos-21&linkCode=osi&th=1&psc=1","Images":{"Primary":{"Small":{"Height":75,"URL":"https://m.media-amazon.com/images/I/51mbQkPkmeL._SL75_.jpg","Width":75}}},"ItemInfo":{"ByLineInfo":{"Brand":{"DisplayValue":"Maddox Detail","Label":"Brand","Locale":"es_ES"},"Manufacturer":{"DisplayValue":"Maddox Automoción","Label":"Manufacturer","Locale":"es_ES"}},"Title":{"DisplayValue":"Maddox Detail - Leather Care Kit 500ml | Limpiador y Acondicionador de Cuero y Piel | Incluye Microfibra | Kit Limpiador de Tapicería de Coche","Label":"Title","Locale":"es_ES"}},"Offers":{"Summaries":[{"Condition":{"Value":"New"},"LowestPrice":{"Amount":26.5,"Currency":"EUR","DisplayAmount":"26,50 € (26,50 € / l)","PricePerUnit":26.5}}]}},{"ASIN":"B07K9XPXF8","DetailPageURL":"https://www.amazon.es/dp/B07K9XPXF8?tag=topinalambricos-21&linkCode=osi&th=1&psc=1","Images":{"Primary":{"Small":{"Height":75,"URL":"https://m.media-amazon.com/images/I/41IdIjP7B3L._SL75_.jpg","Width":75}}},"ItemInfo":{"ByLineInfo":{"Brand":{"DisplayValue":"QM Cleaner","Label":"Brand","Locale":"es_ES"},"Manufacturer":{"DisplayValue":"QM Cleaner","Label":"Manufacturer","Locale":"es_ES"}},"Title":{"DisplayValue":"QM Cleaner Limpieza e hidratación Cuero. Cuidado y Limpieza de la tapicería del Coche, sillones Sofa de Cuero. Limpia e hidrata (Kit Leather)","Label":"Title","Locale":"es_ES"}},"Offers":{"Summaries":[{"Condition":{"Value":"New"},"LowestPrice":{"Amount":28.49,"Currency":"EUR","DisplayAmount":"28,49 €"}}]}},{"ASIN":"B0BHT8LCCP","DetailPageURL":"https://www.amazon.es/dp/B0BHT8LCCP?tag=topinalambricos-21&linkCode=osi&th=1&psc=1","Images":{"Primary":{"Small":{"Height":75,"URL":"https://m.media-amazon.com/images/I/31vFEUUo0OL._SL75_.jpg","Width":75}}},"ItemInfo":{"ByLineInfo":{"Brand":{"DisplayValue":"LAAV","Label":"Brand","Locale":"es_ES"},"Manufacturer":{"DisplayValue":"CSG Sp. z o.o.","Label":"Manufacturer","Locale":"es_ES"}},"Title":{"DisplayValue":"LAAV Limpiador Cuero Leather Cleaner (250 ml) I Elimina la Suciedad y Las Manchas, no Seca I Limpiador Tapiceria Coche I Producto de Limpieza Ecológico para Todos los Productos de Piel","Label":"Title","Locale":"es_ES"}},"Offers":{"Summaries":[{"Condition":{"Value":"New"},"LowestPrice":{"Amount":6.9,"Currency":"EUR","DisplayAmount":"6,90 € (27,60 € / l)","PricePerUnit":27.6}}]}},{"ASIN":"B074KKZVMF","DetailPageURL":"https://www.amazon.es/dp/B074KKZVMF?tag=topinalambricos-21&linkCode=osi&th=1&psc=1","Images":{"Primary":{"Small":{"Height":75,"URL":"https://m.media-amazon.com/images/I/410nKkuP99L._SL75_.jpg","Width":75}}},"ItemInfo":{"ByLineInfo":{"Brand":{"DisplayValue":"Maddox Detail","Label":"Brand","Locale":"es_ES"},"Manufacturer":{"DisplayValue":"Maddox Automocion Sl","Label":"Manufacturer","Locale":"es_ES"}},"Title":{"DisplayValue":"Maddox Detail - Leather Conditioner 500ml | Hidratante y Tratamiento Cuero Coche | Limpiador Asientos de Cuero y Piel, Negro","Label":"Title","Locale":"es_ES"}},"Offers":{"Summaries":[{"Condition":{"Value":"New"},"LowestPrice":{"Amount":14.9,"Currency":"EUR","DisplayAmount":"14,90 € (29,80 € / l)","PricePerUnit":29.8}}]}},{"ASIN":"B0BPN5PWY3","DetailPageURL":"https://www.amazon.es/dp/B0BPN5PWY3?tag=topinalambricos-21&linkCode=osi&th=1&psc=1","Images":{"Primary":{"Small":{"Height":75,"URL":"https://m.media-amazon.com/images/I/511GOk2abCL._SL75_.jpg","Width":75}}},"ItemInfo":{"ByLineInfo":{"Brand":{"DisplayValue":"GxDetail","Label":"Brand","Locale":"es_ES"},"Manufacturer":{"DisplayValue":"GxDetail","Label":"Manufacturer","Locale":"es_ES"}},"Title":{"DisplayValue":"GxDetail Pack Cuidado Cuero - Kit Limpieza e Hidratación para Cuero Coche Gx Detail - Kit Con Accesorios y Limpiador de Asientos de Cuero - Limpia Asientos Tapicerias Piel y Cuero de Coche...","Label":"Title","Locale":"es_ES"}},"Offers":{"Summaries":[{"Condition":{"Value":"New"},"LowestPrice":{"Amount":34.95,"Currency":"EUR","DisplayAmount":"34,95 € (34,95 € / l)","PricePerUnit":34.95}}]}},{"ASIN":"B005EBNZTI","DetailPageURL":"https://www.amazon.es/dp/B005EBNZTI?tag=topinalambricos-21&linkCode=osi&th=1&psc=1","Images":{"Primary":{"Small":{"Height":75,"URL":"https://m.media-amazon.com/images/I/41MKOfJ00uL._SL75_.jpg","Width":75}}},"ItemInfo":{"ByLineInfo":{"Brand":{"DisplayValue":"Renapur","Label":"Brand","Locale":"es_ES"},"Manufacturer":{"DisplayValue":"Renapur Ltd","Label":"Manufacturer","Locale":"es_ES"}},"Title":{"DisplayValue":"Bálsamo de cuero, bálsamo natural, acondicionador y restaurador Renapur (200ml + esponja aplicadora)","Label":"Title","Locale":"es_ES"}},"Offers":{"Summaries":[{"Condition":{"Value":"New"},"LowestPrice":{"Amount":17.5,"Currency":"EUR","DisplayAmount":"17,50 €"}}]}},{"ASIN":"B01M0E5OC6","DetailPageURL":"https://www.amazon.es/dp/B01M0E5OC6?tag=topinalambricos-21&linkCode=osi&th=1&psc=1","Images":{"Primary":{"Small":{"Height":75,"URL":"https://m.media-amazon.com/images/I/31aqST56JDL._SL75_.jpg","Width":75}}},"ItemInfo":{"ByLineInfo":{"Brand":{"DisplayValue":"QM Cleaner","Label":"Brand","Locale":"es_ES"},"Manufacturer":{"DisplayValue":"QM Cleaner","Label":"Manufacturer","Locale":"es_ES"}},"Title":{"DisplayValue":"QM Cleaner LEATHER | Limpiador para cuero, piel y polipiel - Ideal para sillones, tapicerías de vehículos y complementos (Bolsos, chaquetas...) - 500ml","Label":"Title","Locale":"es_ES"}},"Offers":{"Summaries":[{"Condition":{"Value":"New"},"LowestPrice":{"Amount":15.99,"Currency":"EUR","DisplayAmount":"15,99 €"}}]}}],"SearchURL":"https://www.amazon.es/s?k=limpiar+cuero&rh=n%3A2424866031%2Cp_n_availability%3A-1&tag=topinalambricos-21&linkCode=osi","TotalResultCount":743}},"16":{"SearchResult":{"Items":[{"ASIN":"B07SL4WY1W","DetailPageURL":"https://www.amazon.es/dp/B07SL4WY1W?tag=topinalambricos-21&linkCode=osi&th=1&psc=1","Images":{"Primary":{"Small":{"Height":75,"URL":"https://m.media-amazon.com/images/I/4150jn7SysL._SL75_.jpg","Width":75}}},"ItemInfo":{"ByLineInfo":{"Brand":{"DisplayValue":"Maddox Detail","Label":"Brand","Locale":"es_ES"},"Manufacturer":{"DisplayValue":"Maddox Automoción SL","Label":"Manufacturer","Locale":"es_ES"}},"Title":{"DisplayValue":"Maddox Detail - Leather Detailer 500 ml | Limpiador y Acondicionador de Cuero | Limpieza Profunda para Coche y Sofá | Tratamiento de Piel | Elimina Suciedad y Manchas | Restaura Asientos","Label":"Title","Locale":"es_ES"}},"Offers":{"Summaries":[{"Condition":{"Value":"New"},"LowestPrice":{"Amount":12.9,"Currency":"EUR","DisplayAmount":"12,90 € (25,80 € / l)","PricePerUnit":25.8}}]}},{"ASIN":"B007DJ566O","DetailPageURL":"https://www.amazon.es/dp/B007DJ566O?tag=topinalambricos-21&linkCode=osi&th=1&psc=1","Images":{"Primary":{"Small":{"Height":75,"URL":"https://m.media-amazon.com/images/I/41Arv3FwqYL._SL75_.jpg","Width":75}}},"ItemInfo":{"ByLineInfo":{"Brand":{"DisplayValue":"DELARA","Label":"Brand","Locale":"es_ES"},"Manufacturer":{"DisplayValue":"DELARA","Label":"Manufacturer","Locale":"es_ES"}},"Title":{"DisplayValue":"DELARA Protector intensivo de cuero 100 ml, color: incoloro – Made in Germany","Label":"Title","Locale":"es_ES"}},"Offers":{"Summaries":[{"Condition":{"Value":"New"},"LowestPrice":{"Amount":10.99,"Currency":"EUR","DisplayAmount":"10,99 €"}}]}},{"ASIN":"B0BNZ6LN98","DetailPageURL":"https://www.amazon.es/dp/B0BNZ6LN98?tag=topinalambricos-21&linkCode=osi&th=1&psc=1","Images":{"Primary":{"Small":{"Height":75,"URL":"https://m.media-amazon.com/images/I/41FW8HzHpVL._SL75_.jpg","Width":75}}},"ItemInfo":{"ByLineInfo":{"Brand":{"DisplayValue":"GxDetail","Label":"Brand","Locale":"es_ES"},"Manufacturer":{"DisplayValue":"GxDetail","Label":"Manufacturer","Locale":"es_ES"}},"Title":{"DisplayValue":"GxDetail Limpiador de Cuero y Piel - Limpia, protege y ayuda a mantener las superficies nuevas - Limpiador de Asientos de coche de Cuero - Leather Cleaner (500 ml.)","Label":"Title","Locale":"es_ES"}},"Offers":{"Summaries":[{"Condition":{"Value":"New"},"LowestPrice":{"Amount":10.99,"Currency":"EUR","DisplayAmount":"10,99 € (21,98 € / l)","PricePerUnit":21.98}}]}},{"ASIN":"B07JWHH61W","DetailPageURL":"https://www.amazon.es/dp/B07JWHH61W?tag=topinalambricos-21&linkCode=osi&th=1&psc=1","Images":{"Primary":{"Small":{"Height":75,"URL":"https://m.media-amazon.com/images/I/51mbQkPkmeL._SL75_.jpg","Width":75}}},"ItemInfo":{"ByLineInfo":{"Brand":{"DisplayValue":"Maddox Detail","Label":"Brand","Locale":"es_ES"},"Manufacturer":{"DisplayValue":"Maddox Automoción","Label":"Manufacturer","Locale":"es_ES"}},"Title":{"DisplayValue":"Maddox Detail - Leather Care Kit 500ml | Limpiador y Acondicionador de Cuero y Piel | Incluye Microfibra | Kit Limpiador de Tapicería de Coche","Label":"Title","Locale":"es_ES"}},"Offers":{"Summaries":[{"Condition":{"Value":"New"},"LowestPrice":{"Amount":26.5,"Currency":"EUR","DisplayAmount":"26,50 € (26,50 € / l)","PricePerUnit":26.5}}]}},{"ASIN":"B07K9XPXF8","DetailPageURL":"https://www.amazon.es/dp/B07K9XPXF8?tag=topinalambricos-21&linkCode=osi&th=1&psc=1","Images":{"Primary":{"Small":{"Height":75,"URL":"https://m.media-amazon.com/images/I/41IdIjP7B3L._SL75_.jpg","Width":75}}},"ItemInfo":{"ByLineInfo":{"Brand":{"DisplayValue":"QM Cleaner","Label":"Brand","Locale":"es_ES"},"Manufacturer":{"DisplayValue":"QM Cleaner","Label":"Manufacturer","Locale":"es_ES"}},"Title":{"DisplayValue":"QM Cleaner Limpieza e hidratación Cuero. Cuidado y Limpieza de la tapicería del Coche, sillones Sofa de Cuero. Limpia e hidrata (Kit Leather)","Label":"Title","Locale":"es_ES"}},"Offers":{"Summaries":[{"Condition":{"Value":"New"},"LowestPrice":{"Amount":28.49,"Currency":"EUR","DisplayAmount":"28,49 €"}}]}},{"ASIN":"B0BHT8LCCP","DetailPageURL":"https://www.amazon.es/dp/B0BHT8LCCP?tag=topinalambricos-21&linkCode=osi&th=1&psc=1","Images":{"Primary":{"Small":{"Height":75,"URL":"https://m.media-amazon.com/images/I/31vFEUUo0OL._SL75_.jpg","Width":75}}},"ItemInfo":{"ByLineInfo":{"Brand":{"DisplayValue":"LAAV","Label":"Brand","Locale":"es_ES"},"Manufacturer":{"DisplayValue":"CSG Sp. z o.o.","Label":"Manufacturer","Locale":"es_ES"}},"Title":{"DisplayValue":"LAAV Limpiador Cuero Leather Cleaner (250 ml) I Elimina la Suciedad y Las Manchas, no Seca I Limpiador Tapiceria Coche I Producto de Limpieza Ecológico para Todos los Productos de Piel","Label":"Title","Locale":"es_ES"}},"Offers":{"Summaries":[{"Condition":{"Value":"New"},"LowestPrice":{"Amount":6.9,"Currency":"EUR","DisplayAmount":"6,90 € (27,60 € / l)","PricePerUnit":27.6}}]}},{"ASIN":"B074KKZVMF","DetailPageURL":"https://www.amazon.es/dp/B074KKZVMF?tag=topinalambricos-21&linkCode=osi&th=1&psc=1","Images":{"Primary":{"Small":{"Height":75,"URL":"https://m.media-amazon.com/images/I/410nKkuP99L._SL75_.jpg","Width":75}}},"ItemInfo":{"ByLineInfo":{"Brand":{"DisplayValue":"Maddox Detail","Label":"Brand","Locale":"es_ES"},"Manufacturer":{"DisplayValue":"Maddox Automocion Sl","Label":"Manufacturer","Locale":"es_ES"}},"Title":{"DisplayValue":"Maddox Detail - Leather Conditioner 500ml | Hidratante y Tratamiento Cuero Coche | Limpiador Asientos de Cuero y Piel, Negro","Label":"Title","Locale":"es_ES"}},"Offers":{"Summaries":[{"Condition":{"Value":"New"},"LowestPrice":{"Amount":14.9,"Currency":"EUR","DisplayAmount":"14,90 € (29,80 € / l)","PricePerUnit":29.8}}]}},{"ASIN":"B0BPN5PWY3","DetailPageURL":"https://www.amazon.es/dp/B0BPN5PWY3?tag=topinalambricos-21&linkCode=osi&th=1&psc=1","Images":{"Primary":{"Small":{"Height":75,"URL":"https://m.media-amazon.com/images/I/511GOk2abCL._SL75_.jpg","Width":75}}},"ItemInfo":{"ByLineInfo":{"Brand":{"DisplayValue":"GxDetail","Label":"Brand","Locale":"es_ES"},"Manufacturer":{"DisplayValue":"GxDetail","Label":"Manufacturer","Locale":"es_ES"}},"Title":{"DisplayValue":"GxDetail Pack Cuidado Cuero - Kit Limpieza e Hidratación para Cuero Coche Gx Detail - Kit Con Accesorios y Limpiador de Asientos de Cuero - Limpia Asientos Tapicerias Piel y Cuero de Coche...","Label":"Title","Locale":"es_ES"}},"Offers":{"Summaries":[{"Condition":{"Value":"New"},"LowestPrice":{"Amount":34.95,"Currency":"EUR","DisplayAmount":"34,95 € (34,95 € / l)","PricePerUnit":34.95}}]}},{"ASIN":"B005EBNZTI","DetailPageURL":"https://www.amazon.es/dp/B005EBNZTI?tag=topinalambricos-21&linkCode=osi&th=1&psc=1","Images":{"Primary":{"Small":{"Height":75,"URL":"https://m.media-amazon.com/images/I/41MKOfJ00uL._SL75_.jpg","Width":75}}},"ItemInfo":{"ByLineInfo":{"Brand":{"DisplayValue":"Renapur","Label":"Brand","Locale":"es_ES"},"Manufacturer":{"DisplayValue":"Renapur Ltd","Label":"Manufacturer","Locale":"es_ES"}},"Title":{"DisplayValue":"Bálsamo de cuero, bálsamo natural, acondicionador y restaurador Renapur (200ml + esponja aplicadora)","Label":"Title","Locale":"es_ES"}},"Offers":{"Summaries":[{"Condition":{"Value":"New"},"LowestPrice":{"Amount":17.5,"Currency":"EUR","DisplayAmount":"17,50 €"}}]}},{"ASIN":"B01M0E5OC6","DetailPageURL":"https://www.amazon.es/dp/B01M0E5OC6?tag=topinalambricos-21&linkCode=osi&th=1&psc=1","Images":{"Primary":{"Small":{"Height":75,"URL":"https://m.media-amazon.com/images/I/31aqST56JDL._SL75_.jpg","Width":75}}},"ItemInfo":{"ByLineInfo":{"Brand":{"DisplayValue":"QM Cleaner","Label":"Brand","Locale":"es_ES"},"Manufacturer":{"DisplayValue":"QM Cleaner","Label":"Manufacturer","Locale":"es_ES"}},"Title":{"DisplayValue":"QM Cleaner LEATHER | Limpiador para cuero, piel y polipiel - Ideal para sillones, tapicerías de vehículos y complementos (Bolsos, chaquetas...) - 500ml","Label":"Title","Locale":"es_ES"}},"Offers":{"Summaries":[{"Condition":{"Value":"New"},"LowestPrice":{"Amount":15.99,"Currency":"EUR","DisplayAmount":"15,99 €"}}]}}],"SearchURL":"https://www.amazon.es/s?k=limpiar+cuero&rh=n%3A2424866031%2Cp_n_availability%3A-1&tag=topinalambricos-21&linkCode=osi","TotalResultCount":743}},"17":{"SearchResult":{"Items":[{"ASIN":"B07SL4WY1W","DetailPageURL":"https://www.amazon.es/dp/B07SL4WY1W?tag=topinalambricos-21&linkCode=osi&th=1&psc=1","Images":{"Primary":{"Small":{"Height":75,"URL":"https://m.media-amazon.com/images/I/4150jn7SysL._SL75_.jpg","Width":75}}},"ItemInfo":{"ByLineInfo":{"Brand":{"DisplayValue":"Maddox Detail","Label":"Brand","Locale":"es_ES"},"Manufacturer":{"DisplayValue":"Maddox Automoción SL","Label":"Manufacturer","Locale":"es_ES"}},"Title":{"DisplayValue":"Maddox Detail - Leather Detailer 500 ml | Limpiador y Acondicionador de Cuero | Limpieza Profunda para Coche y Sofá | Tratamiento de Piel | Elimina Suciedad y Manchas | Restaura Asientos","Label":"Title","Locale":"es_ES"}},"Offers":{"Summaries":[{"Condition":{"Value":"New"},"LowestPrice":{"Amount":12.9,"Currency":"EUR","DisplayAmount":"12,90 € (25,80 € / l)","PricePerUnit":25.8}}]}},{"ASIN":"B007DJ566O","DetailPageURL":"https://www.amazon.es/dp/B007DJ566O?tag=topinalambricos-21&linkCode=osi&th=1&psc=1","Images":{"Primary":{"Small":{"Height":75,"URL":"https://m.media-amazon.com/images/I/41Arv3FwqYL._SL75_.jpg","Width":75}}},"ItemInfo":{"ByLineInfo":{"Brand":{"DisplayValue":"DELARA","Label":"Brand","Locale":"es_ES"},"Manufacturer":{"DisplayValue":"DELARA","Label":"Manufacturer","Locale":"es_ES"}},"Title":{"DisplayValue":"DELARA Protector intensivo de cuero 100 ml, color: incoloro – Made in Germany","Label":"Title","Locale":"es_ES"}},"Offers":{"Summaries":[{"Condition":{"Value":"New"},"LowestPrice":{"Amount":10.99,"Currency":"EUR","DisplayAmount":"10,99 €"}}]}},{"ASIN":"B0BNZ6LN98","DetailPageURL":"https://www.amazon.es/dp/B0BNZ6LN98?tag=topinalambricos-21&linkCode=osi&th=1&psc=1","Images":{"Primary":{"Small":{"Height":75,"URL":"https://m.media-amazon.com/images/I/41FW8HzHpVL._SL75_.jpg","Width":75}}},"ItemInfo":{"ByLineInfo":{"Brand":{"DisplayValue":"GxDetail","Label":"Brand","Locale":"es_ES"},"Manufacturer":{"DisplayValue":"GxDetail","Label":"Manufacturer","Locale":"es_ES"}},"Title":{"DisplayValue":"GxDetail Limpiador de Cuero y Piel - Limpia, protege y ayuda a mantener las superficies nuevas - Limpiador de Asientos de coche de Cuero - Leather Cleaner (500 ml.)","Label":"Title","Locale":"es_ES"}},"Offers":{"Summaries":[{"Condition":{"Value":"New"},"LowestPrice":{"Amount":10.99,"Currency":"EUR","DisplayAmount":"10,99 € (21,98 € / l)","PricePerUnit":21.98}}]}},{"ASIN":"B07JWHH61W","DetailPageURL":"https://www.amazon.es/dp/B07JWHH61W?tag=topinalambricos-21&linkCode=osi&th=1&psc=1","Images":{"Primary":{"Small":{"Height":75,"URL":"https://m.media-amazon.com/images/I/51mbQkPkmeL._SL75_.jpg","Width":75}}},"ItemInfo":{"ByLineInfo":{"Brand":{"DisplayValue":"Maddox Detail","Label":"Brand","Locale":"es_ES"},"Manufacturer":{"DisplayValue":"Maddox Automoción","Label":"Manufacturer","Locale":"es_ES"}},"Title":{"DisplayValue":"Maddox Detail - Leather Care Kit 500ml | Limpiador y Acondicionador de Cuero y Piel | Incluye Microfibra | Kit Limpiador de Tapicería de Coche","Label":"Title","Locale":"es_ES"}},"Offers":{"Summaries":[{"Condition":{"Value":"New"},"LowestPrice":{"Amount":26.5,"Currency":"EUR","DisplayAmount":"26,50 € (26,50 € / l)","PricePerUnit":26.5}}]}},{"ASIN":"B07K9XPXF8","DetailPageURL":"https://www.amazon.es/dp/B07K9XPXF8?tag=topinalambricos-21&linkCode=osi&th=1&psc=1","Images":{"Primary":{"Small":{"Height":75,"URL":"https://m.media-amazon.com/images/I/41IdIjP7B3L._SL75_.jpg","Width":75}}},"ItemInfo":{"ByLineInfo":{"Brand":{"DisplayValue":"QM Cleaner","Label":"Brand","Locale":"es_ES"},"Manufacturer":{"DisplayValue":"QM Cleaner","Label":"Manufacturer","Locale":"es_ES"}},"Title":{"DisplayValue":"QM Cleaner Limpieza e hidratación Cuero. Cuidado y Limpieza de la tapicería del Coche, sillones Sofa de Cuero. Limpia e hidrata (Kit Leather)","Label":"Title","Locale":"es_ES"}},"Offers":{"Summaries":[{"Condition":{"Value":"New"},"LowestPrice":{"Amount":28.49,"Currency":"EUR","DisplayAmount":"28,49 €"}}]}},{"ASIN":"B0BHT8LCCP","DetailPageURL":"https://www.amazon.es/dp/B0BHT8LCCP?tag=topinalambricos-21&linkCode=osi&th=1&psc=1","Images":{"Primary":{"Small":{"Height":75,"URL":"https://m.media-amazon.com/images/I/31vFEUUo0OL._SL75_.jpg","Width":75}}},"ItemInfo":{"ByLineInfo":{"Brand":{"DisplayValue":"LAAV","Label":"Brand","Locale":"es_ES"},"Manufacturer":{"DisplayValue":"CSG Sp. z o.o.","Label":"Manufacturer","Locale":"es_ES"}},"Title":{"DisplayValue":"LAAV Limpiador Cuero Leather Cleaner (250 ml) I Elimina la Suciedad y Las Manchas, no Seca I Limpiador Tapiceria Coche I Producto de Limpieza Ecológico para Todos los Productos de Piel","Label":"Title","Locale":"es_ES"}},"Offers":{"Summaries":[{"Condition":{"Value":"New"},"LowestPrice":{"Amount":6.9,"Currency":"EUR","DisplayAmount":"6,90 € (27,60 € / l)","PricePerUnit":27.6}}]}},{"ASIN":"B074KKZVMF","DetailPageURL":"https://www.amazon.es/dp/B074KKZVMF?tag=topinalambricos-21&linkCode=osi&th=1&psc=1","Images":{"Primary":{"Small":{"Height":75,"URL":"https://m.media-amazon.com/images/I/410nKkuP99L._SL75_.jpg","Width":75}}},"ItemInfo":{"ByLineInfo":{"Brand":{"DisplayValue":"Maddox Detail","Label":"Brand","Locale":"es_ES"},"Manufacturer":{"DisplayValue":"Maddox Automocion Sl","Label":"Manufacturer","Locale":"es_ES"}},"Title":{"DisplayValue":"Maddox Detail - Leather Conditioner 500ml | Hidratante y Tratamiento Cuero Coche | Limpiador Asientos de Cuero y Piel, Negro","Label":"Title","Locale":"es_ES"}},"Offers":{"Summaries":[{"Condition":{"Value":"New"},"LowestPrice":{"Amount":14.9,"Currency":"EUR","DisplayAmount":"14,90 € (29,80 € / l)","PricePerUnit":29.8}}]}},{"ASIN":"B0BPN5PWY3","DetailPageURL":"https://www.amazon.es/dp/B0BPN5PWY3?tag=topinalambricos-21&linkCode=osi&th=1&psc=1","Images":{"Primary":{"Small":{"Height":75,"URL":"https://m.media-amazon.com/images/I/511GOk2abCL._SL75_.jpg","Width":75}}},"ItemInfo":{"ByLineInfo":{"Brand":{"DisplayValue":"GxDetail","Label":"Brand","Locale":"es_ES"},"Manufacturer":{"DisplayValue":"GxDetail","Label":"Manufacturer","Locale":"es_ES"}},"Title":{"DisplayValue":"GxDetail Pack Cuidado Cuero - Kit Limpieza e Hidratación para Cuero Coche Gx Detail - Kit Con Accesorios y Limpiador de Asientos de Cuero - Limpia Asientos Tapicerias Piel y Cuero de Coche...","Label":"Title","Locale":"es_ES"}},"Offers":{"Summaries":[{"Condition":{"Value":"New"},"LowestPrice":{"Amount":34.95,"Currency":"EUR","DisplayAmount":"34,95 € (34,95 € / l)","PricePerUnit":34.95}}]}},{"ASIN":"B005EBNZTI","DetailPageURL":"https://www.amazon.es/dp/B005EBNZTI?tag=topinalambricos-21&linkCode=osi&th=1&psc=1","Images":{"Primary":{"Small":{"Height":75,"URL":"https://m.media-amazon.com/images/I/41MKOfJ00uL._SL75_.jpg","Width":75}}},"ItemInfo":{"ByLineInfo":{"Brand":{"DisplayValue":"Renapur","Label":"Brand","Locale":"es_ES"},"Manufacturer":{"DisplayValue":"Renapur Ltd","Label":"Manufacturer","Locale":"es_ES"}},"Title":{"DisplayValue":"Bálsamo de cuero, bálsamo natural, acondicionador y restaurador Renapur (200ml + esponja aplicadora)","Label":"Title","Locale":"es_ES"}},"Offers":{"Summaries":[{"Condition":{"Value":"New"},"LowestPrice":{"Amount":17.5,"Currency":"EUR","DisplayAmount":"17,50 €"}}]}},{"ASIN":"B01M0E5OC6","DetailPageURL":"https://www.amazon.es/dp/B01M0E5OC6?tag=topinalambricos-21&linkCode=osi&th=1&psc=1","Images":{"Primary":{"Small":{"Height":75,"URL":"https://m.media-amazon.com/images/I/31aqST56JDL._SL75_.jpg","Width":75}}},"ItemInfo":{"ByLineInfo":{"Brand":{"DisplayValue":"QM Cleaner","Label":"Brand","Locale":"es_ES"},"Manufacturer":{"DisplayValue":"QM Cleaner","Label":"Manufacturer","Locale":"es_ES"}},"Title":{"DisplayValue":"QM Cleaner LEATHER | Limpiador para cuero, piel y polipiel - Ideal para sillones, tapicerías de vehículos y complementos (Bolsos, chaquetas...) - 500ml","Label":"Title","Locale":"es_ES"}},"Offers":{"Summaries":[{"Condition":{"Value":"New"},"LowestPrice":{"Amount":15.99,"Currency":"EUR","DisplayAmount":"15,99 €"}}]}}],"SearchURL":"https://www.amazon.es/s?k=limpiar+cuero&rh=n%3A2424866031%2Cp_n_availability%3A-1&tag=topinalambricos-21&linkCode=osi","TotalResultCount":743}},"18":{"SearchResult":{"Items":[{"ASIN":"B07SL4WY1W","DetailPageURL":"https://www.amazon.es/dp/B07SL4WY1W?tag=topinalambricos-21&linkCode=osi&th=1&psc=1","Images":{"Primary":{"Small":{"Height":75,"URL":"https://m.media-amazon.com/images/I/4150jn7SysL._SL75_.jpg","Width":75}}},"ItemInfo":{"ByLineInfo":{"Brand":{"DisplayValue":"Maddox Detail","Label":"Brand","Locale":"es_ES"},"Manufacturer":{"DisplayValue":"Maddox Automoción SL","Label":"Manufacturer","Locale":"es_ES"}},"Title":{"DisplayValue":"Maddox Detail - Leather Detailer 500 ml | Limpiador y Acondicionador de Cuero | Limpieza Profunda para Coche y Sofá | Tratamiento de Piel | Elimina Suciedad y Manchas | Restaura Asientos","Label":"Title","Locale":"es_ES"}},"Offers":{"Summaries":[{"Condition":{"Value":"New"},"LowestPrice":{"Amount":12.9,"Currency":"EUR","DisplayAmount":"12,90 € (25,80 € / l)","PricePerUnit":25.8}}]}},{"ASIN":"B007DJ566O","DetailPageURL":"https://www.amazon.es/dp/B007DJ566O?tag=topinalambricos-21&linkCode=osi&th=1&psc=1","Images":{"Primary":{"Small":{"Height":75,"URL":"https://m.media-amazon.com/images/I/41Arv3FwqYL._SL75_.jpg","Width":75}}},"ItemInfo":{"ByLineInfo":{"Brand":{"DisplayValue":"DELARA","Label":"Brand","Locale":"es_ES"},"Manufacturer":{"DisplayValue":"DELARA","Label":"Manufacturer","Locale":"es_ES"}},"Title":{"DisplayValue":"DELARA Protector intensivo de cuero 100 ml, color: incoloro – Made in Germany","Label":"Title","Locale":"es_ES"}},"Offers":{"Summaries":[{"Condition":{"Value":"New"},"LowestPrice":{"Amount":10.99,"Currency":"EUR","DisplayAmount":"10,99 €"}}]}},{"ASIN":"B0BNZ6LN98","DetailPageURL":"https://www.amazon.es/dp/B0BNZ6LN98?tag=topinalambricos-21&linkCode=osi&th=1&psc=1","Images":{"Primary":{"Small":{"Height":75,"URL":"https://m.media-amazon.com/images/I/41FW8HzHpVL._SL75_.jpg","Width":75}}},"ItemInfo":{"ByLineInfo":{"Brand":{"DisplayValue":"GxDetail","Label":"Brand","Locale":"es_ES"},"Manufacturer":{"DisplayValue":"GxDetail","Label":"Manufacturer","Locale":"es_ES"}},"Title":{"DisplayValue":"GxDetail Limpiador de Cuero y Piel - Limpia, protege y ayuda a mantener las superficies nuevas - Limpiador de Asientos de coche de Cuero - Leather Cleaner (500 ml.)","Label":"Title","Locale":"es_ES"}},"Offers":{"Summaries":[{"Condition":{"Value":"New"},"LowestPrice":{"Amount":10.99,"Currency":"EUR","DisplayAmount":"10,99 € (21,98 € / l)","PricePerUnit":21.98}}]}},{"ASIN":"B07JWHH61W","DetailPageURL":"https://www.amazon.es/dp/B07JWHH61W?tag=topinalambricos-21&linkCode=osi&th=1&psc=1","Images":{"Primary":{"Small":{"Height":75,"URL":"https://m.media-amazon.com/images/I/51mbQkPkmeL._SL75_.jpg","Width":75}}},"ItemInfo":{"ByLineInfo":{"Brand":{"DisplayValue":"Maddox Detail","Label":"Brand","Locale":"es_ES"},"Manufacturer":{"DisplayValue":"Maddox Automoción","Label":"Manufacturer","Locale":"es_ES"}},"Title":{"DisplayValue":"Maddox Detail - Leather Care Kit 500ml | Limpiador y Acondicionador de Cuero y Piel | Incluye Microfibra | Kit Limpiador de Tapicería de Coche","Label":"Title","Locale":"es_ES"}},"Offers":{"Summaries":[{"Condition":{"Value":"New"},"LowestPrice":{"Amount":26.5,"Currency":"EUR","DisplayAmount":"26,50 € (26,50 € / l)","PricePerUnit":26.5}}]}},{"ASIN":"B07K9XPXF8","DetailPageURL":"https://www.amazon.es/dp/B07K9XPXF8?tag=topinalambricos-21&linkCode=osi&th=1&psc=1","Images":{"Primary":{"Small":{"Height":75,"URL":"https://m.media-amazon.com/images/I/41IdIjP7B3L._SL75_.jpg","Width":75}}},"ItemInfo":{"ByLineInfo":{"Brand":{"DisplayValue":"QM Cleaner","Label":"Brand","Locale":"es_ES"},"Manufacturer":{"DisplayValue":"QM Cleaner","Label":"Manufacturer","Locale":"es_ES"}},"Title":{"DisplayValue":"QM Cleaner Limpieza e hidratación Cuero. Cuidado y Limpieza de la tapicería del Coche, sillones Sofa de Cuero. Limpia e hidrata (Kit Leather)","Label":"Title","Locale":"es_ES"}},"Offers":{"Summaries":[{"Condition":{"Value":"New"},"LowestPrice":{"Amount":28.49,"Currency":"EUR","DisplayAmount":"28,49 €"}}]}},{"ASIN":"B0BHT8LCCP","DetailPageURL":"https://www.amazon.es/dp/B0BHT8LCCP?tag=topinalambricos-21&linkCode=osi&th=1&psc=1","Images":{"Primary":{"Small":{"Height":75,"URL":"https://m.media-amazon.com/images/I/31vFEUUo0OL._SL75_.jpg","Width":75}}},"ItemInfo":{"ByLineInfo":{"Brand":{"DisplayValue":"LAAV","Label":"Brand","Locale":"es_ES"},"Manufacturer":{"DisplayValue":"CSG Sp. z o.o.","Label":"Manufacturer","Locale":"es_ES"}},"Title":{"DisplayValue":"LAAV Limpiador Cuero Leather Cleaner (250 ml) I Elimina la Suciedad y Las Manchas, no Seca I Limpiador Tapiceria Coche I Producto de Limpieza Ecológico para Todos los Productos de Piel","Label":"Title","Locale":"es_ES"}},"Offers":{"Summaries":[{"Condition":{"Value":"New"},"LowestPrice":{"Amount":6.9,"Currency":"EUR","DisplayAmount":"6,90 € (27,60 € / l)","PricePerUnit":27.6}}]}},{"ASIN":"B074KKZVMF","DetailPageURL":"https://www.amazon.es/dp/B074KKZVMF?tag=topinalambricos-21&linkCode=osi&th=1&psc=1","Images":{"Primary":{"Small":{"Height":75,"URL":"https://m.media-amazon.com/images/I/410nKkuP99L._SL75_.jpg","Width":75}}},"ItemInfo":{"ByLineInfo":{"Brand":{"DisplayValue":"Maddox Detail","Label":"Brand","Locale":"es_ES"},"Manufacturer":{"DisplayValue":"Maddox Automocion Sl","Label":"Manufacturer","Locale":"es_ES"}},"Title":{"DisplayValue":"Maddox Detail - Leather Conditioner 500ml | Hidratante y Tratamiento Cuero Coche | Limpiador Asientos de Cuero y Piel, Negro","Label":"Title","Locale":"es_ES"}},"Offers":{"Summaries":[{"Condition":{"Value":"New"},"LowestPrice":{"Amount":14.9,"Currency":"EUR","DisplayAmount":"14,90 € (29,80 € / l)","PricePerUnit":29.8}}]}},{"ASIN":"B0BPN5PWY3","DetailPageURL":"https://www.amazon.es/dp/B0BPN5PWY3?tag=topinalambricos-21&linkCode=osi&th=1&psc=1","Images":{"Primary":{"Small":{"Height":75,"URL":"https://m.media-amazon.com/images/I/511GOk2abCL._SL75_.jpg","Width":75}}},"ItemInfo":{"ByLineInfo":{"Brand":{"DisplayValue":"GxDetail","Label":"Brand","Locale":"es_ES"},"Manufacturer":{"DisplayValue":"GxDetail","Label":"Manufacturer","Locale":"es_ES"}},"Title":{"DisplayValue":"GxDetail Pack Cuidado Cuero - Kit Limpieza e Hidratación para Cuero Coche Gx Detail - Kit Con Accesorios y Limpiador de Asientos de Cuero - Limpia Asientos Tapicerias Piel y Cuero de Coche...","Label":"Title","Locale":"es_ES"}},"Offers":{"Summaries":[{"Condition":{"Value":"New"},"LowestPrice":{"Amount":34.95,"Currency":"EUR","DisplayAmount":"34,95 € (34,95 € / l)","PricePerUnit":34.95}}]}},{"ASIN":"B005EBNZTI","DetailPageURL":"https://www.amazon.es/dp/B005EBNZTI?tag=topinalambricos-21&linkCode=osi&th=1&psc=1","Images":{"Primary":{"Small":{"Height":75,"URL":"https://m.media-amazon.com/images/I/41MKOfJ00uL._SL75_.jpg","Width":75}}},"ItemInfo":{"ByLineInfo":{"Brand":{"DisplayValue":"Renapur","Label":"Brand","Locale":"es_ES"},"Manufacturer":{"DisplayValue":"Renapur Ltd","Label":"Manufacturer","Locale":"es_ES"}},"Title":{"DisplayValue":"Bálsamo de cuero, bálsamo natural, acondicionador y restaurador Renapur (200ml + esponja aplicadora)","Label":"Title","Locale":"es_ES"}},"Offers":{"Summaries":[{"Condition":{"Value":"New"},"LowestPrice":{"Amount":17.5,"Currency":"EUR","DisplayAmount":"17,50 €"}}]}},{"ASIN":"B01M0E5OC6","DetailPageURL":"https://www.amazon.es/dp/B01M0E5OC6?tag=topinalambricos-21&linkCode=osi&th=1&psc=1","Images":{"Primary":{"Small":{"Height":75,"URL":"https://m.media-amazon.com/images/I/31aqST56JDL._SL75_.jpg","Width":75}}},"ItemInfo":{"ByLineInfo":{"Brand":{"DisplayValue":"QM Cleaner","Label":"Brand","Locale":"es_ES"},"Manufacturer":{"DisplayValue":"QM Cleaner","Label":"Manufacturer","Locale":"es_ES"}},"Title":{"DisplayValue":"QM Cleaner LEATHER | Limpiador para cuero, piel y polipiel - Ideal para sillones, tapicerías de vehículos y complementos (Bolsos, chaquetas...) - 500ml","Label":"Title","Locale":"es_ES"}},"Offers":{"Summaries":[{"Condition":{"Value":"New"},"LowestPrice":{"Amount":15.99,"Currency":"EUR","DisplayAmount":"15,99 €"}}]}}],"SearchURL":"https://www.amazon.es/s?k=limpiar+cuero&rh=n%3A2424866031%2Cp_n_availability%3A-1&tag=topinalambricos-21&linkCode=osi","TotalResultCount":743}},"19":{"SearchResult":{"Items":[{"ASIN":"B07SL4WY1W","DetailPageURL":"https://www.amazon.es/dp/B07SL4WY1W?tag=topinalambricos-21&linkCode=osi&th=1&psc=1","Images":{"Primary":{"Small":{"Height":75,"URL":"https://m.media-amazon.com/images/I/4150jn7SysL._SL75_.jpg","Width":75}}},"ItemInfo":{"ByLineInfo":{"Brand":{"DisplayValue":"Maddox Detail","Label":"Brand","Locale":"es_ES"},"Manufacturer":{"DisplayValue":"Maddox Automoción SL","Label":"Manufacturer","Locale":"es_ES"}},"Title":{"DisplayValue":"Maddox Detail - Leather Detailer 500 ml | Limpiador y Acondicionador de Cuero | Limpieza Profunda para Coche y Sofá | Tratamiento de Piel | Elimina Suciedad y Manchas | Restaura Asientos","Label":"Title","Locale":"es_ES"}},"Offers":{"Summaries":[{"Condition":{"Value":"New"},"LowestPrice":{"Amount":12.9,"Currency":"EUR","DisplayAmount":"12,90 € (25,80 € / l)","PricePerUnit":25.8}}]}},{"ASIN":"B007DJ566O","DetailPageURL":"https://www.amazon.es/dp/B007DJ566O?tag=topinalambricos-21&linkCode=osi&th=1&psc=1","Images":{"Primary":{"Small":{"Height":75,"URL":"https://m.media-amazon.com/images/I/41Arv3FwqYL._SL75_.jpg","Width":75}}},"ItemInfo":{"ByLineInfo":{"Brand":{"DisplayValue":"DELARA","Label":"Brand","Locale":"es_ES"},"Manufacturer":{"DisplayValue":"DELARA","Label":"Manufacturer","Locale":"es_ES"}},"Title":{"DisplayValue":"DELARA Protector intensivo de cuero 100 ml, color: incoloro – Made in Germany","Label":"Title","Locale":"es_ES"}},"Offers":{"Summaries":[{"Condition":{"Value":"New"},"LowestPrice":{"Amount":10.99,"Currency":"EUR","DisplayAmount":"10,99 €"}}]}},{"ASIN":"B0BNZ6LN98","DetailPageURL":"https://www.amazon.es/dp/B0BNZ6LN98?tag=topinalambricos-21&linkCode=osi&th=1&psc=1","Images":{"Primary":{"Small":{"Height":75,"URL":"https://m.media-amazon.com/images/I/41FW8HzHpVL._SL75_.jpg","Width":75}}},"ItemInfo":{"ByLineInfo":{"Brand":{"DisplayValue":"GxDetail","Label":"Brand","Locale":"es_ES"},"Manufacturer":{"DisplayValue":"GxDetail","Label":"Manufacturer","Locale":"es_ES"}},"Title":{"DisplayValue":"GxDetail Limpiador de Cuero y Piel - Limpia, protege y ayuda a mantener las superficies nuevas - Limpiador de Asientos de coche de Cuero - Leather Cleaner (500 ml.)","Label":"Title","Locale":"es_ES"}},"Offers":{"Summaries":[{"Condition":{"Value":"New"},"LowestPrice":{"Amount":10.99,"Currency":"EUR","DisplayAmount":"10,99 € (21,98 € / l)","PricePerUnit":21.98}}]}},{"ASIN":"B07JWHH61W","DetailPageURL":"https://www.amazon.es/dp/B07JWHH61W?tag=topinalambricos-21&linkCode=osi&th=1&psc=1","Images":{"Primary":{"Small":{"Height":75,"URL":"https://m.media-amazon.com/images/I/51mbQkPkmeL._SL75_.jpg","Width":75}}},"ItemInfo":{"ByLineInfo":{"Brand":{"DisplayValue":"Maddox Detail","Label":"Brand","Locale":"es_ES"},"Manufacturer":{"DisplayValue":"Maddox Automoción","Label":"Manufacturer","Locale":"es_ES"}},"Title":{"DisplayValue":"Maddox Detail - Leather Care Kit 500ml | Limpiador y Acondicionador de Cuero y Piel | Incluye Microfibra | Kit Limpiador de Tapicería de Coche","Label":"Title","Locale":"es_ES"}},"Offers":{"Summaries":[{"Condition":{"Value":"New"},"LowestPrice":{"Amount":26.5,"Currency":"EUR","DisplayAmount":"26,50 € (26,50 € / l)","PricePerUnit":26.5}}]}},{"ASIN":"B07K9XPXF8","DetailPageURL":"https://www.amazon.es/dp/B07K9XPXF8?tag=topinalambricos-21&linkCode=osi&th=1&psc=1","Images":{"Primary":{"Small":{"Height":75,"URL":"https://m.media-amazon.com/images/I/41IdIjP7B3L._SL75_.jpg","Width":75}}},"ItemInfo":{"ByLineInfo":{"Brand":{"DisplayValue":"QM Cleaner","Label":"Brand","Locale":"es_ES"},"Manufacturer":{"DisplayValue":"QM Cleaner","Label":"Manufacturer","Locale":"es_ES"}},"Title":{"DisplayValue":"QM Cleaner Limpieza e hidratación Cuero. Cuidado y Limpieza de la tapicería del Coche, sillones Sofa de Cuero. Limpia e hidrata (Kit Leather)","Label":"Title","Locale":"es_ES"}},"Offers":{"Summaries":[{"Condition":{"Value":"New"},"LowestPrice":{"Amount":28.49,"Currency":"EUR","DisplayAmount":"28,49 €"}}]}},{"ASIN":"B0BHT8LCCP","DetailPageURL":"https://www.amazon.es/dp/B0BHT8LCCP?tag=topinalambricos-21&linkCode=osi&th=1&psc=1","Images":{"Primary":{"Small":{"Height":75,"URL":"https://m.media-amazon.com/images/I/31vFEUUo0OL._SL75_.jpg","Width":75}}},"ItemInfo":{"ByLineInfo":{"Brand":{"DisplayValue":"LAAV","Label":"Brand","Locale":"es_ES"},"Manufacturer":{"DisplayValue":"CSG Sp. z o.o.","Label":"Manufacturer","Locale":"es_ES"}},"Title":{"DisplayValue":"LAAV Limpiador Cuero Leather Cleaner (250 ml) I Elimina la Suciedad y Las Manchas, no Seca I Limpiador Tapiceria Coche I Producto de Limpieza Ecológico para Todos los Productos de Piel","Label":"Title","Locale":"es_ES"}},"Offers":{"Summaries":[{"Condition":{"Value":"New"},"LowestPrice":{"Amount":6.9,"Currency":"EUR","DisplayAmount":"6,90 € (27,60 € / l)","PricePerUnit":27.6}}]}},{"ASIN":"B074KKZVMF","DetailPageURL":"https://www.amazon.es/dp/B074KKZVMF?tag=topinalambricos-21&linkCode=osi&th=1&psc=1","Images":{"Primary":{"Small":{"Height":75,"URL":"https://m.media-amazon.com/images/I/410nKkuP99L._SL75_.jpg","Width":75}}},"ItemInfo":{"ByLineInfo":{"Brand":{"DisplayValue":"Maddox Detail","Label":"Brand","Locale":"es_ES"},"Manufacturer":{"DisplayValue":"Maddox Automocion Sl","Label":"Manufacturer","Locale":"es_ES"}},"Title":{"DisplayValue":"Maddox Detail - Leather Conditioner 500ml | Hidratante y Tratamiento Cuero Coche | Limpiador Asientos de Cuero y Piel, Negro","Label":"Title","Locale":"es_ES"}},"Offers":{"Summaries":[{"Condition":{"Value":"New"},"LowestPrice":{"Amount":14.9,"Currency":"EUR","DisplayAmount":"14,90 € (29,80 € / l)","PricePerUnit":29.8}}]}},{"ASIN":"B0BPN5PWY3","DetailPageURL":"https://www.amazon.es/dp/B0BPN5PWY3?tag=topinalambricos-21&linkCode=osi&th=1&psc=1","Images":{"Primary":{"Small":{"Height":75,"URL":"https://m.media-amazon.com/images/I/511GOk2abCL._SL75_.jpg","Width":75}}},"ItemInfo":{"ByLineInfo":{"Brand":{"DisplayValue":"GxDetail","Label":"Brand","Locale":"es_ES"},"Manufacturer":{"DisplayValue":"GxDetail","Label":"Manufacturer","Locale":"es_ES"}},"Title":{"DisplayValue":"GxDetail Pack Cuidado Cuero - Kit Limpieza e Hidratación para Cuero Coche Gx Detail - Kit Con Accesorios y Limpiador de Asientos de Cuero - Limpia Asientos Tapicerias Piel y Cuero de Coche...","Label":"Title","Locale":"es_ES"}},"Offers":{"Summaries":[{"Condition":{"Value":"New"},"LowestPrice":{"Amount":34.95,"Currency":"EUR","DisplayAmount":"34,95 € (34,95 € / l)","PricePerUnit":34.95}}]}},{"ASIN":"B005EBNZTI","DetailPageURL":"https://www.amazon.es/dp/B005EBNZTI?tag=topinalambricos-21&linkCode=osi&th=1&psc=1","Images":{"Primary":{"Small":{"Height":75,"URL":"https://m.media-amazon.com/images/I/41MKOfJ00uL._SL75_.jpg","Width":75}}},"ItemInfo":{"ByLineInfo":{"Brand":{"DisplayValue":"Renapur","Label":"Brand","Locale":"es_ES"},"Manufacturer":{"DisplayValue":"Renapur Ltd","Label":"Manufacturer","Locale":"es_ES"}},"Title":{"DisplayValue":"Bálsamo de cuero, bálsamo natural, acondicionador y restaurador Renapur (200ml + esponja aplicadora)","Label":"Title","Locale":"es_ES"}},"Offers":{"Summaries":[{"Condition":{"Value":"New"},"LowestPrice":{"Amount":17.5,"Currency":"EUR","DisplayAmount":"17,50 €"}}]}},{"ASIN":"B01M0E5OC6","DetailPageURL":"https://www.amazon.es/dp/B01M0E5OC6?tag=topinalambricos-21&linkCode=osi&th=1&psc=1","Images":{"Primary":{"Small":{"Height":75,"URL":"https://m.media-amazon.com/images/I/31aqST56JDL._SL75_.jpg","Width":75}}},"ItemInfo":{"ByLineInfo":{"Brand":{"DisplayValue":"QM Cleaner","Label":"Brand","Locale":"es_ES"},"Manufacturer":{"DisplayValue":"QM Cleaner","Label":"Manufacturer","Locale":"es_ES"}},"Title":{"DisplayValue":"QM Cleaner LEATHER | Limpiador para cuero, piel y polipiel - Ideal para sillones, tapicerías de vehículos y complementos (Bolsos, chaquetas...) - 500ml","Label":"Title","Locale":"es_ES"}},"Offers":{"Summaries":[{"Condition":{"Value":"New"},"LowestPrice":{"Amount":15.99,"Currency":"EUR","DisplayAmount":"15,99 €"}}]}}],"SearchURL":"https://www.amazon.es/s?k=limpiar+cuero&rh=n%3A2424866031%2Cp_n_availability%3A-1&tag=topinalambricos-21&linkCode=osi","TotalResultCount":743}},"20":{"SearchResult":{"Items":[{"ASIN":"B07SL4WY1W","DetailPageURL":"https://www.amazon.es/dp/B07SL4WY1W?tag=topinalambricos-21&linkCode=osi&th=1&psc=1","Images":{"Primary":{"Small":{"Height":75,"URL":"https://m.media-amazon.com/images/I/4150jn7SysL._SL75_.jpg","Width":75}}},"ItemInfo":{"ByLineInfo":{"Brand":{"DisplayValue":"Maddox Detail","Label":"Brand","Locale":"es_ES"},"Manufacturer":{"DisplayValue":"Maddox Automoción SL","Label":"Manufacturer","Locale":"es_ES"}},"Title":{"DisplayValue":"Maddox Detail - Leather Detailer 500 ml | Limpiador y Acondicionador de Cuero | Limpieza Profunda para Coche y Sofá | Tratamiento de Piel | Elimina Suciedad y Manchas | Restaura Asientos","Label":"Title","Locale":"es_ES"}},"Offers":{"Summaries":[{"Condition":{"Value":"New"},"LowestPrice":{"Amount":12.9,"Currency":"EUR","DisplayAmount":"12,90 € (25,80 € / l)","PricePerUnit":25.8}}]}},{"ASIN":"B007DJ566O","DetailPageURL":"https://www.amazon.es/dp/B007DJ566O?tag=topinalambricos-21&linkCode=osi&th=1&psc=1","Images":{"Primary":{"Small":{"Height":75,"URL":"https://m.media-amazon.com/images/I/41Arv3FwqYL._SL75_.jpg","Width":75}}},"ItemInfo":{"ByLineInfo":{"Brand":{"DisplayValue":"DELARA","Label":"Brand","Locale":"es_ES"},"Manufacturer":{"DisplayValue":"DELARA","Label":"Manufacturer","Locale":"es_ES"}},"Title":{"DisplayValue":"DELARA Protector intensivo de cuero 100 ml, color: incoloro – Made in Germany","Label":"Title","Locale":"es_ES"}},"Offers":{"Summaries":[{"Condition":{"Value":"New"},"LowestPrice":{"Amount":10.99,"Currency":"EUR","DisplayAmount":"10,99 €"}}]}},{"ASIN":"B0BNZ6LN98","DetailPageURL":"https://www.amazon.es/dp/B0BNZ6LN98?tag=topinalambricos-21&linkCode=osi&th=1&psc=1","Images":{"Primary":{"Small":{"Height":75,"URL":"https://m.media-amazon.com/images/I/41FW8HzHpVL._SL75_.jpg","Width":75}}},"ItemInfo":{"ByLineInfo":{"Brand":{"DisplayValue":"GxDetail","Label":"Brand","Locale":"es_ES"},"Manufacturer":{"DisplayValue":"GxDetail","Label":"Manufacturer","Locale":"es_ES"}},"Title":{"DisplayValue":"GxDetail Limpiador de Cuero y Piel - Limpia, protege y ayuda a mantener las superficies nuevas - Limpiador de Asientos de coche de Cuero - Leather Cleaner (500 ml.)","Label":"Title","Locale":"es_ES"}},"Offers":{"Summaries":[{"Condition":{"Value":"New"},"LowestPrice":{"Amount":10.99,"Currency":"EUR","DisplayAmount":"10,99 € (21,98 € / l)","PricePerUnit":21.98}}]}},{"ASIN":"B07JWHH61W","DetailPageURL":"https://www.amazon.es/dp/B07JWHH61W?tag=topinalambricos-21&linkCode=osi&th=1&psc=1","Images":{"Primary":{"Small":{"Height":75,"URL":"https://m.media-amazon.com/images/I/51mbQkPkmeL._SL75_.jpg","Width":75}}},"ItemInfo":{"ByLineInfo":{"Brand":{"DisplayValue":"Maddox Detail","Label":"Brand","Locale":"es_ES"},"Manufacturer":{"DisplayValue":"Maddox Automoción","Label":"Manufacturer","Locale":"es_ES"}},"Title":{"DisplayValue":"Maddox Detail - Leather Care Kit 500ml | Limpiador y Acondicionador de Cuero y Piel | Incluye Microfibra | Kit Limpiador de Tapicería de Coche","Label":"Title","Locale":"es_ES"}},"Offers":{"Summaries":[{"Condition":{"Value":"New"},"LowestPrice":{"Amount":26.5,"Currency":"EUR","DisplayAmount":"26,50 € (26,50 € / l)","PricePerUnit":26.5}}]}},{"ASIN":"B07K9XPXF8","DetailPageURL":"https://www.amazon.es/dp/B07K9XPXF8?tag=topinalambricos-21&linkCode=osi&th=1&psc=1","Images":{"Primary":{"Small":{"Height":75,"URL":"https://m.media-amazon.com/images/I/41IdIjP7B3L._SL75_.jpg","Width":75}}},"ItemInfo":{"ByLineInfo":{"Brand":{"DisplayValue":"QM Cleaner","Label":"Brand","Locale":"es_ES"},"Manufacturer":{"DisplayValue":"QM Cleaner","Label":"Manufacturer","Locale":"es_ES"}},"Title":{"DisplayValue":"QM Cleaner Limpieza e hidratación Cuero. Cuidado y Limpieza de la tapicería del Coche, sillones Sofa de Cuero. Limpia e hidrata (Kit Leather)","Label":"Title","Locale":"es_ES"}},"Offers":{"Summaries":[{"Condition":{"Value":"New"},"LowestPrice":{"Amount":28.49,"Currency":"EUR","DisplayAmount":"28,49 €"}}]}},{"ASIN":"B0BHT8LCCP","DetailPageURL":"https://www.amazon.es/dp/B0BHT8LCCP?tag=topinalambricos-21&linkCode=osi&th=1&psc=1","Images":{"Primary":{"Small":{"Height":75,"URL":"https://m.media-amazon.com/images/I/31vFEUUo0OL._SL75_.jpg","Width":75}}},"ItemInfo":{"ByLineInfo":{"Brand":{"DisplayValue":"LAAV","Label":"Brand","Locale":"es_ES"},"Manufacturer":{"DisplayValue":"CSG Sp. z o.o.","Label":"Manufacturer","Locale":"es_ES"}},"Title":{"DisplayValue":"LAAV Limpiador Cuero Leather Cleaner (250 ml) I Elimina la Suciedad y Las Manchas, no Seca I Limpiador Tapiceria Coche I Producto de Limpieza Ecológico para Todos los Productos de Piel","Label":"Title","Locale":"es_ES"}},"Offers":{"Summaries":[{"Condition":{"Value":"New"},"LowestPrice":{"Amount":6.9,"Currency":"EUR","DisplayAmount":"6,90 € (27,60 € / l)","PricePerUnit":27.6}}]}},{"ASIN":"B074KKZVMF","DetailPageURL":"https://www.amazon.es/dp/B074KKZVMF?tag=topinalambricos-21&linkCode=osi&th=1&psc=1","Images":{"Primary":{"Small":{"Height":75,"URL":"https://m.media-amazon.com/images/I/410nKkuP99L._SL75_.jpg","Width":75}}},"ItemInfo":{"ByLineInfo":{"Brand":{"DisplayValue":"Maddox Detail","Label":"Brand","Locale":"es_ES"},"Manufacturer":{"DisplayValue":"Maddox Automocion Sl","Label":"Manufacturer","Locale":"es_ES"}},"Title":{"DisplayValue":"Maddox Detail - Leather Conditioner 500ml | Hidratante y Tratamiento Cuero Coche | Limpiador Asientos de Cuero y Piel, Negro","Label":"Title","Locale":"es_ES"}},"Offers":{"Summaries":[{"Condition":{"Value":"New"},"LowestPrice":{"Amount":14.9,"Currency":"EUR","DisplayAmount":"14,90 € (29,80 € / l)","PricePerUnit":29.8}}]}},{"ASIN":"B0BPN5PWY3","DetailPageURL":"https://www.amazon.es/dp/B0BPN5PWY3?tag=topinalambricos-21&linkCode=osi&th=1&psc=1","Images":{"Primary":{"Small":{"Height":75,"URL":"https://m.media-amazon.com/images/I/511GOk2abCL._SL75_.jpg","Width":75}}},"ItemInfo":{"ByLineInfo":{"Brand":{"DisplayValue":"GxDetail","Label":"Brand","Locale":"es_ES"},"Manufacturer":{"DisplayValue":"GxDetail","Label":"Manufacturer","Locale":"es_ES"}},"Title":{"DisplayValue":"GxDetail Pack Cuidado Cuero - Kit Limpieza e Hidratación para Cuero Coche Gx Detail - Kit Con Accesorios y Limpiador de Asientos de Cuero - Limpia Asientos Tapicerias Piel y Cuero de Coche...","Label":"Title","Locale":"es_ES"}},"Offers":{"Summaries":[{"Condition":{"Value":"New"},"LowestPrice":{"Amount":34.95,"Currency":"EUR","DisplayAmount":"34,95 € (34,95 € / l)","PricePerUnit":34.95}}]}},{"ASIN":"B005EBNZTI","DetailPageURL":"https://www.amazon.es/dp/B005EBNZTI?tag=topinalambricos-21&linkCode=osi&th=1&psc=1","Images":{"Primary":{"Small":{"Height":75,"URL":"https://m.media-amazon.com/images/I/41MKOfJ00uL._SL75_.jpg","Width":75}}},"ItemInfo":{"ByLineInfo":{"Brand":{"DisplayValue":"Renapur","Label":"Brand","Locale":"es_ES"},"Manufacturer":{"DisplayValue":"Renapur Ltd","Label":"Manufacturer","Locale":"es_ES"}},"Title":{"DisplayValue":"Bálsamo de cuero, bálsamo natural, acondicionador y restaurador Renapur (200ml + esponja aplicadora)","Label":"Title","Locale":"es_ES"}},"Offers":{"Summaries":[{"Condition":{"Value":"New"},"LowestPrice":{"Amount":17.5,"Currency":"EUR","DisplayAmount":"17,50 €"}}]}},{"ASIN":"B01M0E5OC6","DetailPageURL":"https://www.amazon.es/dp/B01M0E5OC6?tag=topinalambricos-21&linkCode=osi&th=1&psc=1","Images":{"Primary":{"Small":{"Height":75,"URL":"https://m.media-amazon.com/images/I/31aqST56JDL._SL75_.jpg","Width":75}}},"ItemInfo":{"ByLineInfo":{"Brand":{"DisplayValue":"QM Cleaner","Label":"Brand","Locale":"es_ES"},"Manufacturer":{"DisplayValue":"QM Cleaner","Label":"Manufacturer","Locale":"es_ES"}},"Title":{"DisplayValue":"QM Cleaner LEATHER | Limpiador para cuero, piel y polipiel - Ideal para sillones, tapicerías de vehículos y complementos (Bolsos, chaquetas...) - 500ml","Label":"Title","Locale":"es_ES"}},"Offers":{"Summaries":[{"Condition":{"Value":"New"},"LowestPrice":{"Amount":15.99,"Currency":"EUR","DisplayAmount":"15,99 €"}}]}}],"SearchURL":"https://www.amazon.es/s?k=limpiar+cuero&rh=n%3A2424866031%2Cp_n_availability%3A-1&tag=topinalambricos-21&linkCode=osi","TotalResultCount":743}},"21":{"SearchResult":{"Items":[{"ASIN":"B07SL4WY1W","DetailPageURL":"https://www.amazon.es/dp/B07SL4WY1W?tag=topinalambricos-21&linkCode=osi&th=1&psc=1","Images":{"Primary":{"Small":{"Height":75,"URL":"https://m.media-amazon.com/images/I/4150jn7SysL._SL75_.jpg","Width":75}}},"ItemInfo":{"ByLineInfo":{"Brand":{"DisplayValue":"Maddox Detail","Label":"Brand","Locale":"es_ES"},"Manufacturer":{"DisplayValue":"Maddox Automoción SL","Label":"Manufacturer","Locale":"es_ES"}},"Title":{"DisplayValue":"Maddox Detail - Leather Detailer 500 ml | Limpiador y Acondicionador de Cuero | Limpieza Profunda para Coche y Sofá | Tratamiento de Piel | Elimina Suciedad y Manchas | Restaura Asientos","Label":"Title","Locale":"es_ES"}},"Offers":{"Summaries":[{"Condition":{"Value":"New"},"LowestPrice":{"Amount":12.9,"Currency":"EUR","DisplayAmount":"12,90 € (25,80 € / l)","PricePerUnit":25.8}}]}},{"ASIN":"B007DJ566O","DetailPageURL":"https://www.amazon.es/dp/B007DJ566O?tag=topinalambricos-21&linkCode=osi&th=1&psc=1","Images":{"Primary":{"Small":{"Height":75,"URL":"https://m.media-amazon.com/images/I/41Arv3FwqYL._SL75_.jpg","Width":75}}},"ItemInfo":{"ByLineInfo":{"Brand":{"DisplayValue":"DELARA","Label":"Brand","Locale":"es_ES"},"Manufacturer":{"DisplayValue":"DELARA","Label":"Manufacturer","Locale":"es_ES"}},"Title":{"DisplayValue":"DELARA Protector intensivo de cuero 100 ml, color: incoloro – Made in Germany","Label":"Title","Locale":"es_ES"}},"Offers":{"Summaries":[{"Condition":{"Value":"New"},"LowestPrice":{"Amount":10.99,"Currency":"EUR","DisplayAmount":"10,99 €"}}]}},{"ASIN":"B0BNZ6LN98","DetailPageURL":"https://www.amazon.es/dp/B0BNZ6LN98?tag=topinalambricos-21&linkCode=osi&th=1&psc=1","Images":{"Primary":{"Small":{"Height":75,"URL":"https://m.media-amazon.com/images/I/41FW8HzHpVL._SL75_.jpg","Width":75}}},"ItemInfo":{"ByLineInfo":{"Brand":{"DisplayValue":"GxDetail","Label":"Brand","Locale":"es_ES"},"Manufacturer":{"DisplayValue":"GxDetail","Label":"Manufacturer","Locale":"es_ES"}},"Title":{"DisplayValue":"GxDetail Limpiador de Cuero y Piel - Limpia, protege y ayuda a mantener las superficies nuevas - Limpiador de Asientos de coche de Cuero - Leather Cleaner (500 ml.)","Label":"Title","Locale":"es_ES"}},"Offers":{"Summaries":[{"Condition":{"Value":"New"},"LowestPrice":{"Amount":10.99,"Currency":"EUR","DisplayAmount":"10,99 € (21,98 € / l)","PricePerUnit":21.98}}]}},{"ASIN":"B07JWHH61W","DetailPageURL":"https://www.amazon.es/dp/B07JWHH61W?tag=topinalambricos-21&linkCode=osi&th=1&psc=1","Images":{"Primary":{"Small":{"Height":75,"URL":"https://m.media-amazon.com/images/I/51mbQkPkmeL._SL75_.jpg","Width":75}}},"ItemInfo":{"ByLineInfo":{"Brand":{"DisplayValue":"Maddox Detail","Label":"Brand","Locale":"es_ES"},"Manufacturer":{"DisplayValue":"Maddox Automoción","Label":"Manufacturer","Locale":"es_ES"}},"Title":{"DisplayValue":"Maddox Detail - Leather Care Kit 500ml | Limpiador y Acondicionador de Cuero y Piel | Incluye Microfibra | Kit Limpiador de Tapicería de Coche","Label":"Title","Locale":"es_ES"}},"Offers":{"Summaries":[{"Condition":{"Value":"New"},"LowestPrice":{"Amount":26.5,"Currency":"EUR","DisplayAmount":"26,50 € (26,50 € / l)","PricePerUnit":26.5}}]}},{"ASIN":"B07K9XPXF8","DetailPageURL":"https://www.amazon.es/dp/B07K9XPXF8?tag=topinalambricos-21&linkCode=osi&th=1&psc=1","Images":{"Primary":{"Small":{"Height":75,"URL":"https://m.media-amazon.com/images/I/41IdIjP7B3L._SL75_.jpg","Width":75}}},"ItemInfo":{"ByLineInfo":{"Brand":{"DisplayValue":"QM Cleaner","Label":"Brand","Locale":"es_ES"},"Manufacturer":{"DisplayValue":"QM Cleaner","Label":"Manufacturer","Locale":"es_ES"}},"Title":{"DisplayValue":"QM Cleaner Limpieza e hidratación Cuero. Cuidado y Limpieza de la tapicería del Coche, sillones Sofa de Cuero. Limpia e hidrata (Kit Leather)","Label":"Title","Locale":"es_ES"}},"Offers":{"Summaries":[{"Condition":{"Value":"New"},"LowestPrice":{"Amount":28.49,"Currency":"EUR","DisplayAmount":"28,49 €"}}]}},{"ASIN":"B0BHT8LCCP","DetailPageURL":"https://www.amazon.es/dp/B0BHT8LCCP?tag=topinalambricos-21&linkCode=osi&th=1&psc=1","Images":{"Primary":{"Small":{"Height":75,"URL":"https://m.media-amazon.com/images/I/31vFEUUo0OL._SL75_.jpg","Width":75}}},"ItemInfo":{"ByLineInfo":{"Brand":{"DisplayValue":"LAAV","Label":"Brand","Locale":"es_ES"},"Manufacturer":{"DisplayValue":"CSG Sp. z o.o.","Label":"Manufacturer","Locale":"es_ES"}},"Title":{"DisplayValue":"LAAV Limpiador Cuero Leather Cleaner (250 ml) I Elimina la Suciedad y Las Manchas, no Seca I Limpiador Tapiceria Coche I Producto de Limpieza Ecológico para Todos los Productos de Piel","Label":"Title","Locale":"es_ES"}},"Offers":{"Summaries":[{"Condition":{"Value":"New"},"LowestPrice":{"Amount":6.9,"Currency":"EUR","DisplayAmount":"6,90 € (27,60 € / l)","PricePerUnit":27.6}}]}},{"ASIN":"B074KKZVMF","DetailPageURL":"https://www.amazon.es/dp/B074KKZVMF?tag=topinalambricos-21&linkCode=osi&th=1&psc=1","Images":{"Primary":{"Small":{"Height":75,"URL":"https://m.media-amazon.com/images/I/410nKkuP99L._SL75_.jpg","Width":75}}},"ItemInfo":{"ByLineInfo":{"Brand":{"DisplayValue":"Maddox Detail","Label":"Brand","Locale":"es_ES"},"Manufacturer":{"DisplayValue":"Maddox Automocion Sl","Label":"Manufacturer","Locale":"es_ES"}},"Title":{"DisplayValue":"Maddox Detail - Leather Conditioner 500ml | Hidratante y Tratamiento Cuero Coche | Limpiador Asientos de Cuero y Piel, Negro","Label":"Title","Locale":"es_ES"}},"Offers":{"Summaries":[{"Condition":{"Value":"New"},"LowestPrice":{"Amount":14.9,"Currency":"EUR","DisplayAmount":"14,90 € (29,80 € / l)","PricePerUnit":29.8}}]}},{"ASIN":"B0BPN5PWY3","DetailPageURL":"https://www.amazon.es/dp/B0BPN5PWY3?tag=topinalambricos-21&linkCode=osi&th=1&psc=1","Images":{"Primary":{"Small":{"Height":75,"URL":"https://m.media-amazon.com/images/I/511GOk2abCL._SL75_.jpg","Width":75}}},"ItemInfo":{"ByLineInfo":{"Brand":{"DisplayValue":"GxDetail","Label":"Brand","Locale":"es_ES"},"Manufacturer":{"DisplayValue":"GxDetail","Label":"Manufacturer","Locale":"es_ES"}},"Title":{"DisplayValue":"GxDetail Pack Cuidado Cuero - Kit Limpieza e Hidratación para Cuero Coche Gx Detail - Kit Con Accesorios y Limpiador de Asientos de Cuero - Limpia Asientos Tapicerias Piel y Cuero de Coche...","Label":"Title","Locale":"es_ES"}},"Offers":{"Summaries":[{"Condition":{"Value":"New"},"LowestPrice":{"Amount":34.95,"Currency":"EUR","DisplayAmount":"34,95 € (34,95 € / l)","PricePerUnit":34.95}}]}},{"ASIN":"B005EBNZTI","DetailPageURL":"https://www.amazon.es/dp/B005EBNZTI?tag=topinalambricos-21&linkCode=osi&th=1&psc=1","Images":{"Primary":{"Small":{"Height":75,"URL":"https://m.media-amazon.com/images/I/41MKOfJ00uL._SL75_.jpg","Width":75}}},"ItemInfo":{"ByLineInfo":{"Brand":{"DisplayValue":"Renapur","Label":"Brand","Locale":"es_ES"},"Manufacturer":{"DisplayValue":"Renapur Ltd","Label":"Manufacturer","Locale":"es_ES"}},"Title":{"DisplayValue":"Bálsamo de cuero, bálsamo natural, acondicionador y restaurador Renapur (200ml + esponja aplicadora)","Label":"Title","Locale":"es_ES"}},"Offers":{"Summaries":[{"Condition":{"Value":"New"},"LowestPrice":{"Amount":17.5,"Currency":"EUR","DisplayAmount":"17,50 €"}}]}},{"ASIN":"B01M0E5OC6","DetailPageURL":"https://www.amazon.es/dp/B01M0E5OC6?tag=topinalambricos-21&linkCode=osi&th=1&psc=1","Images":{"Primary":{"Small":{"Height":75,"URL":"https://m.media-amazon.com/images/I/31aqST56JDL._SL75_.jpg","Width":75}}},"ItemInfo":{"ByLineInfo":{"Brand":{"DisplayValue":"QM Cleaner","Label":"Brand","Locale":"es_ES"},"Manufacturer":{"DisplayValue":"QM Cleaner","Label":"Manufacturer","Locale":"es_ES"}},"Title":{"DisplayValue":"QM Cleaner LEATHER | Limpiador para cuero, piel y polipiel - Ideal para sillones, tapicerías de vehículos y complementos (Bolsos, chaquetas...) - 500ml","Label":"Title","Locale":"es_ES"}},"Offers":{"Summaries":[{"Condition":{"Value":"New"},"LowestPrice":{"Amount":15.99,"Currency":"EUR","DisplayAmount":"15,99 €"}}]}}],"SearchURL":"https://www.amazon.es/s?k=limpiar+cuero&rh=n%3A2424866031%2Cp_n_availability%3A-1&tag=topinalambricos-21&linkCode=osi","TotalResultCount":743}},"22":{"SearchResult":{"Items":[{"ASIN":"B07SL4WY1W","DetailPageURL":"https://www.amazon.es/dp/B07SL4WY1W?tag=topinalambricos-21&linkCode=osi&th=1&psc=1","Images":{"Primary":{"Small":{"Height":75,"URL":"https://m.media-amazon.com/images/I/4150jn7SysL._SL75_.jpg","Width":75}}},"ItemInfo":{"ByLineInfo":{"Brand":{"DisplayValue":"Maddox Detail","Label":"Brand","Locale":"es_ES"},"Manufacturer":{"DisplayValue":"Maddox Automoción SL","Label":"Manufacturer","Locale":"es_ES"}},"Title":{"DisplayValue":"Maddox Detail - Leather Detailer 500 ml | Limpiador y Acondicionador de Cuero | Limpieza Profunda para Coche y Sofá | Tratamiento de Piel | Elimina Suciedad y Manchas | Restaura Asientos","Label":"Title","Locale":"es_ES"}},"Offers":{"Summaries":[{"Condition":{"Value":"New"},"LowestPrice":{"Amount":12.9,"Currency":"EUR","DisplayAmount":"12,90 € (25,80 € / l)","PricePerUnit":25.8}}]}},{"ASIN":"B007DJ566O","DetailPageURL":"https://www.amazon.es/dp/B007DJ566O?tag=topinalambricos-21&linkCode=osi&th=1&psc=1","Images":{"Primary":{"Small":{"Height":75,"URL":"https://m.media-amazon.com/images/I/41Arv3FwqYL._SL75_.jpg","Width":75}}},"ItemInfo":{"ByLineInfo":{"Brand":{"DisplayValue":"DELARA","Label":"Brand","Locale":"es_ES"},"Manufacturer":{"DisplayValue":"DELARA","Label":"Manufacturer","Locale":"es_ES"}},"Title":{"DisplayValue":"DELARA Protector intensivo de cuero 100 ml, color: incoloro – Made in Germany","Label":"Title","Locale":"es_ES"}},"Offers":{"Summaries":[{"Condition":{"Value":"New"},"LowestPrice":{"Amount":10.99,"Currency":"EUR","DisplayAmount":"10,99 €"}}]}},{"ASIN":"B0BNZ6LN98","DetailPageURL":"https://www.amazon.es/dp/B0BNZ6LN98?tag=topinalambricos-21&linkCode=osi&th=1&psc=1","Images":{"Primary":{"Small":{"Height":75,"URL":"https://m.media-amazon.com/images/I/41FW8HzHpVL._SL75_.jpg","Width":75}}},"ItemInfo":{"ByLineInfo":{"Brand":{"DisplayValue":"GxDetail","Label":"Brand","Locale":"es_ES"},"Manufacturer":{"DisplayValue":"GxDetail","Label":"Manufacturer","Locale":"es_ES"}},"Title":{"DisplayValue":"GxDetail Limpiador de Cuero y Piel - Limpia, protege y ayuda a mantener las superficies nuevas - Limpiador de Asientos de coche de Cuero - Leather Cleaner (500 ml.)","Label":"Title","Locale":"es_ES"}},"Offers":{"Summaries":[{"Condition":{"Value":"New"},"LowestPrice":{"Amount":10.99,"Currency":"EUR","DisplayAmount":"10,99 € (21,98 € / l)","PricePerUnit":21.98}}]}},{"ASIN":"B07JWHH61W","DetailPageURL":"https://www.amazon.es/dp/B07JWHH61W?tag=topinalambricos-21&linkCode=osi&th=1&psc=1","Images":{"Primary":{"Small":{"Height":75,"URL":"https://m.media-amazon.com/images/I/51mbQkPkmeL._SL75_.jpg","Width":75}}},"ItemInfo":{"ByLineInfo":{"Brand":{"DisplayValue":"Maddox Detail","Label":"Brand","Locale":"es_ES"},"Manufacturer":{"DisplayValue":"Maddox Automoción","Label":"Manufacturer","Locale":"es_ES"}},"Title":{"DisplayValue":"Maddox Detail - Leather Care Kit 500ml | Limpiador y Acondicionador de Cuero y Piel | Incluye Microfibra | Kit Limpiador de Tapicería de Coche","Label":"Title","Locale":"es_ES"}},"Offers":{"Summaries":[{"Condition":{"Value":"New"},"LowestPrice":{"Amount":26.5,"Currency":"EUR","DisplayAmount":"26,50 € (26,50 € / l)","PricePerUnit":26.5}}]}},{"ASIN":"B07K9XPXF8","DetailPageURL":"https://www.amazon.es/dp/B07K9XPXF8?tag=topinalambricos-21&linkCode=osi&th=1&psc=1","Images":{"Primary":{"Small":{"Height":75,"URL":"https://m.media-amazon.com/images/I/41IdIjP7B3L._SL75_.jpg","Width":75}}},"ItemInfo":{"ByLineInfo":{"Brand":{"DisplayValue":"QM Cleaner","Label":"Brand","Locale":"es_ES"},"Manufacturer":{"DisplayValue":"QM Cleaner","Label":"Manufacturer","Locale":"es_ES"}},"Title":{"DisplayValue":"QM Cleaner Limpieza e hidratación Cuero. Cuidado y Limpieza de la tapicería del Coche, sillones Sofa de Cuero. Limpia e hidrata (Kit Leather)","Label":"Title","Locale":"es_ES"}},"Offers":{"Summaries":[{"Condition":{"Value":"New"},"LowestPrice":{"Amount":28.49,"Currency":"EUR","DisplayAmount":"28,49 €"}}]}},{"ASIN":"B0BHT8LCCP","DetailPageURL":"https://www.amazon.es/dp/B0BHT8LCCP?tag=topinalambricos-21&linkCode=osi&th=1&psc=1","Images":{"Primary":{"Small":{"Height":75,"URL":"https://m.media-amazon.com/images/I/31vFEUUo0OL._SL75_.jpg","Width":75}}},"ItemInfo":{"ByLineInfo":{"Brand":{"DisplayValue":"LAAV","Label":"Brand","Locale":"es_ES"},"Manufacturer":{"DisplayValue":"CSG Sp. z o.o.","Label":"Manufacturer","Locale":"es_ES"}},"Title":{"DisplayValue":"LAAV Limpiador Cuero Leather Cleaner (250 ml) I Elimina la Suciedad y Las Manchas, no Seca I Limpiador Tapiceria Coche I Producto de Limpieza Ecológico para Todos los Productos de Piel","Label":"Title","Locale":"es_ES"}},"Offers":{"Summaries":[{"Condition":{"Value":"New"},"LowestPrice":{"Amount":6.9,"Currency":"EUR","DisplayAmount":"6,90 € (27,60 € / l)","PricePerUnit":27.6}}]}},{"ASIN":"B074KKZVMF","DetailPageURL":"https://www.amazon.es/dp/B074KKZVMF?tag=topinalambricos-21&linkCode=osi&th=1&psc=1","Images":{"Primary":{"Small":{"Height":75,"URL":"https://m.media-amazon.com/images/I/410nKkuP99L._SL75_.jpg","Width":75}}},"ItemInfo":{"ByLineInfo":{"Brand":{"DisplayValue":"Maddox Detail","Label":"Brand","Locale":"es_ES"},"Manufacturer":{"DisplayValue":"Maddox Automocion Sl","Label":"Manufacturer","Locale":"es_ES"}},"Title":{"DisplayValue":"Maddox Detail - Leather Conditioner 500ml | Hidratante y Tratamiento Cuero Coche | Limpiador Asientos de Cuero y Piel, Negro","Label":"Title","Locale":"es_ES"}},"Offers":{"Summaries":[{"Condition":{"Value":"New"},"LowestPrice":{"Amount":14.9,"Currency":"EUR","DisplayAmount":"14,90 € (29,80 € / l)","PricePerUnit":29.8}}]}},{"ASIN":"B0BPN5PWY3","DetailPageURL":"https://www.amazon.es/dp/B0BPN5PWY3?tag=topinalambricos-21&linkCode=osi&th=1&psc=1","Images":{"Primary":{"Small":{"Height":75,"URL":"https://m.media-amazon.com/images/I/511GOk2abCL._SL75_.jpg","Width":75}}},"ItemInfo":{"ByLineInfo":{"Brand":{"DisplayValue":"GxDetail","Label":"Brand","Locale":"es_ES"},"Manufacturer":{"DisplayValue":"GxDetail","Label":"Manufacturer","Locale":"es_ES"}},"Title":{"DisplayValue":"GxDetail Pack Cuidado Cuero - Kit Limpieza e Hidratación para Cuero Coche Gx Detail - Kit Con Accesorios y Limpiador de Asientos de Cuero - Limpia Asientos Tapicerias Piel y Cuero de Coche...","Label":"Title","Locale":"es_ES"}},"Offers":{"Summaries":[{"Condition":{"Value":"New"},"LowestPrice":{"Amount":34.95,"Currency":"EUR","DisplayAmount":"34,95 € (34,95 € / l)","PricePerUnit":34.95}}]}},{"ASIN":"B005EBNZTI","DetailPageURL":"https://www.amazon.es/dp/B005EBNZTI?tag=topinalambricos-21&linkCode=osi&th=1&psc=1","Images":{"Primary":{"Small":{"Height":75,"URL":"https://m.media-amazon.com/images/I/41MKOfJ00uL._SL75_.jpg","Width":75}}},"ItemInfo":{"ByLineInfo":{"Brand":{"DisplayValue":"Renapur","Label":"Brand","Locale":"es_ES"},"Manufacturer":{"DisplayValue":"Renapur Ltd","Label":"Manufacturer","Locale":"es_ES"}},"Title":{"DisplayValue":"Bálsamo de cuero, bálsamo natural, acondicionador y restaurador Renapur (200ml + esponja aplicadora)","Label":"Title","Locale":"es_ES"}},"Offers":{"Summaries":[{"Condition":{"Value":"New"},"LowestPrice":{"Amount":17.5,"Currency":"EUR","DisplayAmount":"17,50 €"}}]}},{"ASIN":"B01M0E5OC6","DetailPageURL":"https://www.amazon.es/dp/B01M0E5OC6?tag=topinalambricos-21&linkCode=osi&th=1&psc=1","Images":{"Primary":{"Small":{"Height":75,"URL":"https://m.media-amazon.com/images/I/31aqST56JDL._SL75_.jpg","Width":75}}},"ItemInfo":{"ByLineInfo":{"Brand":{"DisplayValue":"QM Cleaner","Label":"Brand","Locale":"es_ES"},"Manufacturer":{"DisplayValue":"QM Cleaner","Label":"Manufacturer","Locale":"es_ES"}},"Title":{"DisplayValue":"QM Cleaner LEATHER | Limpiador para cuero, piel y polipiel - Ideal para sillones, tapicerías de vehículos y complementos (Bolsos, chaquetas...) - 500ml","Label":"Title","Locale":"es_ES"}},"Offers":{"Summaries":[{"Condition":{"Value":"New"},"LowestPrice":{"Amount":15.99,"Currency":"EUR","DisplayAmount":"15,99 €"}}]}}],"SearchURL":"https://www.amazon.es/s?k=limpiar+cuero&rh=n%3A2424866031%2Cp_n_availability%3A-1&tag=topinalambricos-21&linkCode=osi","TotalResultCount":743}},"23":{"SearchResult":{"Items":[{"ASIN":"B07SL4WY1W","DetailPageURL":"https://www.amazon.es/dp/B07SL4WY1W?tag=topinalambricos-21&linkCode=osi&th=1&psc=1","Images":{"Primary":{"Small":{"Height":75,"URL":"https://m.media-amazon.com/images/I/4150jn7SysL._SL75_.jpg","Width":75}}},"ItemInfo":{"ByLineInfo":{"Brand":{"DisplayValue":"Maddox Detail","Label":"Brand","Locale":"es_ES"},"Manufacturer":{"DisplayValue":"Maddox Automoción SL","Label":"Manufacturer","Locale":"es_ES"}},"Title":{"DisplayValue":"Maddox Detail - Leather Detailer 500 ml | Limpiador y Acondicionador de Cuero | Limpieza Profunda para Coche y Sofá | Tratamiento de Piel | Elimina Suciedad y Manchas | Restaura Asientos","Label":"Title","Locale":"es_ES"}},"Offers":{"Summaries":[{"Condition":{"Value":"New"},"LowestPrice":{"Amount":12.9,"Currency":"EUR","DisplayAmount":"12,90 € (25,80 € / l)","PricePerUnit":25.8}}]}},{"ASIN":"B007DJ566O","DetailPageURL":"https://www.amazon.es/dp/B007DJ566O?tag=topinalambricos-21&linkCode=osi&th=1&psc=1","Images":{"Primary":{"Small":{"Height":75,"URL":"https://m.media-amazon.com/images/I/41Arv3FwqYL._SL75_.jpg","Width":75}}},"ItemInfo":{"ByLineInfo":{"Brand":{"DisplayValue":"DELARA","Label":"Brand","Locale":"es_ES"},"Manufacturer":{"DisplayValue":"DELARA","Label":"Manufacturer","Locale":"es_ES"}},"Title":{"DisplayValue":"DELARA Protector intensivo de cuero 100 ml, color: incoloro – Made in Germany","Label":"Title","Locale":"es_ES"}},"Offers":{"Summaries":[{"Condition":{"Value":"New"},"LowestPrice":{"Amount":10.99,"Currency":"EUR","DisplayAmount":"10,99 €"}}]}},{"ASIN":"B0BNZ6LN98","DetailPageURL":"https://www.amazon.es/dp/B0BNZ6LN98?tag=topinalambricos-21&linkCode=osi&th=1&psc=1","Images":{"Primary":{"Small":{"Height":75,"URL":"https://m.media-amazon.com/images/I/41FW8HzHpVL._SL75_.jpg","Width":75}}},"ItemInfo":{"ByLineInfo":{"Brand":{"DisplayValue":"GxDetail","Label":"Brand","Locale":"es_ES"},"Manufacturer":{"DisplayValue":"GxDetail","Label":"Manufacturer","Locale":"es_ES"}},"Title":{"DisplayValue":"GxDetail Limpiador de Cuero y Piel - Limpia, protege y ayuda a mantener las superficies nuevas - Limpiador de Asientos de coche de Cuero - Leather Cleaner (500 ml.)","Label":"Title","Locale":"es_ES"}},"Offers":{"Summaries":[{"Condition":{"Value":"New"},"LowestPrice":{"Amount":10.99,"Currency":"EUR","DisplayAmount":"10,99 € (21,98 € / l)","PricePerUnit":21.98}}]}},{"ASIN":"B07JWHH61W","DetailPageURL":"https://www.amazon.es/dp/B07JWHH61W?tag=topinalambricos-21&linkCode=osi&th=1&psc=1","Images":{"Primary":{"Small":{"Height":75,"URL":"https://m.media-amazon.com/images/I/51mbQkPkmeL._SL75_.jpg","Width":75}}},"ItemInfo":{"ByLineInfo":{"Brand":{"DisplayValue":"Maddox Detail","Label":"Brand","Locale":"es_ES"},"Manufacturer":{"DisplayValue":"Maddox Automoción","Label":"Manufacturer","Locale":"es_ES"}},"Title":{"DisplayValue":"Maddox Detail - Leather Care Kit 500ml | Limpiador y Acondicionador de Cuero y Piel | Incluye Microfibra | Kit Limpiador de Tapicería de Coche","Label":"Title","Locale":"es_ES"}},"Offers":{"Summaries":[{"Condition":{"Value":"New"},"LowestPrice":{"Amount":26.5,"Currency":"EUR","DisplayAmount":"26,50 € (26,50 € / l)","PricePerUnit":26.5}}]}},{"ASIN":"B07K9XPXF8","DetailPageURL":"https://www.amazon.es/dp/B07K9XPXF8?tag=topinalambricos-21&linkCode=osi&th=1&psc=1","Images":{"Primary":{"Small":{"Height":75,"URL":"https://m.media-amazon.com/images/I/41IdIjP7B3L._SL75_.jpg","Width":75}}},"ItemInfo":{"ByLineInfo":{"Brand":{"DisplayValue":"QM Cleaner","Label":"Brand","Locale":"es_ES"},"Manufacturer":{"DisplayValue":"QM Cleaner","Label":"Manufacturer","Locale":"es_ES"}},"Title":{"DisplayValue":"QM Cleaner Limpieza e hidratación Cuero. Cuidado y Limpieza de la tapicería del Coche, sillones Sofa de Cuero. Limpia e hidrata (Kit Leather)","Label":"Title","Locale":"es_ES"}},"Offers":{"Summaries":[{"Condition":{"Value":"New"},"LowestPrice":{"Amount":28.49,"Currency":"EUR","DisplayAmount":"28,49 €"}}]}},{"ASIN":"B0BHT8LCCP","DetailPageURL":"https://www.amazon.es/dp/B0BHT8LCCP?tag=topinalambricos-21&linkCode=osi&th=1&psc=1","Images":{"Primary":{"Small":{"Height":75,"URL":"https://m.media-amazon.com/images/I/31vFEUUo0OL._SL75_.jpg","Width":75}}},"ItemInfo":{"ByLineInfo":{"Brand":{"DisplayValue":"LAAV","Label":"Brand","Locale":"es_ES"},"Manufacturer":{"DisplayValue":"CSG Sp. z o.o.","Label":"Manufacturer","Locale":"es_ES"}},"Title":{"DisplayValue":"LAAV Limpiador Cuero Leather Cleaner (250 ml) I Elimina la Suciedad y Las Manchas, no Seca I Limpiador Tapiceria Coche I Producto de Limpieza Ecológico para Todos los Productos de Piel","Label":"Title","Locale":"es_ES"}},"Offers":{"Summaries":[{"Condition":{"Value":"New"},"LowestPrice":{"Amount":6.9,"Currency":"EUR","DisplayAmount":"6,90 € (27,60 € / l)","PricePerUnit":27.6}}]}},{"ASIN":"B074KKZVMF","DetailPageURL":"https://www.amazon.es/dp/B074KKZVMF?tag=topinalambricos-21&linkCode=osi&th=1&psc=1","Images":{"Primary":{"Small":{"Height":75,"URL":"https://m.media-amazon.com/images/I/410nKkuP99L._SL75_.jpg","Width":75}}},"ItemInfo":{"ByLineInfo":{"Brand":{"DisplayValue":"Maddox Detail","Label":"Brand","Locale":"es_ES"},"Manufacturer":{"DisplayValue":"Maddox Automocion Sl","Label":"Manufacturer","Locale":"es_ES"}},"Title":{"DisplayValue":"Maddox Detail - Leather Conditioner 500ml | Hidratante y Tratamiento Cuero Coche | Limpiador Asientos de Cuero y Piel, Negro","Label":"Title","Locale":"es_ES"}},"Offers":{"Summaries":[{"Condition":{"Value":"New"},"LowestPrice":{"Amount":14.9,"Currency":"EUR","DisplayAmount":"14,90 € (29,80 € / l)","PricePerUnit":29.8}}]}},{"ASIN":"B0BPN5PWY3","DetailPageURL":"https://www.amazon.es/dp/B0BPN5PWY3?tag=topinalambricos-21&linkCode=osi&th=1&psc=1","Images":{"Primary":{"Small":{"Height":75,"URL":"https://m.media-amazon.com/images/I/511GOk2abCL._SL75_.jpg","Width":75}}},"ItemInfo":{"ByLineInfo":{"Brand":{"DisplayValue":"GxDetail","Label":"Brand","Locale":"es_ES"},"Manufacturer":{"DisplayValue":"GxDetail","Label":"Manufacturer","Locale":"es_ES"}},"Title":{"DisplayValue":"GxDetail Pack Cuidado Cuero - Kit Limpieza e Hidratación para Cuero Coche Gx Detail - Kit Con Accesorios y Limpiador de Asientos de Cuero - Limpia Asientos Tapicerias Piel y Cuero de Coche...","Label":"Title","Locale":"es_ES"}},"Offers":{"Summaries":[{"Condition":{"Value":"New"},"LowestPrice":{"Amount":34.95,"Currency":"EUR","DisplayAmount":"34,95 € (34,95 € / l)","PricePerUnit":34.95}}]}},{"ASIN":"B005EBNZTI","DetailPageURL":"https://www.amazon.es/dp/B005EBNZTI?tag=topinalambricos-21&linkCode=osi&th=1&psc=1","Images":{"Primary":{"Small":{"Height":75,"URL":"https://m.media-amazon.com/images/I/41MKOfJ00uL._SL75_.jpg","Width":75}}},"ItemInfo":{"ByLineInfo":{"Brand":{"DisplayValue":"Renapur","Label":"Brand","Locale":"es_ES"},"Manufacturer":{"DisplayValue":"Renapur Ltd","Label":"Manufacturer","Locale":"es_ES"}},"Title":{"DisplayValue":"Bálsamo de cuero, bálsamo natural, acondicionador y restaurador Renapur (200ml + esponja aplicadora)","Label":"Title","Locale":"es_ES"}},"Offers":{"Summaries":[{"Condition":{"Value":"New"},"LowestPrice":{"Amount":17.5,"Currency":"EUR","DisplayAmount":"17,50 €"}}]}},{"ASIN":"B01M0E5OC6","DetailPageURL":"https://www.amazon.es/dp/B01M0E5OC6?tag=topinalambricos-21&linkCode=osi&th=1&psc=1","Images":{"Primary":{"Small":{"Height":75,"URL":"https://m.media-amazon.com/images/I/31aqST56JDL._SL75_.jpg","Width":75}}},"ItemInfo":{"ByLineInfo":{"Brand":{"DisplayValue":"QM Cleaner","Label":"Brand","Locale":"es_ES"},"Manufacturer":{"DisplayValue":"QM Cleaner","Label":"Manufacturer","Locale":"es_ES"}},"Title":{"DisplayValue":"QM Cleaner LEATHER | Limpiador para cuero, piel y polipiel - Ideal para sillones, tapicerías de vehículos y complementos (Bolsos, chaquetas...) - 500ml","Label":"Title","Locale":"es_ES"}},"Offers":{"Summaries":[{"Condition":{"Value":"New"},"LowestPrice":{"Amount":15.99,"Currency":"EUR","DisplayAmount":"15,99 €"}}]}}],"SearchURL":"https://www.amazon.es/s?k=limpiar+cuero&rh=n%3A2424866031%2Cp_n_availability%3A-1&tag=topinalambricos-21&linkCode=osi","TotalResultCount":743}},"24":{"SearchResult":{"Items":[{"ASIN":"B07SL4WY1W","DetailPageURL":"https://www.amazon.es/dp/B07SL4WY1W?tag=topinalambricos-21&linkCode=osi&th=1&psc=1","Images":{"Primary":{"Small":{"Height":75,"URL":"https://m.media-amazon.com/images/I/4150jn7SysL._SL75_.jpg","Width":75}}},"ItemInfo":{"ByLineInfo":{"Brand":{"DisplayValue":"Maddox Detail","Label":"Brand","Locale":"es_ES"},"Manufacturer":{"DisplayValue":"Maddox Automoción SL","Label":"Manufacturer","Locale":"es_ES"}},"Title":{"DisplayValue":"Maddox Detail - Leather Detailer 500 ml | Limpiador y Acondicionador de Cuero | Limpieza Profunda para Coche y Sofá | Tratamiento de Piel | Elimina Suciedad y Manchas | Restaura Asientos","Label":"Title","Locale":"es_ES"}},"Offers":{"Summaries":[{"Condition":{"Value":"New"},"LowestPrice":{"Amount":12.9,"Currency":"EUR","DisplayAmount":"12,90 € (25,80 € / l)","PricePerUnit":25.8}}]}},{"ASIN":"B007DJ566O","DetailPageURL":"https://www.amazon.es/dp/B007DJ566O?tag=topinalambricos-21&linkCode=osi&th=1&psc=1","Images":{"Primary":{"Small":{"Height":75,"URL":"https://m.media-amazon.com/images/I/41Arv3FwqYL._SL75_.jpg","Width":75}}},"ItemInfo":{"ByLineInfo":{"Brand":{"DisplayValue":"DELARA","Label":"Brand","Locale":"es_ES"},"Manufacturer":{"DisplayValue":"DELARA","Label":"Manufacturer","Locale":"es_ES"}},"Title":{"DisplayValue":"DELARA Protector intensivo de cuero 100 ml, color: incoloro – Made in Germany","Label":"Title","Locale":"es_ES"}},"Offers":{"Summaries":[{"Condition":{"Value":"New"},"LowestPrice":{"Amount":10.99,"Currency":"EUR","DisplayAmount":"10,99 €"}}]}},{"ASIN":"B0BNZ6LN98","DetailPageURL":"https://www.amazon.es/dp/B0BNZ6LN98?tag=topinalambricos-21&linkCode=osi&th=1&psc=1","Images":{"Primary":{"Small":{"Height":75,"URL":"https://m.media-amazon.com/images/I/41FW8HzHpVL._SL75_.jpg","Width":75}}},"ItemInfo":{"ByLineInfo":{"Brand":{"DisplayValue":"GxDetail","Label":"Brand","Locale":"es_ES"},"Manufacturer":{"DisplayValue":"GxDetail","Label":"Manufacturer","Locale":"es_ES"}},"Title":{"DisplayValue":"GxDetail Limpiador de Cuero y Piel - Limpia, protege y ayuda a mantener las superficies nuevas - Limpiador de Asientos de coche de Cuero - Leather Cleaner (500 ml.)","Label":"Title","Locale":"es_ES"}},"Offers":{"Summaries":[{"Condition":{"Value":"New"},"LowestPrice":{"Amount":10.99,"Currency":"EUR","DisplayAmount":"10,99 € (21,98 € / l)","PricePerUnit":21.98}}]}},{"ASIN":"B07JWHH61W","DetailPageURL":"https://www.amazon.es/dp/B07JWHH61W?tag=topinalambricos-21&linkCode=osi&th=1&psc=1","Images":{"Primary":{"Small":{"Height":75,"URL":"https://m.media-amazon.com/images/I/51mbQkPkmeL._SL75_.jpg","Width":75}}},"ItemInfo":{"ByLineInfo":{"Brand":{"DisplayValue":"Maddox Detail","Label":"Brand","Locale":"es_ES"},"Manufacturer":{"DisplayValue":"Maddox Automoción","Label":"Manufacturer","Locale":"es_ES"}},"Title":{"DisplayValue":"Maddox Detail - Leather Care Kit 500ml | Limpiador y Acondicionador de Cuero y Piel | Incluye Microfibra | Kit Limpiador de Tapicería de Coche","Label":"Title","Locale":"es_ES"}},"Offers":{"Summaries":[{"Condition":{"Value":"New"},"LowestPrice":{"Amount":26.5,"Currency":"EUR","DisplayAmount":"26,50 € (26,50 € / l)","PricePerUnit":26.5}}]}},{"ASIN":"B07K9XPXF8","DetailPageURL":"https://www.amazon.es/dp/B07K9XPXF8?tag=topinalambricos-21&linkCode=osi&th=1&psc=1","Images":{"Primary":{"Small":{"Height":75,"URL":"https://m.media-amazon.com/images/I/41IdIjP7B3L._SL75_.jpg","Width":75}}},"ItemInfo":{"ByLineInfo":{"Brand":{"DisplayValue":"QM Cleaner","Label":"Brand","Locale":"es_ES"},"Manufacturer":{"DisplayValue":"QM Cleaner","Label":"Manufacturer","Locale":"es_ES"}},"Title":{"DisplayValue":"QM Cleaner Limpieza e hidratación Cuero. Cuidado y Limpieza de la tapicería del Coche, sillones Sofa de Cuero. Limpia e hidrata (Kit Leather)","Label":"Title","Locale":"es_ES"}},"Offers":{"Summaries":[{"Condition":{"Value":"New"},"LowestPrice":{"Amount":28.49,"Currency":"EUR","DisplayAmount":"28,49 €"}}]}},{"ASIN":"B0BHT8LCCP","DetailPageURL":"https://www.amazon.es/dp/B0BHT8LCCP?tag=topinalambricos-21&linkCode=osi&th=1&psc=1","Images":{"Primary":{"Small":{"Height":75,"URL":"https://m.media-amazon.com/images/I/31vFEUUo0OL._SL75_.jpg","Width":75}}},"ItemInfo":{"ByLineInfo":{"Brand":{"DisplayValue":"LAAV","Label":"Brand","Locale":"es_ES"},"Manufacturer":{"DisplayValue":"CSG Sp. z o.o.","Label":"Manufacturer","Locale":"es_ES"}},"Title":{"DisplayValue":"LAAV Limpiador Cuero Leather Cleaner (250 ml) I Elimina la Suciedad y Las Manchas, no Seca I Limpiador Tapiceria Coche I Producto de Limpieza Ecológico para Todos los Productos de Piel","Label":"Title","Locale":"es_ES"}},"Offers":{"Summaries":[{"Condition":{"Value":"New"},"LowestPrice":{"Amount":6.9,"Currency":"EUR","DisplayAmount":"6,90 € (27,60 € / l)","PricePerUnit":27.6}}]}},{"ASIN":"B074KKZVMF","DetailPageURL":"https://www.amazon.es/dp/B074KKZVMF?tag=topinalambricos-21&linkCode=osi&th=1&psc=1","Images":{"Primary":{"Small":{"Height":75,"URL":"https://m.media-amazon.com/images/I/410nKkuP99L._SL75_.jpg","Width":75}}},"ItemInfo":{"ByLineInfo":{"Brand":{"DisplayValue":"Maddox Detail","Label":"Brand","Locale":"es_ES"},"Manufacturer":{"DisplayValue":"Maddox Automocion Sl","Label":"Manufacturer","Locale":"es_ES"}},"Title":{"DisplayValue":"Maddox Detail - Leather Conditioner 500ml | Hidratante y Tratamiento Cuero Coche | Limpiador Asientos de Cuero y Piel, Negro","Label":"Title","Locale":"es_ES"}},"Offers":{"Summaries":[{"Condition":{"Value":"New"},"LowestPrice":{"Amount":14.9,"Currency":"EUR","DisplayAmount":"14,90 € (29,80 € / l)","PricePerUnit":29.8}}]}},{"ASIN":"B0BPN5PWY3","DetailPageURL":"https://www.amazon.es/dp/B0BPN5PWY3?tag=topinalambricos-21&linkCode=osi&th=1&psc=1","Images":{"Primary":{"Small":{"Height":75,"URL":"https://m.media-amazon.com/images/I/511GOk2abCL._SL75_.jpg","Width":75}}},"ItemInfo":{"ByLineInfo":{"Brand":{"DisplayValue":"GxDetail","Label":"Brand","Locale":"es_ES"},"Manufacturer":{"DisplayValue":"GxDetail","Label":"Manufacturer","Locale":"es_ES"}},"Title":{"DisplayValue":"GxDetail Pack Cuidado Cuero - Kit Limpieza e Hidratación para Cuero Coche Gx Detail - Kit Con Accesorios y Limpiador de Asientos de Cuero - Limpia Asientos Tapicerias Piel y Cuero de Coche...","Label":"Title","Locale":"es_ES"}},"Offers":{"Summaries":[{"Condition":{"Value":"New"},"LowestPrice":{"Amount":34.95,"Currency":"EUR","DisplayAmount":"34,95 € (34,95 € / l)","PricePerUnit":34.95}}]}},{"ASIN":"B005EBNZTI","DetailPageURL":"https://www.amazon.es/dp/B005EBNZTI?tag=topinalambricos-21&linkCode=osi&th=1&psc=1","Images":{"Primary":{"Small":{"Height":75,"URL":"https://m.media-amazon.com/images/I/41MKOfJ00uL._SL75_.jpg","Width":75}}},"ItemInfo":{"ByLineInfo":{"Brand":{"DisplayValue":"Renapur","Label":"Brand","Locale":"es_ES"},"Manufacturer":{"DisplayValue":"Renapur Ltd","Label":"Manufacturer","Locale":"es_ES"}},"Title":{"DisplayValue":"Bálsamo de cuero, bálsamo natural, acondicionador y restaurador Renapur (200ml + esponja aplicadora)","Label":"Title","Locale":"es_ES"}},"Offers":{"Summaries":[{"Condition":{"Value":"New"},"LowestPrice":{"Amount":17.5,"Currency":"EUR","DisplayAmount":"17,50 €"}}]}},{"ASIN":"B01M0E5OC6","DetailPageURL":"https://www.amazon.es/dp/B01M0E5OC6?tag=topinalambricos-21&linkCode=osi&th=1&psc=1","Images":{"Primary":{"Small":{"Height":75,"URL":"https://m.media-amazon.com/images/I/31aqST56JDL._SL75_.jpg","Width":75}}},"ItemInfo":{"ByLineInfo":{"Brand":{"DisplayValue":"QM Cleaner","Label":"Brand","Locale":"es_ES"},"Manufacturer":{"DisplayValue":"QM Cleaner","Label":"Manufacturer","Locale":"es_ES"}},"Title":{"DisplayValue":"QM Cleaner LEATHER | Limpiador para cuero, piel y polipiel - Ideal para sillones, tapicerías de vehículos y complementos (Bolsos, chaquetas...) - 500ml","Label":"Title","Locale":"es_ES"}},"Offers":{"Summaries":[{"Condition":{"Value":"New"},"LowestPrice":{"Amount":15.99,"Currency":"EUR","DisplayAmount":"15,99 €"}}]}}],"SearchURL":"https://www.amazon.es/s?k=limpiar+cuero&rh=n%3A2424866031%2Cp_n_availability%3A-1&tag=topinalambricos-21&linkCode=osi","TotalResultCount":743}},"25":{"SearchResult":{"Items":[{"ASIN":"B07GBN7JMK","DetailPageURL":"https://www.amazon.es/dp/B07GBN7JMK?tag=topinalambricos-21&linkCode=osi&th=1&psc=1","Images":{"Primary":{"Small":{"Height":75,"URL":"https://m.media-amazon.com/images/I/31vHA+wxLoL._SL75_.jpg","Width":70}}},"ItemInfo":{"ByLineInfo":{"Brand":{"DisplayValue":"Lancoon","Label":"Brand","Locale":"es_ES"},"Manufacturer":{"DisplayValue":"Lancoon","Label":"Manufacturer","Locale":"es_ES"}},"Title":{"DisplayValue":"Lancoon Paraguas Cúpula Transparente Mujer, 16 Costillas TamañO Grande A Prueba De Viento AutomáTico Abierto KS10White","Label":"Title","Locale":"es_ES"}},"Offers":{"Summaries":[{"Condition":{"Value":"New"},"LowestPrice":{"Amount":24.99,"Currency":"EUR","DisplayAmount":"24,99 €"}}]}},{"ASIN":"B0C4YLL3QG","DetailPageURL":"https://www.amazon.es/dp/B0C4YLL3QG?tag=topinalambricos-21&linkCode=osi&th=1&psc=1","Images":{"Primary":{"Small":{"Height":75,"URL":"https://m.media-amazon.com/images/I/312yqV-pibL._SL75_.jpg","Width":64}}},"ItemInfo":{"ByLineInfo":{"Brand":{"DisplayValue":"Jissta","Label":"Brand","Locale":"es_ES"},"Manufacturer":{"DisplayValue":"Jissta","Label":"Manufacturer","Locale":"es_ES"}},"Title":{"DisplayValue":"Jissta 4 neceseres Transparentes 20 * 20CM, Bolsa para líquidos de avión, Neceser portátil, Neceser de Viaje para Mujeres y Hombres con asa","Label":"Title","Locale":"es_ES"}},"Offers":{"Summaries":[{"Condition":{"Value":"New"},"LowestPrice":{"Amount":7.99,"Currency":"EUR","DisplayAmount":"7,99 €"}}]}},{"ASIN":"B0B1V8QLLT","DetailPageURL":"https://www.amazon.es/dp/B0B1V8QLLT?tag=topinalambricos-21&linkCode=osi&th=1&psc=1","Images":{"Primary":{"Small":{"Height":75,"URL":"https://m.media-amazon.com/images/I/41aMcaqaMBL._SL75_.jpg","Width":75}}},"ItemInfo":{"ByLineInfo":{"Brand":{"DisplayValue":"Pinsheng","Label":"Brand","Locale":"es_ES"},"Manufacturer":{"DisplayValue":"Pinsheng","Label":"Manufacturer","Locale":"es_ES"}},"Title":{"DisplayValue":"Pinsheng Tirantes Transparentes Sujetador 4 Pares Transparente Hombro Tirantes Claro Sujetador Correas Correas Transparentes Invisibles Antideslizantes de Sujetador para Mujer","Label":"Title","Locale":"es_ES"}},"Offers":{"Summaries":[{"Condition":{"Value":"New"},"LowestPrice":{"Amount":3.99,"Currency":"EUR","DisplayAmount":"3,99 €"}}]}},{"ASIN":"B09C376BCW","DetailPageURL":"https://www.amazon.es/dp/B09C376BCW?tag=topinalambricos-21&linkCode=osi&th=1&psc=1","Images":{"Primary":{"Small":{"Height":75,"URL":"https://m.media-amazon.com/images/I/31DDHCgK0lL._SL75_.jpg","Width":75}}},"ItemInfo":{"ByLineInfo":{"Brand":{"DisplayValue":"Jiakalamo","Label":"Brand","Locale":"es_ES"},"Manufacturer":{"DisplayValue":"Jiakalamo","Label":"Manufacturer","Locale":"es_ES"}},"Title":{"DisplayValue":"Jiakalamo Paraguas transparente plegable, Paraguas transparente automático para bodas , Paraguas transparente plegable mujer antiviento niño bodas travel ,Cierre automático Paraguas","Label":"Title","Locale":"es_ES"}},"Offers":{"Summaries":[{"Condition":{"Value":"New"},"LowestPrice":{"Amount":16.3,"Currency":"EUR","DisplayAmount":"16,30 €"}}]}},{"ASIN":"B081RPLNK1","DetailPageURL":"https://www.amazon.es/dp/B081RPLNK1?tag=topinalambricos-21&linkCode=osi&th=1&psc=1","Images":{"Primary":{"Small":{"Height":75,"URL":"https://m.media-amazon.com/images/I/4146RIkJjkL._SL75_.jpg","Width":75}}},"ItemInfo":{"ByLineInfo":{"Brand":{"DisplayValue":"WENTS","Label":"Brand","Locale":"es_ES"}},"Title":{"DisplayValue":"WENTS Bolsa Transparente de PVC Bolsa Transparente con Bolsillos con Cremallera y Correa para el Hombro Desmontable Cremallera Neceser De Cosmeticos De Mano Gran Capacidad","Label":"Title","Locale":"es_ES"}},"Offers":{"Summaries":[{"Condition":{"Value":"New"},"LowestPrice":{"Amount":11.67,"Currency":"EUR","DisplayAmount":"11,67 €"}}]}},{"ASIN":"B0BNQN89QF","DetailPageURL":"https://www.amazon.es/dp/B0BNQN89QF?tag=topinalambricos-21&linkCode=osi&th=1&psc=1","Images":{"Primary":{"Small":{"Height":75,"URL":"https://m.media-amazon.com/images/I/41m+zixsAKL._SL75_.jpg","Width":75}}},"ItemInfo":{"ByLineInfo":{"Brand":{"DisplayValue":"PUERHUACI","Label":"Brand","Locale":"es_ES"}},"Title":{"DisplayValue":"Neceser Transparente Viaje Avion,Bolsa Liquidos Avion,6 Piezas Bolso Transparente,19x14cm Neceser Viaje Avion,Bolsa Transparente Multifunción con Cremallera","Label":"Title","Locale":"es_ES"}},"Offers":{"Summaries":[{"Condition":{"Value":"New"},"LowestPrice":{"Amount":13.89,"Currency":"EUR","DisplayAmount":"13,89 €"}}]}},{"ASIN":"B0BVVKZLHT","DetailPageURL":"https://www.amazon.es/dp/B0BVVKZLHT?tag=topinalambricos-21&linkCode=osi&th=1&psc=1","Images":{"Primary":{"Small":{"Height":75,"URL":"https://m.media-amazon.com/images/I/41zd76ozzyL._SL75_.jpg","Width":75}}},"ItemInfo":{"ByLineInfo":{"Brand":{"DisplayValue":"Aucuu","Label":"Brand","Locale":"es_ES"},"Manufacturer":{"DisplayValue":"Aucuu®-EU","Label":"Manufacturer","Locale":"es_ES"}},"Title":{"DisplayValue":"Aucuu 4PCS Neceser Hombre, Transparente Neceser Viaje Avion, Bolsa liquidos Avion, Bolsa de Aseo Organizador Mujer, Viajes Accesorios, 20x20cm (Gris+ Cuerda)","Label":"Title","Locale":"es_ES"}},"Offers":{"Summaries":[{"Condition":{"Value":"New"},"LowestPrice":{"Amount":7.98,"Currency":"EUR","DisplayAmount":"7,98 €"}}]}},{"ASIN":"B0BWTJMHXF","DetailPageURL":"https://www.amazon.es/dp/B0BWTJMHXF?tag=topinalambricos-21&linkCode=osi&th=1&psc=1","Images":{"Primary":{"Small":{"Height":75,"URL":"https://m.media-amazon.com/images/I/51-Gsh1xTvL._SL75_.jpg","Width":75}}},"ItemInfo":{"ByLineInfo":{"Brand":{"DisplayValue":"talifoca","Label":"Brand","Locale":"es_ES"},"Manufacturer":{"DisplayValue":"TALIFOCA","Label":"Manufacturer","Locale":"es_ES"}},"Title":{"DisplayValue":"3 Piezas Neceser de Aseo Transparente, Bolsas Transparentes de Avión,Bolsas de Aseo Transparente,Mujer Bolsa de Cosmético Organizador,Kit de Viaje para Avión, para Mujeres y Hombres","Label":"Title","Locale":"es_ES"}},"Offers":{"Summaries":[{"Condition":{"Value":"New"},"LowestPrice":{"Amount":8.99,"Currency":"EUR","DisplayAmount":"8,99 €"}}]}},{"ASIN":"B08YNGRXNK","DetailPageURL":"https://www.amazon.es/dp/B08YNGRXNK?tag=topinalambricos-21&linkCode=osi&th=1&psc=1","Images":{"Primary":{"Small":{"Height":75,"URL":"https://m.media-amazon.com/images/I/4158WjUfRlL._SL75_.jpg","Width":75}}},"ItemInfo":{"ByLineInfo":{"Brand":{"DisplayValue":"Casio","Label":"Brand","Locale":"es_ES"},"Manufacturer":{"DisplayValue":"CASIO","Label":"Manufacturer","Locale":"es_ES"}},"Title":{"DisplayValue":"Casio Unisex-adultos Digital GA-2100SKE-7AER","Label":"Title","Locale":"es_ES"}},"Offers":{"Summaries":[{"Condition":{"Value":"New"},"LowestPrice":{"Amount":83.59,"Currency":"EUR","DisplayAmount":"83,59 €"}}]}},{"ASIN":"B0CH9FT7L6","DetailPageURL":"https://www.amazon.es/dp/B0CH9FT7L6?tag=topinalambricos-21&linkCode=osi&th=1&psc=1","Images":{"Primary":{"Small":{"Height":75,"URL":"https://m.media-amazon.com/images/I/41Zy4SoABVL._SL75_.jpg","Width":75}}},"ItemInfo":{"ByLineInfo":{"Brand":{"DisplayValue":"Smilbaley","Label":"Brand","Locale":"es_ES"},"Manufacturer":{"DisplayValue":"D-22","Label":"Manufacturer","Locale":"es_ES"}},"Title":{"DisplayValue":"Smilbaley 2 Piezas Bolsa de Gimnasia Transparente, Bolsa de Cincha Transparente, Bolsa de Gimnasia Transparente con Cordón, para Escuelas, Exteriores, Gimnasios, Playas (35×45cm)","Label":"Title","Locale":"es_ES"}},"Offers":{"Summaries":[{"Condition":{"Value":"New"},"LowestPrice":{"Amount":14.99,"Currency":"EUR","DisplayAmount":"14,99 €"}}]}}],"SearchURL":"https://www.amazon.es/s?k=transparente&rh=n%3A14223378031%2Cp_n_availability%3A-1&tag=topinalambricos-21&linkCode=osi","TotalResultCount":306}},"26":{"SearchResult":{"Items":[{"ASIN":"B07GBN7JMK","DetailPageURL":"https://www.amazon.es/dp/B07GBN7JMK?tag=topinalambricos-21&linkCode=osi&th=1&psc=1","Images":{"Primary":{"Small":{"Height":75,"URL":"https://m.media-amazon.com/images/I/31vHA+wxLoL._SL75_.jpg","Width":70}}},"ItemInfo":{"ByLineInfo":{"Brand":{"DisplayValue":"Lancoon","Label":"Brand","Locale":"es_ES"},"Manufacturer":{"DisplayValue":"Lancoon","Label":"Manufacturer","Locale":"es_ES"}},"Title":{"DisplayValue":"Lancoon Paraguas Cúpula Transparente Mujer, 16 Costillas TamañO Grande A Prueba De Viento AutomáTico Abierto KS10White","Label":"Title","Locale":"es_ES"}},"Offers":{"Summaries":[{"Condition":{"Value":"New"},"LowestPrice":{"Amount":24.99,"Currency":"EUR","DisplayAmount":"24,99 €"}}]}},{"ASIN":"B0C4YLL3QG","DetailPageURL":"https://www.amazon.es/dp/B0C4YLL3QG?tag=topinalambricos-21&linkCode=osi&th=1&psc=1","Images":{"Primary":{"Small":{"Height":75,"URL":"https://m.media-amazon.com/images/I/312yqV-pibL._SL75_.jpg","Width":64}}},"ItemInfo":{"ByLineInfo":{"Brand":{"DisplayValue":"Jissta","Label":"Brand","Locale":"es_ES"},"Manufacturer":{"DisplayValue":"Jissta","Label":"Manufacturer","Locale":"es_ES"}},"Title":{"DisplayValue":"Jissta 4 neceseres Transparentes 20 * 20CM, Bolsa para líquidos de avión, Neceser portátil, Neceser de Viaje para Mujeres y Hombres con asa","Label":"Title","Locale":"es_ES"}},"Offers":{"Summaries":[{"Condition":{"Value":"New"},"LowestPrice":{"Amount":7.99,"Currency":"EUR","DisplayAmount":"7,99 €"}}]}},{"ASIN":"B0B1V8QLLT","DetailPageURL":"https://www.amazon.es/dp/B0B1V8QLLT?tag=topinalambricos-21&linkCode=osi&th=1&psc=1","Images":{"Primary":{"Small":{"Height":75,"URL":"https://m.media-amazon.com/images/I/41aMcaqaMBL._SL75_.jpg","Width":75}}},"ItemInfo":{"ByLineInfo":{"Brand":{"DisplayValue":"Pinsheng","Label":"Brand","Locale":"es_ES"},"Manufacturer":{"DisplayValue":"Pinsheng","Label":"Manufacturer","Locale":"es_ES"}},"Title":{"DisplayValue":"Pinsheng Tirantes Transparentes Sujetador 4 Pares Transparente Hombro Tirantes Claro Sujetador Correas Correas Transparentes Invisibles Antideslizantes de Sujetador para Mujer","Label":"Title","Locale":"es_ES"}},"Offers":{"Summaries":[{"Condition":{"Value":"New"},"LowestPrice":{"Amount":3.99,"Currency":"EUR","DisplayAmount":"3,99 €"}}]}},{"ASIN":"B09C376BCW","DetailPageURL":"https://www.amazon.es/dp/B09C376BCW?tag=topinalambricos-21&linkCode=osi&th=1&psc=1","Images":{"Primary":{"Small":{"Height":75,"URL":"https://m.media-amazon.com/images/I/31DDHCgK0lL._SL75_.jpg","Width":75}}},"ItemInfo":{"ByLineInfo":{"Brand":{"DisplayValue":"Jiakalamo","Label":"Brand","Locale":"es_ES"},"Manufacturer":{"DisplayValue":"Jiakalamo","Label":"Manufacturer","Locale":"es_ES"}},"Title":{"DisplayValue":"Jiakalamo Paraguas transparente plegable, Paraguas transparente automático para bodas , Paraguas transparente plegable mujer antiviento niño bodas travel ,Cierre automático Paraguas","Label":"Title","Locale":"es_ES"}},"Offers":{"Summaries":[{"Condition":{"Value":"New"},"LowestPrice":{"Amount":16.3,"Currency":"EUR","DisplayAmount":"16,30 €"}}]}},{"ASIN":"B081RPLNK1","DetailPageURL":"https://www.amazon.es/dp/B081RPLNK1?tag=topinalambricos-21&linkCode=osi&th=1&psc=1","Images":{"Primary":{"Small":{"Height":75,"URL":"https://m.media-amazon.com/images/I/4146RIkJjkL._SL75_.jpg","Width":75}}},"ItemInfo":{"ByLineInfo":{"Brand":{"DisplayValue":"WENTS","Label":"Brand","Locale":"es_ES"}},"Title":{"DisplayValue":"WENTS Bolsa Transparente de PVC Bolsa Transparente con Bolsillos con Cremallera y Correa para el Hombro Desmontable Cremallera Neceser De Cosmeticos De Mano Gran Capacidad","Label":"Title","Locale":"es_ES"}},"Offers":{"Summaries":[{"Condition":{"Value":"New"},"LowestPrice":{"Amount":11.67,"Currency":"EUR","DisplayAmount":"11,67 €"}}]}},{"ASIN":"B0BNQN89QF","DetailPageURL":"https://www.amazon.es/dp/B0BNQN89QF?tag=topinalambricos-21&linkCode=osi&th=1&psc=1","Images":{"Primary":{"Small":{"Height":75,"URL":"https://m.media-amazon.com/images/I/41m+zixsAKL._SL75_.jpg","Width":75}}},"ItemInfo":{"ByLineInfo":{"Brand":{"DisplayValue":"PUERHUACI","Label":"Brand","Locale":"es_ES"}},"Title":{"DisplayValue":"Neceser Transparente Viaje Avion,Bolsa Liquidos Avion,6 Piezas Bolso Transparente,19x14cm Neceser Viaje Avion,Bolsa Transparente Multifunción con Cremallera","Label":"Title","Locale":"es_ES"}},"Offers":{"Summaries":[{"Condition":{"Value":"New"},"LowestPrice":{"Amount":13.89,"Currency":"EUR","DisplayAmount":"13,89 €"}}]}},{"ASIN":"B0BVVKZLHT","DetailPageURL":"https://www.amazon.es/dp/B0BVVKZLHT?tag=topinalambricos-21&linkCode=osi&th=1&psc=1","Images":{"Primary":{"Small":{"Height":75,"URL":"https://m.media-amazon.com/images/I/41zd76ozzyL._SL75_.jpg","Width":75}}},"ItemInfo":{"ByLineInfo":{"Brand":{"DisplayValue":"Aucuu","Label":"Brand","Locale":"es_ES"},"Manufacturer":{"DisplayValue":"Aucuu®-EU","Label":"Manufacturer","Locale":"es_ES"}},"Title":{"DisplayValue":"Aucuu 4PCS Neceser Hombre, Transparente Neceser Viaje Avion, Bolsa liquidos Avion, Bolsa de Aseo Organizador Mujer, Viajes Accesorios, 20x20cm (Gris+ Cuerda)","Label":"Title","Locale":"es_ES"}},"Offers":{"Summaries":[{"Condition":{"Value":"New"},"LowestPrice":{"Amount":7.98,"Currency":"EUR","DisplayAmount":"7,98 €"}}]}},{"ASIN":"B0BWTJMHXF","DetailPageURL":"https://www.amazon.es/dp/B0BWTJMHXF?tag=topinalambricos-21&linkCode=osi&th=1&psc=1","Images":{"Primary":{"Small":{"Height":75,"URL":"https://m.media-amazon.com/images/I/51-Gsh1xTvL._SL75_.jpg","Width":75}}},"ItemInfo":{"ByLineInfo":{"Brand":{"DisplayValue":"talifoca","Label":"Brand","Locale":"es_ES"},"Manufacturer":{"DisplayValue":"TALIFOCA","Label":"Manufacturer","Locale":"es_ES"}},"Title":{"DisplayValue":"3 Piezas Neceser de Aseo Transparente, Bolsas Transparentes de Avión,Bolsas de Aseo Transparente,Mujer Bolsa de Cosmético Organizador,Kit de Viaje para Avión, para Mujeres y Hombres","Label":"Title","Locale":"es_ES"}},"Offers":{"Summaries":[{"Condition":{"Value":"New"},"LowestPrice":{"Amount":8.99,"Currency":"EUR","DisplayAmount":"8,99 €"}}]}},{"ASIN":"B08YNGRXNK","DetailPageURL":"https://www.amazon.es/dp/B08YNGRXNK?tag=topinalambricos-21&linkCode=osi&th=1&psc=1","Images":{"Primary":{"Small":{"Height":75,"URL":"https://m.media-amazon.com/images/I/4158WjUfRlL._SL75_.jpg","Width":75}}},"ItemInfo":{"ByLineInfo":{"Brand":{"DisplayValue":"Casio","Label":"Brand","Locale":"es_ES"},"Manufacturer":{"DisplayValue":"CASIO","Label":"Manufacturer","Locale":"es_ES"}},"Title":{"DisplayValue":"Casio Unisex-adultos Digital GA-2100SKE-7AER","Label":"Title","Locale":"es_ES"}},"Offers":{"Summaries":[{"Condition":{"Value":"New"},"LowestPrice":{"Amount":83.59,"Currency":"EUR","DisplayAmount":"83,59 €"}}]}},{"ASIN":"B0CH9FT7L6","DetailPageURL":"https://www.amazon.es/dp/B0CH9FT7L6?tag=topinalambricos-21&linkCode=osi&th=1&psc=1","Images":{"Primary":{"Small":{"Height":75,"URL":"https://m.media-amazon.com/images/I/41Zy4SoABVL._SL75_.jpg","Width":75}}},"ItemInfo":{"ByLineInfo":{"Brand":{"DisplayValue":"Smilbaley","Label":"Brand","Locale":"es_ES"},"Manufacturer":{"DisplayValue":"D-22","Label":"Manufacturer","Locale":"es_ES"}},"Title":{"DisplayValue":"Smilbaley 2 Piezas Bolsa de Gimnasia Transparente, Bolsa de Cincha Transparente, Bolsa de Gimnasia Transparente con Cordón, para Escuelas, Exteriores, Gimnasios, Playas (35×45cm)","Label":"Title","Locale":"es_ES"}},"Offers":{"Summaries":[{"Condition":{"Value":"New"},"LowestPrice":{"Amount":14.99,"Currency":"EUR","DisplayAmount":"14,99 €"}}]}}],"SearchURL":"https://www.amazon.es/s?k=transparente&rh=n%3A14223378031%2Cp_n_availability%3A-1&tag=topinalambricos-21&linkCode=osi","TotalResultCount":306}},"28":{"SearchResult":{"Items":[{"ASIN":"B07GBN7JMK","DetailPageURL":"https://www.amazon.es/dp/B07GBN7JMK?tag=topinalambricos-21&linkCode=osi&th=1&psc=1","Images":{"Primary":{"Small":{"Height":75,"URL":"https://m.media-amazon.com/images/I/31vHA+wxLoL._SL75_.jpg","Width":70}}},"ItemInfo":{"ByLineInfo":{"Brand":{"DisplayValue":"Lancoon","Label":"Brand","Locale":"es_ES"},"Manufacturer":{"DisplayValue":"Lancoon","Label":"Manufacturer","Locale":"es_ES"}},"Title":{"DisplayValue":"Lancoon Paraguas Cúpula Transparente Mujer, 16 Costillas TamañO Grande A Prueba De Viento AutomáTico Abierto KS10White","Label":"Title","Locale":"es_ES"}},"Offers":{"Summaries":[{"Condition":{"Value":"New"},"LowestPrice":{"Amount":24.99,"Currency":"EUR","DisplayAmount":"24,99 €"}}]}},{"ASIN":"B0C4YLL3QG","DetailPageURL":"https://www.amazon.es/dp/B0C4YLL3QG?tag=topinalambricos-21&linkCode=osi&th=1&psc=1","Images":{"Primary":{"Small":{"Height":75,"URL":"https://m.media-amazon.com/images/I/312yqV-pibL._SL75_.jpg","Width":64}}},"ItemInfo":{"ByLineInfo":{"Brand":{"DisplayValue":"Jissta","Label":"Brand","Locale":"es_ES"},"Manufacturer":{"DisplayValue":"Jissta","Label":"Manufacturer","Locale":"es_ES"}},"Title":{"DisplayValue":"Jissta 4 neceseres Transparentes 20 * 20CM, Bolsa para líquidos de avión, Neceser portátil, Neceser de Viaje para Mujeres y Hombres con asa","Label":"Title","Locale":"es_ES"}},"Offers":{"Summaries":[{"Condition":{"Value":"New"},"LowestPrice":{"Amount":7.99,"Currency":"EUR","DisplayAmount":"7,99 €"}}]}},{"ASIN":"B0B1V8QLLT","DetailPageURL":"https://www.amazon.es/dp/B0B1V8QLLT?tag=topinalambricos-21&linkCode=osi&th=1&psc=1","Images":{"Primary":{"Small":{"Height":75,"URL":"https://m.media-amazon.com/images/I/41aMcaqaMBL._SL75_.jpg","Width":75}}},"ItemInfo":{"ByLineInfo":{"Brand":{"DisplayValue":"Pinsheng","Label":"Brand","Locale":"es_ES"},"Manufacturer":{"DisplayValue":"Pinsheng","Label":"Manufacturer","Locale":"es_ES"}},"Title":{"DisplayValue":"Pinsheng Tirantes Transparentes Sujetador 4 Pares Transparente Hombro Tirantes Claro Sujetador Correas Correas Transparentes Invisibles Antideslizantes de Sujetador para Mujer","Label":"Title","Locale":"es_ES"}},"Offers":{"Summaries":[{"Condition":{"Value":"New"},"LowestPrice":{"Amount":3.99,"Currency":"EUR","DisplayAmount":"3,99 €"}}]}},{"ASIN":"B09C376BCW","DetailPageURL":"https://www.amazon.es/dp/B09C376BCW?tag=topinalambricos-21&linkCode=osi&th=1&psc=1","Images":{"Primary":{"Small":{"Height":75,"URL":"https://m.media-amazon.com/images/I/31DDHCgK0lL._SL75_.jpg","Width":75}}},"ItemInfo":{"ByLineInfo":{"Brand":{"DisplayValue":"Jiakalamo","Label":"Brand","Locale":"es_ES"},"Manufacturer":{"DisplayValue":"Jiakalamo","Label":"Manufacturer","Locale":"es_ES"}},"Title":{"DisplayValue":"Jiakalamo Paraguas transparente plegable, Paraguas transparente automático para bodas , Paraguas transparente plegable mujer antiviento niño bodas travel ,Cierre automático Paraguas","Label":"Title","Locale":"es_ES"}},"Offers":{"Summaries":[{"Condition":{"Value":"New"},"LowestPrice":{"Amount":16.3,"Currency":"EUR","DisplayAmount":"16,30 €"}}]}},{"ASIN":"B081RPLNK1","DetailPageURL":"https://www.amazon.es/dp/B081RPLNK1?tag=topinalambricos-21&linkCode=osi&th=1&psc=1","Images":{"Primary":{"Small":{"Height":75,"URL":"https://m.media-amazon.com/images/I/4146RIkJjkL._SL75_.jpg","Width":75}}},"ItemInfo":{"ByLineInfo":{"Brand":{"DisplayValue":"WENTS","Label":"Brand","Locale":"es_ES"}},"Title":{"DisplayValue":"WENTS Bolsa Transparente de PVC Bolsa Transparente con Bolsillos con Cremallera y Correa para el Hombro Desmontable Cremallera Neceser De Cosmeticos De Mano Gran Capacidad","Label":"Title","Locale":"es_ES"}},"Offers":{"Summaries":[{"Condition":{"Value":"New"},"LowestPrice":{"Amount":11.67,"Currency":"EUR","DisplayAmount":"11,67 €"}}]}},{"ASIN":"B0BNQN89QF","DetailPageURL":"https://www.amazon.es/dp/B0BNQN89QF?tag=topinalambricos-21&linkCode=osi&th=1&psc=1","Images":{"Primary":{"Small":{"Height":75,"URL":"https://m.media-amazon.com/images/I/41m+zixsAKL._SL75_.jpg","Width":75}}},"ItemInfo":{"ByLineInfo":{"Brand":{"DisplayValue":"PUERHUACI","Label":"Brand","Locale":"es_ES"}},"Title":{"DisplayValue":"Neceser Transparente Viaje Avion,Bolsa Liquidos Avion,6 Piezas Bolso Transparente,19x14cm Neceser Viaje Avion,Bolsa Transparente Multifunción con Cremallera","Label":"Title","Locale":"es_ES"}},"Offers":{"Summaries":[{"Condition":{"Value":"New"},"LowestPrice":{"Amount":13.89,"Currency":"EUR","DisplayAmount":"13,89 €"}}]}},{"ASIN":"B0BVVKZLHT","DetailPageURL":"https://www.amazon.es/dp/B0BVVKZLHT?tag=topinalambricos-21&linkCode=osi&th=1&psc=1","Images":{"Primary":{"Small":{"Height":75,"URL":"https://m.media-amazon.com/images/I/41zd76ozzyL._SL75_.jpg","Width":75}}},"ItemInfo":{"ByLineInfo":{"Brand":{"DisplayValue":"Aucuu","Label":"Brand","Locale":"es_ES"},"Manufacturer":{"DisplayValue":"Aucuu®-EU","Label":"Manufacturer","Locale":"es_ES"}},"Title":{"DisplayValue":"Aucuu 4PCS Neceser Hombre, Transparente Neceser Viaje Avion, Bolsa liquidos Avion, Bolsa de Aseo Organizador Mujer, Viajes Accesorios, 20x20cm (Gris+ Cuerda)","Label":"Title","Locale":"es_ES"}},"Offers":{"Summaries":[{"Condition":{"Value":"New"},"LowestPrice":{"Amount":7.98,"Currency":"EUR","DisplayAmount":"7,98 €"}}]}},{"ASIN":"B0BWTJMHXF","DetailPageURL":"https://www.amazon.es/dp/B0BWTJMHXF?tag=topinalambricos-21&linkCode=osi&th=1&psc=1","Images":{"Primary":{"Small":{"Height":75,"URL":"https://m.media-amazon.com/images/I/51-Gsh1xTvL._SL75_.jpg","Width":75}}},"ItemInfo":{"ByLineInfo":{"Brand":{"DisplayValue":"talifoca","Label":"Brand","Locale":"es_ES"},"Manufacturer":{"DisplayValue":"TALIFOCA","Label":"Manufacturer","Locale":"es_ES"}},"Title":{"DisplayValue":"3 Piezas Neceser de Aseo Transparente, Bolsas Transparentes de Avión,Bolsas de Aseo Transparente,Mujer Bolsa de Cosmético Organizador,Kit de Viaje para Avión, para Mujeres y Hombres","Label":"Title","Locale":"es_ES"}},"Offers":{"Summaries":[{"Condition":{"Value":"New"},"LowestPrice":{"Amount":8.99,"Currency":"EUR","DisplayAmount":"8,99 €"}}]}},{"ASIN":"B08YNGRXNK","DetailPageURL":"https://www.amazon.es/dp/B08YNGRXNK?tag=topinalambricos-21&linkCode=osi&th=1&psc=1","Images":{"Primary":{"Small":{"Height":75,"URL":"https://m.media-amazon.com/images/I/4158WjUfRlL._SL75_.jpg","Width":75}}},"ItemInfo":{"ByLineInfo":{"Brand":{"DisplayValue":"Casio","Label":"Brand","Locale":"es_ES"},"Manufacturer":{"DisplayValue":"CASIO","Label":"Manufacturer","Locale":"es_ES"}},"Title":{"DisplayValue":"Casio Unisex-adultos Digital GA-2100SKE-7AER","Label":"Title","Locale":"es_ES"}},"Offers":{"Summaries":[{"Condition":{"Value":"New"},"LowestPrice":{"Amount":83.59,"Currency":"EUR","DisplayAmount":"83,59 €"}}]}},{"ASIN":"B0CH9FT7L6","DetailPageURL":"https://www.amazon.es/dp/B0CH9FT7L6?tag=topinalambricos-21&linkCode=osi&th=1&psc=1","Images":{"Primary":{"Small":{"Height":75,"URL":"https://m.media-amazon.com/images/I/41Zy4SoABVL._SL75_.jpg","Width":75}}},"ItemInfo":{"ByLineInfo":{"Brand":{"DisplayValue":"Smilbaley","Label":"Brand","Locale":"es_ES"},"Manufacturer":{"DisplayValue":"D-22","Label":"Manufacturer","Locale":"es_ES"}},"Title":{"DisplayValue":"Smilbaley 2 Piezas Bolsa de Gimnasia Transparente, Bolsa de Cincha Transparente, Bolsa de Gimnasia Transparente con Cordón, para Escuelas, Exteriores, Gimnasios, Playas (35×45cm)","Label":"Title","Locale":"es_ES"}},"Offers":{"Summaries":[{"Condition":{"Value":"New"},"LowestPrice":{"Amount":14.99,"Currency":"EUR","DisplayAmount":"14,99 €"}}]}}],"SearchURL":"https://www.amazon.es/s?k=transparente&rh=n%3A14223378031%2Cp_n_availability%3A-1&tag=topinalambricos-21&linkCode=osi","TotalResultCount":306}},"29":{"SearchResult":{"Items":[{"ASIN":"B07GBN7JMK","DetailPageURL":"https://www.amazon.es/dp/B07GBN7JMK?tag=topinalambricos-21&linkCode=osi&th=1&psc=1","Images":{"Primary":{"Small":{"Height":75,"URL":"https://m.media-amazon.com/images/I/31vHA+wxLoL._SL75_.jpg","Width":70}}},"ItemInfo":{"ByLineInfo":{"Brand":{"DisplayValue":"Lancoon","Label":"Brand","Locale":"es_ES"},"Manufacturer":{"DisplayValue":"Lancoon","Label":"Manufacturer","Locale":"es_ES"}},"Title":{"DisplayValue":"Lancoon Paraguas Cúpula Transparente Mujer, 16 Costillas TamañO Grande A Prueba De Viento AutomáTico Abierto KS10White","Label":"Title","Locale":"es_ES"}},"Offers":{"Summaries":[{"Condition":{"Value":"New"},"LowestPrice":{"Amount":24.99,"Currency":"EUR","DisplayAmount":"24,99 €"}}]}},{"ASIN":"B0C4YLL3QG","DetailPageURL":"https://www.amazon.es/dp/B0C4YLL3QG?tag=topinalambricos-21&linkCode=osi&th=1&psc=1","Images":{"Primary":{"Small":{"Height":75,"URL":"https://m.media-amazon.com/images/I/312yqV-pibL._SL75_.jpg","Width":64}}},"ItemInfo":{"ByLineInfo":{"Brand":{"DisplayValue":"Jissta","Label":"Brand","Locale":"es_ES"},"Manufacturer":{"DisplayValue":"Jissta","Label":"Manufacturer","Locale":"es_ES"}},"Title":{"DisplayValue":"Jissta 4 neceseres Transparentes 20 * 20CM, Bolsa para líquidos de avión, Neceser portátil, Neceser de Viaje para Mujeres y Hombres con asa","Label":"Title","Locale":"es_ES"}},"Offers":{"Summaries":[{"Condition":{"Value":"New"},"LowestPrice":{"Amount":7.99,"Currency":"EUR","DisplayAmount":"7,99 €"}}]}},{"ASIN":"B0B1V8QLLT","DetailPageURL":"https://www.amazon.es/dp/B0B1V8QLLT?tag=topinalambricos-21&linkCode=osi&th=1&psc=1","Images":{"Primary":{"Small":{"Height":75,"URL":"https://m.media-amazon.com/images/I/41aMcaqaMBL._SL75_.jpg","Width":75}}},"ItemInfo":{"ByLineInfo":{"Brand":{"DisplayValue":"Pinsheng","Label":"Brand","Locale":"es_ES"},"Manufacturer":{"DisplayValue":"Pinsheng","Label":"Manufacturer","Locale":"es_ES"}},"Title":{"DisplayValue":"Pinsheng Tirantes Transparentes Sujetador 4 Pares Transparente Hombro Tirantes Claro Sujetador Correas Correas Transparentes Invisibles Antideslizantes de Sujetador para Mujer","Label":"Title","Locale":"es_ES"}},"Offers":{"Summaries":[{"Condition":{"Value":"New"},"LowestPrice":{"Amount":3.99,"Currency":"EUR","DisplayAmount":"3,99 €"}}]}},{"ASIN":"B09C376BCW","DetailPageURL":"https://www.amazon.es/dp/B09C376BCW?tag=topinalambricos-21&linkCode=osi&th=1&psc=1","Images":{"Primary":{"Small":{"Height":75,"URL":"https://m.media-amazon.com/images/I/31DDHCgK0lL._SL75_.jpg","Width":75}}},"ItemInfo":{"ByLineInfo":{"Brand":{"DisplayValue":"Jiakalamo","Label":"Brand","Locale":"es_ES"},"Manufacturer":{"DisplayValue":"Jiakalamo","Label":"Manufacturer","Locale":"es_ES"}},"Title":{"DisplayValue":"Jiakalamo Paraguas transparente plegable, Paraguas transparente automático para bodas , Paraguas transparente plegable mujer antiviento niño bodas travel ,Cierre automático Paraguas","Label":"Title","Locale":"es_ES"}},"Offers":{"Summaries":[{"Condition":{"Value":"New"},"LowestPrice":{"Amount":16.3,"Currency":"EUR","DisplayAmount":"16,30 €"}}]}},{"ASIN":"B081RPLNK1","DetailPageURL":"https://www.amazon.es/dp/B081RPLNK1?tag=topinalambricos-21&linkCode=osi&th=1&psc=1","Images":{"Primary":{"Small":{"Height":75,"URL":"https://m.media-amazon.com/images/I/4146RIkJjkL._SL75_.jpg","Width":75}}},"ItemInfo":{"ByLineInfo":{"Brand":{"DisplayValue":"WENTS","Label":"Brand","Locale":"es_ES"}},"Title":{"DisplayValue":"WENTS Bolsa Transparente de PVC Bolsa Transparente con Bolsillos con Cremallera y Correa para el Hombro Desmontable Cremallera Neceser De Cosmeticos De Mano Gran Capacidad","Label":"Title","Locale":"es_ES"}},"Offers":{"Summaries":[{"Condition":{"Value":"New"},"LowestPrice":{"Amount":11.67,"Currency":"EUR","DisplayAmount":"11,67 €"}}]}},{"ASIN":"B0BNQN89QF","DetailPageURL":"https://www.amazon.es/dp/B0BNQN89QF?tag=topinalambricos-21&linkCode=osi&th=1&psc=1","Images":{"Primary":{"Small":{"Height":75,"URL":"https://m.media-amazon.com/images/I/41m+zixsAKL._SL75_.jpg","Width":75}}},"ItemInfo":{"ByLineInfo":{"Brand":{"DisplayValue":"PUERHUACI","Label":"Brand","Locale":"es_ES"}},"Title":{"DisplayValue":"Neceser Transparente Viaje Avion,Bolsa Liquidos Avion,6 Piezas Bolso Transparente,19x14cm Neceser Viaje Avion,Bolsa Transparente Multifunción con Cremallera","Label":"Title","Locale":"es_ES"}},"Offers":{"Summaries":[{"Condition":{"Value":"New"},"LowestPrice":{"Amount":13.89,"Currency":"EUR","DisplayAmount":"13,89 €"}}]}},{"ASIN":"B0BVVKZLHT","DetailPageURL":"https://www.amazon.es/dp/B0BVVKZLHT?tag=topinalambricos-21&linkCode=osi&th=1&psc=1","Images":{"Primary":{"Small":{"Height":75,"URL":"https://m.media-amazon.com/images/I/41zd76ozzyL._SL75_.jpg","Width":75}}},"ItemInfo":{"ByLineInfo":{"Brand":{"DisplayValue":"Aucuu","Label":"Brand","Locale":"es_ES"},"Manufacturer":{"DisplayValue":"Aucuu®-EU","Label":"Manufacturer","Locale":"es_ES"}},"Title":{"DisplayValue":"Aucuu 4PCS Neceser Hombre, Transparente Neceser Viaje Avion, Bolsa liquidos Avion, Bolsa de Aseo Organizador Mujer, Viajes Accesorios, 20x20cm (Gris+ Cuerda)","Label":"Title","Locale":"es_ES"}},"Offers":{"Summaries":[{"Condition":{"Value":"New"},"LowestPrice":{"Amount":7.98,"Currency":"EUR","DisplayAmount":"7,98 €"}}]}},{"ASIN":"B0BWTJMHXF","DetailPageURL":"https://www.amazon.es/dp/B0BWTJMHXF?tag=topinalambricos-21&linkCode=osi&th=1&psc=1","Images":{"Primary":{"Small":{"Height":75,"URL":"https://m.media-amazon.com/images/I/51-Gsh1xTvL._SL75_.jpg","Width":75}}},"ItemInfo":{"ByLineInfo":{"Brand":{"DisplayValue":"talifoca","Label":"Brand","Locale":"es_ES"},"Manufacturer":{"DisplayValue":"TALIFOCA","Label":"Manufacturer","Locale":"es_ES"}},"Title":{"DisplayValue":"3 Piezas Neceser de Aseo Transparente, Bolsas Transparentes de Avión,Bolsas de Aseo Transparente,Mujer Bolsa de Cosmético Organizador,Kit de Viaje para Avión, para Mujeres y Hombres","Label":"Title","Locale":"es_ES"}},"Offers":{"Summaries":[{"Condition":{"Value":"New"},"LowestPrice":{"Amount":8.99,"Currency":"EUR","DisplayAmount":"8,99 €"}}]}},{"ASIN":"B08YNGRXNK","DetailPageURL":"https://www.amazon.es/dp/B08YNGRXNK?tag=topinalambricos-21&linkCode=osi&th=1&psc=1","Images":{"Primary":{"Small":{"Height":75,"URL":"https://m.media-amazon.com/images/I/4158WjUfRlL._SL75_.jpg","Width":75}}},"ItemInfo":{"ByLineInfo":{"Brand":{"DisplayValue":"Casio","Label":"Brand","Locale":"es_ES"},"Manufacturer":{"DisplayValue":"CASIO","Label":"Manufacturer","Locale":"es_ES"}},"Title":{"DisplayValue":"Casio Unisex-adultos Digital GA-2100SKE-7AER","Label":"Title","Locale":"es_ES"}},"Offers":{"Summaries":[{"Condition":{"Value":"New"},"LowestPrice":{"Amount":83.59,"Currency":"EUR","DisplayAmount":"83,59 €"}}]}},{"ASIN":"B0CH9FT7L6","DetailPageURL":"https://www.amazon.es/dp/B0CH9FT7L6?tag=topinalambricos-21&linkCode=osi&th=1&psc=1","Images":{"Primary":{"Small":{"Height":75,"URL":"https://m.media-amazon.com/images/I/41Zy4SoABVL._SL75_.jpg","Width":75}}},"ItemInfo":{"ByLineInfo":{"Brand":{"DisplayValue":"Smilbaley","Label":"Brand","Locale":"es_ES"},"Manufacturer":{"DisplayValue":"D-22","Label":"Manufacturer","Locale":"es_ES"}},"Title":{"DisplayValue":"Smilbaley 2 Piezas Bolsa de Gimnasia Transparente, Bolsa de Cincha Transparente, Bolsa de Gimnasia Transparente con Cordón, para Escuelas, Exteriores, Gimnasios, Playas (35×45cm)","Label":"Title","Locale":"es_ES"}},"Offers":{"Summaries":[{"Condition":{"Value":"New"},"LowestPrice":{"Amount":14.99,"Currency":"EUR","DisplayAmount":"14,99 €"}}]}}],"SearchURL":"https://www.amazon.es/s?k=transparente&rh=n%3A14223378031%2Cp_n_availability%3A-1&tag=topinalambricos-21&linkCode=osi","TotalResultCount":306}},"30":{"SearchResult":{"Items":[{"ASIN":"B07GBN7JMK","DetailPageURL":"https://www.amazon.es/dp/B07GBN7JMK?tag=topinalambricos-21&linkCode=osi&th=1&psc=1","Images":{"Primary":{"Small":{"Height":75,"URL":"https://m.media-amazon.com/images/I/31vHA+wxLoL._SL75_.jpg","Width":70}}},"ItemInfo":{"ByLineInfo":{"Brand":{"DisplayValue":"Lancoon","Label":"Brand","Locale":"es_ES"},"Manufacturer":{"DisplayValue":"Lancoon","Label":"Manufacturer","Locale":"es_ES"}},"Title":{"DisplayValue":"Lancoon Paraguas Cúpula Transparente Mujer, 16 Costillas TamañO Grande A Prueba De Viento AutomáTico Abierto KS10White","Label":"Title","Locale":"es_ES"}},"Offers":{"Summaries":[{"Condition":{"Value":"New"},"LowestPrice":{"Amount":24.99,"Currency":"EUR","DisplayAmount":"24,99 €"}}]}},{"ASIN":"B0C4YLL3QG","DetailPageURL":"https://www.amazon.es/dp/B0C4YLL3QG?tag=topinalambricos-21&linkCode=osi&th=1&psc=1","Images":{"Primary":{"Small":{"Height":75,"URL":"https://m.media-amazon.com/images/I/312yqV-pibL._SL75_.jpg","Width":64}}},"ItemInfo":{"ByLineInfo":{"Brand":{"DisplayValue":"Jissta","Label":"Brand","Locale":"es_ES"},"Manufacturer":{"DisplayValue":"Jissta","Label":"Manufacturer","Locale":"es_ES"}},"Title":{"DisplayValue":"Jissta 4 neceseres Transparentes 20 * 20CM, Bolsa para líquidos de avión, Neceser portátil, Neceser de Viaje para Mujeres y Hombres con asa","Label":"Title","Locale":"es_ES"}},"Offers":{"Summaries":[{"Condition":{"Value":"New"},"LowestPrice":{"Amount":7.99,"Currency":"EUR","DisplayAmount":"7,99 €"}}]}},{"ASIN":"B0B1V8QLLT","DetailPageURL":"https://www.amazon.es/dp/B0B1V8QLLT?tag=topinalambricos-21&linkCode=osi&th=1&psc=1","Images":{"Primary":{"Small":{"Height":75,"URL":"https://m.media-amazon.com/images/I/41aMcaqaMBL._SL75_.jpg","Width":75}}},"ItemInfo":{"ByLineInfo":{"Brand":{"DisplayValue":"Pinsheng","Label":"Brand","Locale":"es_ES"},"Manufacturer":{"DisplayValue":"Pinsheng","Label":"Manufacturer","Locale":"es_ES"}},"Title":{"DisplayValue":"Pinsheng Tirantes Transparentes Sujetador 4 Pares Transparente Hombro Tirantes Claro Sujetador Correas Correas Transparentes Invisibles Antideslizantes de Sujetador para Mujer","Label":"Title","Locale":"es_ES"}},"Offers":{"Summaries":[{"Condition":{"Value":"New"},"LowestPrice":{"Amount":3.99,"Currency":"EUR","DisplayAmount":"3,99 €"}}]}},{"ASIN":"B09C376BCW","DetailPageURL":"https://www.amazon.es/dp/B09C376BCW?tag=topinalambricos-21&linkCode=osi&th=1&psc=1","Images":{"Primary":{"Small":{"Height":75,"URL":"https://m.media-amazon.com/images/I/31DDHCgK0lL._SL75_.jpg","Width":75}}},"ItemInfo":{"ByLineInfo":{"Brand":{"DisplayValue":"Jiakalamo","Label":"Brand","Locale":"es_ES"},"Manufacturer":{"DisplayValue":"Jiakalamo","Label":"Manufacturer","Locale":"es_ES"}},"Title":{"DisplayValue":"Jiakalamo Paraguas transparente plegable, Paraguas transparente automático para bodas , Paraguas transparente plegable mujer antiviento niño bodas travel ,Cierre automático Paraguas","Label":"Title","Locale":"es_ES"}},"Offers":{"Summaries":[{"Condition":{"Value":"New"},"LowestPrice":{"Amount":16.3,"Currency":"EUR","DisplayAmount":"16,30 €"}}]}},{"ASIN":"B081RPLNK1","DetailPageURL":"https://www.amazon.es/dp/B081RPLNK1?tag=topinalambricos-21&linkCode=osi&th=1&psc=1","Images":{"Primary":{"Small":{"Height":75,"URL":"https://m.media-amazon.com/images/I/4146RIkJjkL._SL75_.jpg","Width":75}}},"ItemInfo":{"ByLineInfo":{"Brand":{"DisplayValue":"WENTS","Label":"Brand","Locale":"es_ES"}},"Title":{"DisplayValue":"WENTS Bolsa Transparente de PVC Bolsa Transparente con Bolsillos con Cremallera y Correa para el Hombro Desmontable Cremallera Neceser De Cosmeticos De Mano Gran Capacidad","Label":"Title","Locale":"es_ES"}},"Offers":{"Summaries":[{"Condition":{"Value":"New"},"LowestPrice":{"Amount":11.67,"Currency":"EUR","DisplayAmount":"11,67 €"}}]}},{"ASIN":"B0BNQN89QF","DetailPageURL":"https://www.amazon.es/dp/B0BNQN89QF?tag=topinalambricos-21&linkCode=osi&th=1&psc=1","Images":{"Primary":{"Small":{"Height":75,"URL":"https://m.media-amazon.com/images/I/41m+zixsAKL._SL75_.jpg","Width":75}}},"ItemInfo":{"ByLineInfo":{"Brand":{"DisplayValue":"PUERHUACI","Label":"Brand","Locale":"es_ES"}},"Title":{"DisplayValue":"Neceser Transparente Viaje Avion,Bolsa Liquidos Avion,6 Piezas Bolso Transparente,19x14cm Neceser Viaje Avion,Bolsa Transparente Multifunción con Cremallera","Label":"Title","Locale":"es_ES"}},"Offers":{"Summaries":[{"Condition":{"Value":"New"},"LowestPrice":{"Amount":13.89,"Currency":"EUR","DisplayAmount":"13,89 €"}}]}},{"ASIN":"B0BVVKZLHT","DetailPageURL":"https://www.amazon.es/dp/B0BVVKZLHT?tag=topinalambricos-21&linkCode=osi&th=1&psc=1","Images":{"Primary":{"Small":{"Height":75,"URL":"https://m.media-amazon.com/images/I/41zd76ozzyL._SL75_.jpg","Width":75}}},"ItemInfo":{"ByLineInfo":{"Brand":{"DisplayValue":"Aucuu","Label":"Brand","Locale":"es_ES"},"Manufacturer":{"DisplayValue":"Aucuu®-EU","Label":"Manufacturer","Locale":"es_ES"}},"Title":{"DisplayValue":"Aucuu 4PCS Neceser Hombre, Transparente Neceser Viaje Avion, Bolsa liquidos Avion, Bolsa de Aseo Organizador Mujer, Viajes Accesorios, 20x20cm (Gris+ Cuerda)","Label":"Title","Locale":"es_ES"}},"Offers":{"Summaries":[{"Condition":{"Value":"New"},"LowestPrice":{"Amount":7.98,"Currency":"EUR","DisplayAmount":"7,98 €"}}]}},{"ASIN":"B0BWTJMHXF","DetailPageURL":"https://www.amazon.es/dp/B0BWTJMHXF?tag=topinalambricos-21&linkCode=osi&th=1&psc=1","Images":{"Primary":{"Small":{"Height":75,"URL":"https://m.media-amazon.com/images/I/51-Gsh1xTvL._SL75_.jpg","Width":75}}},"ItemInfo":{"ByLineInfo":{"Brand":{"DisplayValue":"talifoca","Label":"Brand","Locale":"es_ES"},"Manufacturer":{"DisplayValue":"TALIFOCA","Label":"Manufacturer","Locale":"es_ES"}},"Title":{"DisplayValue":"3 Piezas Neceser de Aseo Transparente, Bolsas Transparentes de Avión,Bolsas de Aseo Transparente,Mujer Bolsa de Cosmético Organizador,Kit de Viaje para Avión, para Mujeres y Hombres","Label":"Title","Locale":"es_ES"}},"Offers":{"Summaries":[{"Condition":{"Value":"New"},"LowestPrice":{"Amount":8.99,"Currency":"EUR","DisplayAmount":"8,99 €"}}]}},{"ASIN":"B08YNGRXNK","DetailPageURL":"https://www.amazon.es/dp/B08YNGRXNK?tag=topinalambricos-21&linkCode=osi&th=1&psc=1","Images":{"Primary":{"Small":{"Height":75,"URL":"https://m.media-amazon.com/images/I/4158WjUfRlL._SL75_.jpg","Width":75}}},"ItemInfo":{"ByLineInfo":{"Brand":{"DisplayValue":"Casio","Label":"Brand","Locale":"es_ES"},"Manufacturer":{"DisplayValue":"CASIO","Label":"Manufacturer","Locale":"es_ES"}},"Title":{"DisplayValue":"Casio Unisex-adultos Digital GA-2100SKE-7AER","Label":"Title","Locale":"es_ES"}},"Offers":{"Summaries":[{"Condition":{"Value":"New"},"LowestPrice":{"Amount":83.59,"Currency":"EUR","DisplayAmount":"83,59 €"}}]}},{"ASIN":"B0CH9FT7L6","DetailPageURL":"https://www.amazon.es/dp/B0CH9FT7L6?tag=topinalambricos-21&linkCode=osi&th=1&psc=1","Images":{"Primary":{"Small":{"Height":75,"URL":"https://m.media-amazon.com/images/I/41Zy4SoABVL._SL75_.jpg","Width":75}}},"ItemInfo":{"ByLineInfo":{"Brand":{"DisplayValue":"Smilbaley","Label":"Brand","Locale":"es_ES"},"Manufacturer":{"DisplayValue":"D-22","Label":"Manufacturer","Locale":"es_ES"}},"Title":{"DisplayValue":"Smilbaley 2 Piezas Bolsa de Gimnasia Transparente, Bolsa de Cincha Transparente, Bolsa de Gimnasia Transparente con Cordón, para Escuelas, Exteriores, Gimnasios, Playas (35×45cm)","Label":"Title","Locale":"es_ES"}},"Offers":{"Summaries":[{"Condition":{"Value":"New"},"LowestPrice":{"Amount":14.99,"Currency":"EUR","DisplayAmount":"14,99 €"}}]}}],"SearchURL":"https://www.amazon.es/s?k=transparente&rh=n%3A14223378031%2Cp_n_availability%3A-1&tag=topinalambricos-21&linkCode=osi","TotalResultCount":306}},"31":{"SearchResult":{"Items":[{"ASIN":"B07GBN7JMK","DetailPageURL":"https://www.amazon.es/dp/B07GBN7JMK?tag=topinalambricos-21&linkCode=osi&th=1&psc=1","Images":{"Primary":{"Small":{"Height":75,"URL":"https://m.media-amazon.com/images/I/31vHA+wxLoL._SL75_.jpg","Width":70}}},"ItemInfo":{"ByLineInfo":{"Brand":{"DisplayValue":"Lancoon","Label":"Brand","Locale":"es_ES"},"Manufacturer":{"DisplayValue":"Lancoon","Label":"Manufacturer","Locale":"es_ES"}},"Title":{"DisplayValue":"Lancoon Paraguas Cúpula Transparente Mujer, 16 Costillas TamañO Grande A Prueba De Viento AutomáTico Abierto KS10White","Label":"Title","Locale":"es_ES"}},"Offers":{"Summaries":[{"Condition":{"Value":"New"},"LowestPrice":{"Amount":24.99,"Currency":"EUR","DisplayAmount":"24,99 €"}}]}},{"ASIN":"B0C4YLL3QG","DetailPageURL":"https://www.amazon.es/dp/B0C4YLL3QG?tag=topinalambricos-21&linkCode=osi&th=1&psc=1","Images":{"Primary":{"Small":{"Height":75,"URL":"https://m.media-amazon.com/images/I/312yqV-pibL._SL75_.jpg","Width":64}}},"ItemInfo":{"ByLineInfo":{"Brand":{"DisplayValue":"Jissta","Label":"Brand","Locale":"es_ES"},"Manufacturer":{"DisplayValue":"Jissta","Label":"Manufacturer","Locale":"es_ES"}},"Title":{"DisplayValue":"Jissta 4 neceseres Transparentes 20 * 20CM, Bolsa para líquidos de avión, Neceser portátil, Neceser de Viaje para Mujeres y Hombres con asa","Label":"Title","Locale":"es_ES"}},"Offers":{"Summaries":[{"Condition":{"Value":"New"},"LowestPrice":{"Amount":7.99,"Currency":"EUR","DisplayAmount":"7,99 €"}}]}},{"ASIN":"B0B1V8QLLT","DetailPageURL":"https://www.amazon.es/dp/B0B1V8QLLT?tag=topinalambricos-21&linkCode=osi&th=1&psc=1","Images":{"Primary":{"Small":{"Height":75,"URL":"https://m.media-amazon.com/images/I/41aMcaqaMBL._SL75_.jpg","Width":75}}},"ItemInfo":{"ByLineInfo":{"Brand":{"DisplayValue":"Pinsheng","Label":"Brand","Locale":"es_ES"},"Manufacturer":{"DisplayValue":"Pinsheng","Label":"Manufacturer","Locale":"es_ES"}},"Title":{"DisplayValue":"Pinsheng Tirantes Transparentes Sujetador 4 Pares Transparente Hombro Tirantes Claro Sujetador Correas Correas Transparentes Invisibles Antideslizantes de Sujetador para Mujer","Label":"Title","Locale":"es_ES"}},"Offers":{"Summaries":[{"Condition":{"Value":"New"},"LowestPrice":{"Amount":3.99,"Currency":"EUR","DisplayAmount":"3,99 €"}}]}},{"ASIN":"B09C376BCW","DetailPageURL":"https://www.amazon.es/dp/B09C376BCW?tag=topinalambricos-21&linkCode=osi&th=1&psc=1","Images":{"Primary":{"Small":{"Height":75,"URL":"https://m.media-amazon.com/images/I/31DDHCgK0lL._SL75_.jpg","Width":75}}},"ItemInfo":{"ByLineInfo":{"Brand":{"DisplayValue":"Jiakalamo","Label":"Brand","Locale":"es_ES"},"Manufacturer":{"DisplayValue":"Jiakalamo","Label":"Manufacturer","Locale":"es_ES"}},"Title":{"DisplayValue":"Jiakalamo Paraguas transparente plegable, Paraguas transparente automático para bodas , Paraguas transparente plegable mujer antiviento niño bodas travel ,Cierre automático Paraguas","Label":"Title","Locale":"es_ES"}},"Offers":{"Summaries":[{"Condition":{"Value":"New"},"LowestPrice":{"Amount":16.3,"Currency":"EUR","DisplayAmount":"16,30 €"}}]}},{"ASIN":"B081RPLNK1","DetailPageURL":"https://www.amazon.es/dp/B081RPLNK1?tag=topinalambricos-21&linkCode=osi&th=1&psc=1","Images":{"Primary":{"Small":{"Height":75,"URL":"https://m.media-amazon.com/images/I/4146RIkJjkL._SL75_.jpg","Width":75}}},"ItemInfo":{"ByLineInfo":{"Brand":{"DisplayValue":"WENTS","Label":"Brand","Locale":"es_ES"}},"Title":{"DisplayValue":"WENTS Bolsa Transparente de PVC Bolsa Transparente con Bolsillos con Cremallera y Correa para el Hombro Desmontable Cremallera Neceser De Cosmeticos De Mano Gran Capacidad","Label":"Title","Locale":"es_ES"}},"Offers":{"Summaries":[{"Condition":{"Value":"New"},"LowestPrice":{"Amount":11.67,"Currency":"EUR","DisplayAmount":"11,67 €"}}]}},{"ASIN":"B0BNQN89QF","DetailPageURL":"https://www.amazon.es/dp/B0BNQN89QF?tag=topinalambricos-21&linkCode=osi&th=1&psc=1","Images":{"Primary":{"Small":{"Height":75,"URL":"https://m.media-amazon.com/images/I/41m+zixsAKL._SL75_.jpg","Width":75}}},"ItemInfo":{"ByLineInfo":{"Brand":{"DisplayValue":"PUERHUACI","Label":"Brand","Locale":"es_ES"}},"Title":{"DisplayValue":"Neceser Transparente Viaje Avion,Bolsa Liquidos Avion,6 Piezas Bolso Transparente,19x14cm Neceser Viaje Avion,Bolsa Transparente Multifunción con Cremallera","Label":"Title","Locale":"es_ES"}},"Offers":{"Summaries":[{"Condition":{"Value":"New"},"LowestPrice":{"Amount":13.89,"Currency":"EUR","DisplayAmount":"13,89 €"}}]}},{"ASIN":"B0BVVKZLHT","DetailPageURL":"https://www.amazon.es/dp/B0BVVKZLHT?tag=topinalambricos-21&linkCode=osi&th=1&psc=1","Images":{"Primary":{"Small":{"Height":75,"URL":"https://m.media-amazon.com/images/I/41zd76ozzyL._SL75_.jpg","Width":75}}},"ItemInfo":{"ByLineInfo":{"Brand":{"DisplayValue":"Aucuu","Label":"Brand","Locale":"es_ES"},"Manufacturer":{"DisplayValue":"Aucuu®-EU","Label":"Manufacturer","Locale":"es_ES"}},"Title":{"DisplayValue":"Aucuu 4PCS Neceser Hombre, Transparente Neceser Viaje Avion, Bolsa liquidos Avion, Bolsa de Aseo Organizador Mujer, Viajes Accesorios, 20x20cm (Gris+ Cuerda)","Label":"Title","Locale":"es_ES"}},"Offers":{"Summaries":[{"Condition":{"Value":"New"},"LowestPrice":{"Amount":7.98,"Currency":"EUR","DisplayAmount":"7,98 €"}}]}},{"ASIN":"B0BWTJMHXF","DetailPageURL":"https://www.amazon.es/dp/B0BWTJMHXF?tag=topinalambricos-21&linkCode=osi&th=1&psc=1","Images":{"Primary":{"Small":{"Height":75,"URL":"https://m.media-amazon.com/images/I/51-Gsh1xTvL._SL75_.jpg","Width":75}}},"ItemInfo":{"ByLineInfo":{"Brand":{"DisplayValue":"talifoca","Label":"Brand","Locale":"es_ES"},"Manufacturer":{"DisplayValue":"TALIFOCA","Label":"Manufacturer","Locale":"es_ES"}},"Title":{"DisplayValue":"3 Piezas Neceser de Aseo Transparente, Bolsas Transparentes de Avión,Bolsas de Aseo Transparente,Mujer Bolsa de Cosmético Organizador,Kit de Viaje para Avión, para Mujeres y Hombres","Label":"Title","Locale":"es_ES"}},"Offers":{"Summaries":[{"Condition":{"Value":"New"},"LowestPrice":{"Amount":8.99,"Currency":"EUR","DisplayAmount":"8,99 €"}}]}},{"ASIN":"B08YNGRXNK","DetailPageURL":"https://www.amazon.es/dp/B08YNGRXNK?tag=topinalambricos-21&linkCode=osi&th=1&psc=1","Images":{"Primary":{"Small":{"Height":75,"URL":"https://m.media-amazon.com/images/I/4158WjUfRlL._SL75_.jpg","Width":75}}},"ItemInfo":{"ByLineInfo":{"Brand":{"DisplayValue":"Casio","Label":"Brand","Locale":"es_ES"},"Manufacturer":{"DisplayValue":"CASIO","Label":"Manufacturer","Locale":"es_ES"}},"Title":{"DisplayValue":"Casio Unisex-adultos Digital GA-2100SKE-7AER","Label":"Title","Locale":"es_ES"}},"Offers":{"Summaries":[{"Condition":{"Value":"New"},"LowestPrice":{"Amount":83.59,"Currency":"EUR","DisplayAmount":"83,59 €"}}]}},{"ASIN":"B0CH9FT7L6","DetailPageURL":"https://www.amazon.es/dp/B0CH9FT7L6?tag=topinalambricos-21&linkCode=osi&th=1&psc=1","Images":{"Primary":{"Small":{"Height":75,"URL":"https://m.media-amazon.com/images/I/41Zy4SoABVL._SL75_.jpg","Width":75}}},"ItemInfo":{"ByLineInfo":{"Brand":{"DisplayValue":"Smilbaley","Label":"Brand","Locale":"es_ES"},"Manufacturer":{"DisplayValue":"D-22","Label":"Manufacturer","Locale":"es_ES"}},"Title":{"DisplayValue":"Smilbaley 2 Piezas Bolsa de Gimnasia Transparente, Bolsa de Cincha Transparente, Bolsa de Gimnasia Transparente con Cordón, para Escuelas, Exteriores, Gimnasios, Playas (35×45cm)","Label":"Title","Locale":"es_ES"}},"Offers":{"Summaries":[{"Condition":{"Value":"New"},"LowestPrice":{"Amount":14.99,"Currency":"EUR","DisplayAmount":"14,99 €"}}]}}],"SearchURL":"https://www.amazon.es/s?k=transparente&rh=n%3A14223378031%2Cp_n_availability%3A-1&tag=topinalambricos-21&linkCode=osi","TotalResultCount":306}},"33":{"SearchResult":{"Items":[{"ASIN":"B07GBN7JMK","DetailPageURL":"https://www.amazon.es/dp/B07GBN7JMK?tag=topinalambricos-21&linkCode=osi&th=1&psc=1","Images":{"Primary":{"Small":{"Height":75,"URL":"https://m.media-amazon.com/images/I/31vHA+wxLoL._SL75_.jpg","Width":70}}},"ItemInfo":{"ByLineInfo":{"Brand":{"DisplayValue":"Lancoon","Label":"Brand","Locale":"es_ES"},"Manufacturer":{"DisplayValue":"Lancoon","Label":"Manufacturer","Locale":"es_ES"}},"Title":{"DisplayValue":"Lancoon Paraguas Cúpula Transparente Mujer, 16 Costillas TamañO Grande A Prueba De Viento AutomáTico Abierto KS10White","Label":"Title","Locale":"es_ES"}},"Offers":{"Summaries":[{"Condition":{"Value":"New"},"LowestPrice":{"Amount":24.99,"Currency":"EUR","DisplayAmount":"24,99 €"}}]}},{"ASIN":"B0C4YLL3QG","DetailPageURL":"https://www.amazon.es/dp/B0C4YLL3QG?tag=topinalambricos-21&linkCode=osi&th=1&psc=1","Images":{"Primary":{"Small":{"Height":75,"URL":"https://m.media-amazon.com/images/I/312yqV-pibL._SL75_.jpg","Width":64}}},"ItemInfo":{"ByLineInfo":{"Brand":{"DisplayValue":"Jissta","Label":"Brand","Locale":"es_ES"},"Manufacturer":{"DisplayValue":"Jissta","Label":"Manufacturer","Locale":"es_ES"}},"Title":{"DisplayValue":"Jissta 4 neceseres Transparentes 20 * 20CM, Bolsa para líquidos de avión, Neceser portátil, Neceser de Viaje para Mujeres y Hombres con asa","Label":"Title","Locale":"es_ES"}},"Offers":{"Summaries":[{"Condition":{"Value":"New"},"LowestPrice":{"Amount":7.99,"Currency":"EUR","DisplayAmount":"7,99 €"}}]}},{"ASIN":"B0B1V8QLLT","DetailPageURL":"https://www.amazon.es/dp/B0B1V8QLLT?tag=topinalambricos-21&linkCode=osi&th=1&psc=1","Images":{"Primary":{"Small":{"Height":75,"URL":"https://m.media-amazon.com/images/I/41aMcaqaMBL._SL75_.jpg","Width":75}}},"ItemInfo":{"ByLineInfo":{"Brand":{"DisplayValue":"Pinsheng","Label":"Brand","Locale":"es_ES"},"Manufacturer":{"DisplayValue":"Pinsheng","Label":"Manufacturer","Locale":"es_ES"}},"Title":{"DisplayValue":"Pinsheng Tirantes Transparentes Sujetador 4 Pares Transparente Hombro Tirantes Claro Sujetador Correas Correas Transparentes Invisibles Antideslizantes de Sujetador para Mujer","Label":"Title","Locale":"es_ES"}},"Offers":{"Summaries":[{"Condition":{"Value":"New"},"LowestPrice":{"Amount":3.99,"Currency":"EUR","DisplayAmount":"3,99 €"}}]}},{"ASIN":"B09C376BCW","DetailPageURL":"https://www.amazon.es/dp/B09C376BCW?tag=topinalambricos-21&linkCode=osi&th=1&psc=1","Images":{"Primary":{"Small":{"Height":75,"URL":"https://m.media-amazon.com/images/I/31DDHCgK0lL._SL75_.jpg","Width":75}}},"ItemInfo":{"ByLineInfo":{"Brand":{"DisplayValue":"Jiakalamo","Label":"Brand","Locale":"es_ES"},"Manufacturer":{"DisplayValue":"Jiakalamo","Label":"Manufacturer","Locale":"es_ES"}},"Title":{"DisplayValue":"Jiakalamo Paraguas transparente plegable, Paraguas transparente automático para bodas , Paraguas transparente plegable mujer antiviento niño bodas travel ,Cierre automático Paraguas","Label":"Title","Locale":"es_ES"}},"Offers":{"Summaries":[{"Condition":{"Value":"New"},"LowestPrice":{"Amount":16.3,"Currency":"EUR","DisplayAmount":"16,30 €"}}]}},{"ASIN":"B081RPLNK1","DetailPageURL":"https://www.amazon.es/dp/B081RPLNK1?tag=topinalambricos-21&linkCode=osi&th=1&psc=1","Images":{"Primary":{"Small":{"Height":75,"URL":"https://m.media-amazon.com/images/I/4146RIkJjkL._SL75_.jpg","Width":75}}},"ItemInfo":{"ByLineInfo":{"Brand":{"DisplayValue":"WENTS","Label":"Brand","Locale":"es_ES"}},"Title":{"DisplayValue":"WENTS Bolsa Transparente de PVC Bolsa Transparente con Bolsillos con Cremallera y Correa para el Hombro Desmontable Cremallera Neceser De Cosmeticos De Mano Gran Capacidad","Label":"Title","Locale":"es_ES"}},"Offers":{"Summaries":[{"Condition":{"Value":"New"},"LowestPrice":{"Amount":11.67,"Currency":"EUR","DisplayAmount":"11,67 €"}}]}},{"ASIN":"B0BNQN89QF","DetailPageURL":"https://www.amazon.es/dp/B0BNQN89QF?tag=topinalambricos-21&linkCode=osi&th=1&psc=1","Images":{"Primary":{"Small":{"Height":75,"URL":"https://m.media-amazon.com/images/I/41m+zixsAKL._SL75_.jpg","Width":75}}},"ItemInfo":{"ByLineInfo":{"Brand":{"DisplayValue":"PUERHUACI","Label":"Brand","Locale":"es_ES"}},"Title":{"DisplayValue":"Neceser Transparente Viaje Avion,Bolsa Liquidos Avion,6 Piezas Bolso Transparente,19x14cm Neceser Viaje Avion,Bolsa Transparente Multifunción con Cremallera","Label":"Title","Locale":"es_ES"}},"Offers":{"Summaries":[{"Condition":{"Value":"New"},"LowestPrice":{"Amount":13.89,"Currency":"EUR","DisplayAmount":"13,89 €"}}]}},{"ASIN":"B0BVVKZLHT","DetailPageURL":"https://www.amazon.es/dp/B0BVVKZLHT?tag=topinalambricos-21&linkCode=osi&th=1&psc=1","Images":{"Primary":{"Small":{"Height":75,"URL":"https://m.media-amazon.com/images/I/41zd76ozzyL._SL75_.jpg","Width":75}}},"ItemInfo":{"ByLineInfo":{"Brand":{"DisplayValue":"Aucuu","Label":"Brand","Locale":"es_ES"},"Manufacturer":{"DisplayValue":"Aucuu®-EU","Label":"Manufacturer","Locale":"es_ES"}},"Title":{"DisplayValue":"Aucuu 4PCS Neceser Hombre, Transparente Neceser Viaje Avion, Bolsa liquidos Avion, Bolsa de Aseo Organizador Mujer, Viajes Accesorios, 20x20cm (Gris+ Cuerda)","Label":"Title","Locale":"es_ES"}},"Offers":{"Summaries":[{"Condition":{"Value":"New"},"LowestPrice":{"Amount":7.98,"Currency":"EUR","DisplayAmount":"7,98 €"}}]}},{"ASIN":"B0BWTJMHXF","DetailPageURL":"https://www.amazon.es/dp/B0BWTJMHXF?tag=topinalambricos-21&linkCode=osi&th=1&psc=1","Images":{"Primary":{"Small":{"Height":75,"URL":"https://m.media-amazon.com/images/I/51-Gsh1xTvL._SL75_.jpg","Width":75}}},"ItemInfo":{"ByLineInfo":{"Brand":{"DisplayValue":"talifoca","Label":"Brand","Locale":"es_ES"},"Manufacturer":{"DisplayValue":"TALIFOCA","Label":"Manufacturer","Locale":"es_ES"}},"Title":{"DisplayValue":"3 Piezas Neceser de Aseo Transparente, Bolsas Transparentes de Avión,Bolsas de Aseo Transparente,Mujer Bolsa de Cosmético Organizador,Kit de Viaje para Avión, para Mujeres y Hombres","Label":"Title","Locale":"es_ES"}},"Offers":{"Summaries":[{"Condition":{"Value":"New"},"LowestPrice":{"Amount":8.99,"Currency":"EUR","DisplayAmount":"8,99 €"}}]}},{"ASIN":"B08YNGRXNK","DetailPageURL":"https://www.amazon.es/dp/B08YNGRXNK?tag=topinalambricos-21&linkCode=osi&th=1&psc=1","Images":{"Primary":{"Small":{"Height":75,"URL":"https://m.media-amazon.com/images/I/4158WjUfRlL._SL75_.jpg","Width":75}}},"ItemInfo":{"ByLineInfo":{"Brand":{"DisplayValue":"Casio","Label":"Brand","Locale":"es_ES"},"Manufacturer":{"DisplayValue":"CASIO","Label":"Manufacturer","Locale":"es_ES"}},"Title":{"DisplayValue":"Casio Unisex-adultos Digital GA-2100SKE-7AER","Label":"Title","Locale":"es_ES"}},"Offers":{"Summaries":[{"Condition":{"Value":"New"},"LowestPrice":{"Amount":83.59,"Currency":"EUR","DisplayAmount":"83,59 €"}}]}},{"ASIN":"B0CH9FT7L6","DetailPageURL":"https://www.amazon.es/dp/B0CH9FT7L6?tag=topinalambricos-21&linkCode=osi&th=1&psc=1","Images":{"Primary":{"Small":{"Height":75,"URL":"https://m.media-amazon.com/images/I/41Zy4SoABVL._SL75_.jpg","Width":75}}},"ItemInfo":{"ByLineInfo":{"Brand":{"DisplayValue":"Smilbaley","Label":"Brand","Locale":"es_ES"},"Manufacturer":{"DisplayValue":"D-22","Label":"Manufacturer","Locale":"es_ES"}},"Title":{"DisplayValue":"Smilbaley 2 Piezas Bolsa de Gimnasia Transparente, Bolsa de Cincha Transparente, Bolsa de Gimnasia Transparente con Cordón, para Escuelas, Exteriores, Gimnasios, Playas (35×45cm)","Label":"Title","Locale":"es_ES"}},"Offers":{"Summaries":[{"Condition":{"Value":"New"},"LowestPrice":{"Amount":14.99,"Currency":"EUR","DisplayAmount":"14,99 €"}}]}}],"SearchURL":"https://www.amazon.es/s?k=transparente&rh=n%3A14223378031%2Cp_n_availability%3A-1&tag=topinalambricos-21&linkCode=osi","TotalResultCount":306}},"34":{"SearchResult":{"Items":[{"ASIN":"B07GBN7JMK","DetailPageURL":"https://www.amazon.es/dp/B07GBN7JMK?tag=topinalambricos-21&linkCode=osi&th=1&psc=1","Images":{"Primary":{"Small":{"Height":75,"URL":"https://m.media-amazon.com/images/I/31vHA+wxLoL._SL75_.jpg","Width":70}}},"ItemInfo":{"ByLineInfo":{"Brand":{"DisplayValue":"Lancoon","Label":"Brand","Locale":"es_ES"},"Manufacturer":{"DisplayValue":"Lancoon","Label":"Manufacturer","Locale":"es_ES"}},"Title":{"DisplayValue":"Lancoon Paraguas Cúpula Transparente Mujer, 16 Costillas TamañO Grande A Prueba De Viento AutomáTico Abierto KS10White","Label":"Title","Locale":"es_ES"}},"Offers":{"Summaries":[{"Condition":{"Value":"New"},"LowestPrice":{"Amount":24.99,"Currency":"EUR","DisplayAmount":"24,99 €"}}]}},{"ASIN":"B0C4YLL3QG","DetailPageURL":"https://www.amazon.es/dp/B0C4YLL3QG?tag=topinalambricos-21&linkCode=osi&th=1&psc=1","Images":{"Primary":{"Small":{"Height":75,"URL":"https://m.media-amazon.com/images/I/312yqV-pibL._SL75_.jpg","Width":64}}},"ItemInfo":{"ByLineInfo":{"Brand":{"DisplayValue":"Jissta","Label":"Brand","Locale":"es_ES"},"Manufacturer":{"DisplayValue":"Jissta","Label":"Manufacturer","Locale":"es_ES"}},"Title":{"DisplayValue":"Jissta 4 neceseres Transparentes 20 * 20CM, Bolsa para líquidos de avión, Neceser portátil, Neceser de Viaje para Mujeres y Hombres con asa","Label":"Title","Locale":"es_ES"}},"Offers":{"Summaries":[{"Condition":{"Value":"New"},"LowestPrice":{"Amount":7.99,"Currency":"EUR","DisplayAmount":"7,99 €"}}]}},{"ASIN":"B0B1V8QLLT","DetailPageURL":"https://www.amazon.es/dp/B0B1V8QLLT?tag=topinalambricos-21&linkCode=osi&th=1&psc=1","Images":{"Primary":{"Small":{"Height":75,"URL":"https://m.media-amazon.com/images/I/41aMcaqaMBL._SL75_.jpg","Width":75}}},"ItemInfo":{"ByLineInfo":{"Brand":{"DisplayValue":"Pinsheng","Label":"Brand","Locale":"es_ES"},"Manufacturer":{"DisplayValue":"Pinsheng","Label":"Manufacturer","Locale":"es_ES"}},"Title":{"DisplayValue":"Pinsheng Tirantes Transparentes Sujetador 4 Pares Transparente Hombro Tirantes Claro Sujetador Correas Correas Transparentes Invisibles Antideslizantes de Sujetador para Mujer","Label":"Title","Locale":"es_ES"}},"Offers":{"Summaries":[{"Condition":{"Value":"New"},"LowestPrice":{"Amount":3.99,"Currency":"EUR","DisplayAmount":"3,99 €"}}]}},{"ASIN":"B09C376BCW","DetailPageURL":"https://www.amazon.es/dp/B09C376BCW?tag=topinalambricos-21&linkCode=osi&th=1&psc=1","Images":{"Primary":{"Small":{"Height":75,"URL":"https://m.media-amazon.com/images/I/31DDHCgK0lL._SL75_.jpg","Width":75}}},"ItemInfo":{"ByLineInfo":{"Brand":{"DisplayValue":"Jiakalamo","Label":"Brand","Locale":"es_ES"},"Manufacturer":{"DisplayValue":"Jiakalamo","Label":"Manufacturer","Locale":"es_ES"}},"Title":{"DisplayValue":"Jiakalamo Paraguas transparente plegable, Paraguas transparente automático para bodas , Paraguas transparente plegable mujer antiviento niño bodas travel ,Cierre automático Paraguas","Label":"Title","Locale":"es_ES"}},"Offers":{"Summaries":[{"Condition":{"Value":"New"},"LowestPrice":{"Amount":16.3,"Currency":"EUR","DisplayAmount":"16,30 €"}}]}},{"ASIN":"B081RPLNK1","DetailPageURL":"https://www.amazon.es/dp/B081RPLNK1?tag=topinalambricos-21&linkCode=osi&th=1&psc=1","Images":{"Primary":{"Small":{"Height":75,"URL":"https://m.media-amazon.com/images/I/4146RIkJjkL._SL75_.jpg","Width":75}}},"ItemInfo":{"ByLineInfo":{"Brand":{"DisplayValue":"WENTS","Label":"Brand","Locale":"es_ES"}},"Title":{"DisplayValue":"WENTS Bolsa Transparente de PVC Bolsa Transparente con Bolsillos con Cremallera y Correa para el Hombro Desmontable Cremallera Neceser De Cosmeticos De Mano Gran Capacidad","Label":"Title","Locale":"es_ES"}},"Offers":{"Summaries":[{"Condition":{"Value":"New"},"LowestPrice":{"Amount":11.67,"Currency":"EUR","DisplayAmount":"11,67 €"}}]}},{"ASIN":"B0BNQN89QF","DetailPageURL":"https://www.amazon.es/dp/B0BNQN89QF?tag=topinalambricos-21&linkCode=osi&th=1&psc=1","Images":{"Primary":{"Small":{"Height":75,"URL":"https://m.media-amazon.com/images/I/41m+zixsAKL._SL75_.jpg","Width":75}}},"ItemInfo":{"ByLineInfo":{"Brand":{"DisplayValue":"PUERHUACI","Label":"Brand","Locale":"es_ES"}},"Title":{"DisplayValue":"Neceser Transparente Viaje Avion,Bolsa Liquidos Avion,6 Piezas Bolso Transparente,19x14cm Neceser Viaje Avion,Bolsa Transparente Multifunción con Cremallera","Label":"Title","Locale":"es_ES"}},"Offers":{"Summaries":[{"Condition":{"Value":"New"},"LowestPrice":{"Amount":13.89,"Currency":"EUR","DisplayAmount":"13,89 €"}}]}},{"ASIN":"B0BVVKZLHT","DetailPageURL":"https://www.amazon.es/dp/B0BVVKZLHT?tag=topinalambricos-21&linkCode=osi&th=1&psc=1","Images":{"Primary":{"Small":{"Height":75,"URL":"https://m.media-amazon.com/images/I/41zd76ozzyL._SL75_.jpg","Width":75}}},"ItemInfo":{"ByLineInfo":{"Brand":{"DisplayValue":"Aucuu","Label":"Brand","Locale":"es_ES"},"Manufacturer":{"DisplayValue":"Aucuu®-EU","Label":"Manufacturer","Locale":"es_ES"}},"Title":{"DisplayValue":"Aucuu 4PCS Neceser Hombre, Transparente Neceser Viaje Avion, Bolsa liquidos Avion, Bolsa de Aseo Organizador Mujer, Viajes Accesorios, 20x20cm (Gris+ Cuerda)","Label":"Title","Locale":"es_ES"}},"Offers":{"Summaries":[{"Condition":{"Value":"New"},"LowestPrice":{"Amount":7.98,"Currency":"EUR","DisplayAmount":"7,98 €"}}]}},{"ASIN":"B0BWTJMHXF","DetailPageURL":"https://www.amazon.es/dp/B0BWTJMHXF?tag=topinalambricos-21&linkCode=osi&th=1&psc=1","Images":{"Primary":{"Small":{"Height":75,"URL":"https://m.media-amazon.com/images/I/51-Gsh1xTvL._SL75_.jpg","Width":75}}},"ItemInfo":{"ByLineInfo":{"Brand":{"DisplayValue":"talifoca","Label":"Brand","Locale":"es_ES"},"Manufacturer":{"DisplayValue":"TALIFOCA","Label":"Manufacturer","Locale":"es_ES"}},"Title":{"DisplayValue":"3 Piezas Neceser de Aseo Transparente, Bolsas Transparentes de Avión,Bolsas de Aseo Transparente,Mujer Bolsa de Cosmético Organizador,Kit de Viaje para Avión, para Mujeres y Hombres","Label":"Title","Locale":"es_ES"}},"Offers":{"Summaries":[{"Condition":{"Value":"New"},"LowestPrice":{"Amount":8.99,"Currency":"EUR","DisplayAmount":"8,99 €"}}]}},{"ASIN":"B08YNGRXNK","DetailPageURL":"https://www.amazon.es/dp/B08YNGRXNK?tag=topinalambricos-21&linkCode=osi&th=1&psc=1","Images":{"Primary":{"Small":{"Height":75,"URL":"https://m.media-amazon.com/images/I/4158WjUfRlL._SL75_.jpg","Width":75}}},"ItemInfo":{"ByLineInfo":{"Brand":{"DisplayValue":"Casio","Label":"Brand","Locale":"es_ES"},"Manufacturer":{"DisplayValue":"CASIO","Label":"Manufacturer","Locale":"es_ES"}},"Title":{"DisplayValue":"Casio Unisex-adultos Digital GA-2100SKE-7AER","Label":"Title","Locale":"es_ES"}},"Offers":{"Summaries":[{"Condition":{"Value":"New"},"LowestPrice":{"Amount":83.59,"Currency":"EUR","DisplayAmount":"83,59 €"}}]}},{"ASIN":"B0CH9FT7L6","DetailPageURL":"https://www.amazon.es/dp/B0CH9FT7L6?tag=topinalambricos-21&linkCode=osi&th=1&psc=1","Images":{"Primary":{"Small":{"Height":75,"URL":"https://m.media-amazon.com/images/I/41Zy4SoABVL._SL75_.jpg","Width":75}}},"ItemInfo":{"ByLineInfo":{"Brand":{"DisplayValue":"Smilbaley","Label":"Brand","Locale":"es_ES"},"Manufacturer":{"DisplayValue":"D-22","Label":"Manufacturer","Locale":"es_ES"}},"Title":{"DisplayValue":"Smilbaley 2 Piezas Bolsa de Gimnasia Transparente, Bolsa de Cincha Transparente, Bolsa de Gimnasia Transparente con Cordón, para Escuelas, Exteriores, Gimnasios, Playas (35×45cm)","Label":"Title","Locale":"es_ES"}},"Offers":{"Summaries":[{"Condition":{"Value":"New"},"LowestPrice":{"Amount":14.99,"Currency":"EUR","DisplayAmount":"14,99 €"}}]}}],"SearchURL":"https://www.amazon.es/s?k=transparente&rh=n%3A14223378031%2Cp_n_availability%3A-1&tag=topinalambricos-21&linkCode=osi","TotalResultCount":306}},"35":{"SearchResult":{"Items":[{"ASIN":"B07GBN7JMK","DetailPageURL":"https://www.amazon.es/dp/B07GBN7JMK?tag=topinalambricos-21&linkCode=osi&th=1&psc=1","Images":{"Primary":{"Small":{"Height":75,"URL":"https://m.media-amazon.com/images/I/31vHA+wxLoL._SL75_.jpg","Width":70}}},"ItemInfo":{"ByLineInfo":{"Brand":{"DisplayValue":"Lancoon","Label":"Brand","Locale":"es_ES"},"Manufacturer":{"DisplayValue":"Lancoon","Label":"Manufacturer","Locale":"es_ES"}},"Title":{"DisplayValue":"Lancoon Paraguas Cúpula Transparente Mujer, 16 Costillas TamañO Grande A Prueba De Viento AutomáTico Abierto KS10White","Label":"Title","Locale":"es_ES"}},"Offers":{"Summaries":[{"Condition":{"Value":"New"},"LowestPrice":{"Amount":24.99,"Currency":"EUR","DisplayAmount":"24,99 €"}}]}},{"ASIN":"B0C4YLL3QG","DetailPageURL":"https://www.amazon.es/dp/B0C4YLL3QG?tag=topinalambricos-21&linkCode=osi&th=1&psc=1","Images":{"Primary":{"Small":{"Height":75,"URL":"https://m.media-amazon.com/images/I/312yqV-pibL._SL75_.jpg","Width":64}}},"ItemInfo":{"ByLineInfo":{"Brand":{"DisplayValue":"Jissta","Label":"Brand","Locale":"es_ES"},"Manufacturer":{"DisplayValue":"Jissta","Label":"Manufacturer","Locale":"es_ES"}},"Title":{"DisplayValue":"Jissta 4 neceseres Transparentes 20 * 20CM, Bolsa para líquidos de avión, Neceser portátil, Neceser de Viaje para Mujeres y Hombres con asa","Label":"Title","Locale":"es_ES"}},"Offers":{"Summaries":[{"Condition":{"Value":"New"},"LowestPrice":{"Amount":7.99,"Currency":"EUR","DisplayAmount":"7,99 €"}}]}},{"ASIN":"B0B1V8QLLT","DetailPageURL":"https://www.amazon.es/dp/B0B1V8QLLT?tag=topinalambricos-21&linkCode=osi&th=1&psc=1","Images":{"Primary":{"Small":{"Height":75,"URL":"https://m.media-amazon.com/images/I/41aMcaqaMBL._SL75_.jpg","Width":75}}},"ItemInfo":{"ByLineInfo":{"Brand":{"DisplayValue":"Pinsheng","Label":"Brand","Locale":"es_ES"},"Manufacturer":{"DisplayValue":"Pinsheng","Label":"Manufacturer","Locale":"es_ES"}},"Title":{"DisplayValue":"Pinsheng Tirantes Transparentes Sujetador 4 Pares Transparente Hombro Tirantes Claro Sujetador Correas Correas Transparentes Invisibles Antideslizantes de Sujetador para Mujer","Label":"Title","Locale":"es_ES"}},"Offers":{"Summaries":[{"Condition":{"Value":"New"},"LowestPrice":{"Amount":3.99,"Currency":"EUR","DisplayAmount":"3,99 €"}}]}},{"ASIN":"B09C376BCW","DetailPageURL":"https://www.amazon.es/dp/B09C376BCW?tag=topinalambricos-21&linkCode=osi&th=1&psc=1","Images":{"Primary":{"Small":{"Height":75,"URL":"https://m.media-amazon.com/images/I/31DDHCgK0lL._SL75_.jpg","Width":75}}},"ItemInfo":{"ByLineInfo":{"Brand":{"DisplayValue":"Jiakalamo","Label":"Brand","Locale":"es_ES"},"Manufacturer":{"DisplayValue":"Jiakalamo","Label":"Manufacturer","Locale":"es_ES"}},"Title":{"DisplayValue":"Jiakalamo Paraguas transparente plegable, Paraguas transparente automático para bodas , Paraguas transparente plegable mujer antiviento niño bodas travel ,Cierre automático Paraguas","Label":"Title","Locale":"es_ES"}},"Offers":{"Summaries":[{"Condition":{"Value":"New"},"LowestPrice":{"Amount":16.3,"Currency":"EUR","DisplayAmount":"16,30 €"}}]}},{"ASIN":"B081RPLNK1","DetailPageURL":"https://www.amazon.es/dp/B081RPLNK1?tag=topinalambricos-21&linkCode=osi&th=1&psc=1","Images":{"Primary":{"Small":{"Height":75,"URL":"https://m.media-amazon.com/images/I/4146RIkJjkL._SL75_.jpg","Width":75}}},"ItemInfo":{"ByLineInfo":{"Brand":{"DisplayValue":"WENTS","Label":"Brand","Locale":"es_ES"}},"Title":{"DisplayValue":"WENTS Bolsa Transparente de PVC Bolsa Transparente con Bolsillos con Cremallera y Correa para el Hombro Desmontable Cremallera Neceser De Cosmeticos De Mano Gran Capacidad","Label":"Title","Locale":"es_ES"}},"Offers":{"Summaries":[{"Condition":{"Value":"New"},"LowestPrice":{"Amount":11.67,"Currency":"EUR","DisplayAmount":"11,67 €"}}]}},{"ASIN":"B0BNQN89QF","DetailPageURL":"https://www.amazon.es/dp/B0BNQN89QF?tag=topinalambricos-21&linkCode=osi&th=1&psc=1","Images":{"Primary":{"Small":{"Height":75,"URL":"https://m.media-amazon.com/images/I/41m+zixsAKL._SL75_.jpg","Width":75}}},"ItemInfo":{"ByLineInfo":{"Brand":{"DisplayValue":"PUERHUACI","Label":"Brand","Locale":"es_ES"}},"Title":{"DisplayValue":"Neceser Transparente Viaje Avion,Bolsa Liquidos Avion,6 Piezas Bolso Transparente,19x14cm Neceser Viaje Avion,Bolsa Transparente Multifunción con Cremallera","Label":"Title","Locale":"es_ES"}},"Offers":{"Summaries":[{"Condition":{"Value":"New"},"LowestPrice":{"Amount":13.89,"Currency":"EUR","DisplayAmount":"13,89 €"}}]}},{"ASIN":"B0BVVKZLHT","DetailPageURL":"https://www.amazon.es/dp/B0BVVKZLHT?tag=topinalambricos-21&linkCode=osi&th=1&psc=1","Images":{"Primary":{"Small":{"Height":75,"URL":"https://m.media-amazon.com/images/I/41zd76ozzyL._SL75_.jpg","Width":75}}},"ItemInfo":{"ByLineInfo":{"Brand":{"DisplayValue":"Aucuu","Label":"Brand","Locale":"es_ES"},"Manufacturer":{"DisplayValue":"Aucuu®-EU","Label":"Manufacturer","Locale":"es_ES"}},"Title":{"DisplayValue":"Aucuu 4PCS Neceser Hombre, Transparente Neceser Viaje Avion, Bolsa liquidos Avion, Bolsa de Aseo Organizador Mujer, Viajes Accesorios, 20x20cm (Gris+ Cuerda)","Label":"Title","Locale":"es_ES"}},"Offers":{"Summaries":[{"Condition":{"Value":"New"},"LowestPrice":{"Amount":7.98,"Currency":"EUR","DisplayAmount":"7,98 €"}}]}},{"ASIN":"B0BWTJMHXF","DetailPageURL":"https://www.amazon.es/dp/B0BWTJMHXF?tag=topinalambricos-21&linkCode=osi&th=1&psc=1","Images":{"Primary":{"Small":{"Height":75,"URL":"https://m.media-amazon.com/images/I/51-Gsh1xTvL._SL75_.jpg","Width":75}}},"ItemInfo":{"ByLineInfo":{"Brand":{"DisplayValue":"talifoca","Label":"Brand","Locale":"es_ES"},"Manufacturer":{"DisplayValue":"TALIFOCA","Label":"Manufacturer","Locale":"es_ES"}},"Title":{"DisplayValue":"3 Piezas Neceser de Aseo Transparente, Bolsas Transparentes de Avión,Bolsas de Aseo Transparente,Mujer Bolsa de Cosmético Organizador,Kit de Viaje para Avión, para Mujeres y Hombres","Label":"Title","Locale":"es_ES"}},"Offers":{"Summaries":[{"Condition":{"Value":"New"},"LowestPrice":{"Amount":8.99,"Currency":"EUR","DisplayAmount":"8,99 €"}}]}},{"ASIN":"B08YNGRXNK","DetailPageURL":"https://www.amazon.es/dp/B08YNGRXNK?tag=topinalambricos-21&linkCode=osi&th=1&psc=1","Images":{"Primary":{"Small":{"Height":75,"URL":"https://m.media-amazon.com/images/I/4158WjUfRlL._SL75_.jpg","Width":75}}},"ItemInfo":{"ByLineInfo":{"Brand":{"DisplayValue":"Casio","Label":"Brand","Locale":"es_ES"},"Manufacturer":{"DisplayValue":"CASIO","Label":"Manufacturer","Locale":"es_ES"}},"Title":{"DisplayValue":"Casio Unisex-adultos Digital GA-2100SKE-7AER","Label":"Title","Locale":"es_ES"}},"Offers":{"Summaries":[{"Condition":{"Value":"New"},"LowestPrice":{"Amount":83.59,"Currency":"EUR","DisplayAmount":"83,59 €"}}]}},{"ASIN":"B0CH9FT7L6","DetailPageURL":"https://www.amazon.es/dp/B0CH9FT7L6?tag=topinalambricos-21&linkCode=osi&th=1&psc=1","Images":{"Primary":{"Small":{"Height":75,"URL":"https://m.media-amazon.com/images/I/41Zy4SoABVL._SL75_.jpg","Width":75}}},"ItemInfo":{"ByLineInfo":{"Brand":{"DisplayValue":"Smilbaley","Label":"Brand","Locale":"es_ES"},"Manufacturer":{"DisplayValue":"D-22","Label":"Manufacturer","Locale":"es_ES"}},"Title":{"DisplayValue":"Smilbaley 2 Piezas Bolsa de Gimnasia Transparente, Bolsa de Cincha Transparente, Bolsa de Gimnasia Transparente con Cordón, para Escuelas, Exteriores, Gimnasios, Playas (35×45cm)","Label":"Title","Locale":"es_ES"}},"Offers":{"Summaries":[{"Condition":{"Value":"New"},"LowestPrice":{"Amount":14.99,"Currency":"EUR","DisplayAmount":"14,99 €"}}]}}],"SearchURL":"https://www.amazon.es/s?k=transparente&rh=n%3A14223378031%2Cp_n_availability%3A-1&tag=topinalambricos-21&linkCode=osi","TotalResultCount":306}},"36":{"SearchResult":{"Items":[{"ASIN":"B07GBN7JMK","DetailPageURL":"https://www.amazon.es/dp/B07GBN7JMK?tag=topinalambricos-21&linkCode=osi&th=1&psc=1","Images":{"Primary":{"Small":{"Height":75,"URL":"https://m.media-amazon.com/images/I/31vHA+wxLoL._SL75_.jpg","Width":70}}},"ItemInfo":{"ByLineInfo":{"Brand":{"DisplayValue":"Lancoon","Label":"Brand","Locale":"es_ES"},"Manufacturer":{"DisplayValue":"Lancoon","Label":"Manufacturer","Locale":"es_ES"}},"Title":{"DisplayValue":"Lancoon Paraguas Cúpula Transparente Mujer, 16 Costillas TamañO Grande A Prueba De Viento AutomáTico Abierto KS10White","Label":"Title","Locale":"es_ES"}},"Offers":{"Summaries":[{"Condition":{"Value":"New"},"LowestPrice":{"Amount":24.99,"Currency":"EUR","DisplayAmount":"24,99 €"}}]}},{"ASIN":"B0C4YLL3QG","DetailPageURL":"https://www.amazon.es/dp/B0C4YLL3QG?tag=topinalambricos-21&linkCode=osi&th=1&psc=1","Images":{"Primary":{"Small":{"Height":75,"URL":"https://m.media-amazon.com/images/I/312yqV-pibL._SL75_.jpg","Width":64}}},"ItemInfo":{"ByLineInfo":{"Brand":{"DisplayValue":"Jissta","Label":"Brand","Locale":"es_ES"},"Manufacturer":{"DisplayValue":"Jissta","Label":"Manufacturer","Locale":"es_ES"}},"Title":{"DisplayValue":"Jissta 4 neceseres Transparentes 20 * 20CM, Bolsa para líquidos de avión, Neceser portátil, Neceser de Viaje para Mujeres y Hombres con asa","Label":"Title","Locale":"es_ES"}},"Offers":{"Summaries":[{"Condition":{"Value":"New"},"LowestPrice":{"Amount":7.99,"Currency":"EUR","DisplayAmount":"7,99 €"}}]}},{"ASIN":"B0B1V8QLLT","DetailPageURL":"https://www.amazon.es/dp/B0B1V8QLLT?tag=topinalambricos-21&linkCode=osi&th=1&psc=1","Images":{"Primary":{"Small":{"Height":75,"URL":"https://m.media-amazon.com/images/I/41aMcaqaMBL._SL75_.jpg","Width":75}}},"ItemInfo":{"ByLineInfo":{"Brand":{"DisplayValue":"Pinsheng","Label":"Brand","Locale":"es_ES"},"Manufacturer":{"DisplayValue":"Pinsheng","Label":"Manufacturer","Locale":"es_ES"}},"Title":{"DisplayValue":"Pinsheng Tirantes Transparentes Sujetador 4 Pares Transparente Hombro Tirantes Claro Sujetador Correas Correas Transparentes Invisibles Antideslizantes de Sujetador para Mujer","Label":"Title","Locale":"es_ES"}},"Offers":{"Summaries":[{"Condition":{"Value":"New"},"LowestPrice":{"Amount":3.99,"Currency":"EUR","DisplayAmount":"3,99 €"}}]}},{"ASIN":"B09C376BCW","DetailPageURL":"https://www.amazon.es/dp/B09C376BCW?tag=topinalambricos-21&linkCode=osi&th=1&psc=1","Images":{"Primary":{"Small":{"Height":75,"URL":"https://m.media-amazon.com/images/I/31DDHCgK0lL._SL75_.jpg","Width":75}}},"ItemInfo":{"ByLineInfo":{"Brand":{"DisplayValue":"Jiakalamo","Label":"Brand","Locale":"es_ES"},"Manufacturer":{"DisplayValue":"Jiakalamo","Label":"Manufacturer","Locale":"es_ES"}},"Title":{"DisplayValue":"Jiakalamo Paraguas transparente plegable, Paraguas transparente automático para bodas , Paraguas transparente plegable mujer antiviento niño bodas travel ,Cierre automático Paraguas","Label":"Title","Locale":"es_ES"}},"Offers":{"Summaries":[{"Condition":{"Value":"New"},"LowestPrice":{"Amount":16.3,"Currency":"EUR","DisplayAmount":"16,30 €"}}]}},{"ASIN":"B081RPLNK1","DetailPageURL":"https://www.amazon.es/dp/B081RPLNK1?tag=topinalambricos-21&linkCode=osi&th=1&psc=1","Images":{"Primary":{"Small":{"Height":75,"URL":"https://m.media-amazon.com/images/I/4146RIkJjkL._SL75_.jpg","Width":75}}},"ItemInfo":{"ByLineInfo":{"Brand":{"DisplayValue":"WENTS","Label":"Brand","Locale":"es_ES"}},"Title":{"DisplayValue":"WENTS Bolsa Transparente de PVC Bolsa Transparente con Bolsillos con Cremallera y Correa para el Hombro Desmontable Cremallera Neceser De Cosmeticos De Mano Gran Capacidad","Label":"Title","Locale":"es_ES"}},"Offers":{"Summaries":[{"Condition":{"Value":"New"},"LowestPrice":{"Amount":11.67,"Currency":"EUR","DisplayAmount":"11,67 €"}}]}},{"ASIN":"B0BNQN89QF","DetailPageURL":"https://www.amazon.es/dp/B0BNQN89QF?tag=topinalambricos-21&linkCode=osi&th=1&psc=1","Images":{"Primary":{"Small":{"Height":75,"URL":"https://m.media-amazon.com/images/I/41m+zixsAKL._SL75_.jpg","Width":75}}},"ItemInfo":{"ByLineInfo":{"Brand":{"DisplayValue":"PUERHUACI","Label":"Brand","Locale":"es_ES"}},"Title":{"DisplayValue":"Neceser Transparente Viaje Avion,Bolsa Liquidos Avion,6 Piezas Bolso Transparente,19x14cm Neceser Viaje Avion,Bolsa Transparente Multifunción con Cremallera","Label":"Title","Locale":"es_ES"}},"Offers":{"Summaries":[{"Condition":{"Value":"New"},"LowestPrice":{"Amount":13.89,"Currency":"EUR","DisplayAmount":"13,89 €"}}]}},{"ASIN":"B0BVVKZLHT","DetailPageURL":"https://www.amazon.es/dp/B0BVVKZLHT?tag=topinalambricos-21&linkCode=osi&th=1&psc=1","Images":{"Primary":{"Small":{"Height":75,"URL":"https://m.media-amazon.com/images/I/41zd76ozzyL._SL75_.jpg","Width":75}}},"ItemInfo":{"ByLineInfo":{"Brand":{"DisplayValue":"Aucuu","Label":"Brand","Locale":"es_ES"},"Manufacturer":{"DisplayValue":"Aucuu®-EU","Label":"Manufacturer","Locale":"es_ES"}},"Title":{"DisplayValue":"Aucuu 4PCS Neceser Hombre, Transparente Neceser Viaje Avion, Bolsa liquidos Avion, Bolsa de Aseo Organizador Mujer, Viajes Accesorios, 20x20cm (Gris+ Cuerda)","Label":"Title","Locale":"es_ES"}},"Offers":{"Summaries":[{"Condition":{"Value":"New"},"LowestPrice":{"Amount":7.98,"Currency":"EUR","DisplayAmount":"7,98 €"}}]}},{"ASIN":"B0BWTJMHXF","DetailPageURL":"https://www.amazon.es/dp/B0BWTJMHXF?tag=topinalambricos-21&linkCode=osi&th=1&psc=1","Images":{"Primary":{"Small":{"Height":75,"URL":"https://m.media-amazon.com/images/I/51-Gsh1xTvL._SL75_.jpg","Width":75}}},"ItemInfo":{"ByLineInfo":{"Brand":{"DisplayValue":"talifoca","Label":"Brand","Locale":"es_ES"},"Manufacturer":{"DisplayValue":"TALIFOCA","Label":"Manufacturer","Locale":"es_ES"}},"Title":{"DisplayValue":"3 Piezas Neceser de Aseo Transparente, Bolsas Transparentes de Avión,Bolsas de Aseo Transparente,Mujer Bolsa de Cosmético Organizador,Kit de Viaje para Avión, para Mujeres y Hombres","Label":"Title","Locale":"es_ES"}},"Offers":{"Summaries":[{"Condition":{"Value":"New"},"LowestPrice":{"Amount":8.99,"Currency":"EUR","DisplayAmount":"8,99 €"}}]}},{"ASIN":"B08YNGRXNK","DetailPageURL":"https://www.amazon.es/dp/B08YNGRXNK?tag=topinalambricos-21&linkCode=osi&th=1&psc=1","Images":{"Primary":{"Small":{"Height":75,"URL":"https://m.media-amazon.com/images/I/4158WjUfRlL._SL75_.jpg","Width":75}}},"ItemInfo":{"ByLineInfo":{"Brand":{"DisplayValue":"Casio","Label":"Brand","Locale":"es_ES"},"Manufacturer":{"DisplayValue":"CASIO","Label":"Manufacturer","Locale":"es_ES"}},"Title":{"DisplayValue":"Casio Unisex-adultos Digital GA-2100SKE-7AER","Label":"Title","Locale":"es_ES"}},"Offers":{"Summaries":[{"Condition":{"Value":"New"},"LowestPrice":{"Amount":83.59,"Currency":"EUR","DisplayAmount":"83,59 €"}}]}},{"ASIN":"B0CH9FT7L6","DetailPageURL":"https://www.amazon.es/dp/B0CH9FT7L6?tag=topinalambricos-21&linkCode=osi&th=1&psc=1","Images":{"Primary":{"Small":{"Height":75,"URL":"https://m.media-amazon.com/images/I/41Zy4SoABVL._SL75_.jpg","Width":75}}},"ItemInfo":{"ByLineInfo":{"Brand":{"DisplayValue":"Smilbaley","Label":"Brand","Locale":"es_ES"},"Manufacturer":{"DisplayValue":"D-22","Label":"Manufacturer","Locale":"es_ES"}},"Title":{"DisplayValue":"Smilbaley 2 Piezas Bolsa de Gimnasia Transparente, Bolsa de Cincha Transparente, Bolsa de Gimnasia Transparente con Cordón, para Escuelas, Exteriores, Gimnasios, Playas (35×45cm)","Label":"Title","Locale":"es_ES"}},"Offers":{"Summaries":[{"Condition":{"Value":"New"},"LowestPrice":{"Amount":14.99,"Currency":"EUR","DisplayAmount":"14,99 €"}}]}}],"SearchURL":"https://www.amazon.es/s?k=transparente&rh=n%3A14223378031%2Cp_n_availability%3A-1&tag=topinalambricos-21&linkCode=osi","TotalResultCount":306}},"37":{"SearchResult":{"Items":[{"ASIN":"B07GBN7JMK","DetailPageURL":"https://www.amazon.es/dp/B07GBN7JMK?tag=topinalambricos-21&linkCode=osi&th=1&psc=1","Images":{"Primary":{"Small":{"Height":75,"URL":"https://m.media-amazon.com/images/I/31vHA+wxLoL._SL75_.jpg","Width":70}}},"ItemInfo":{"ByLineInfo":{"Brand":{"DisplayValue":"Lancoon","Label":"Brand","Locale":"es_ES"},"Manufacturer":{"DisplayValue":"Lancoon","Label":"Manufacturer","Locale":"es_ES"}},"Title":{"DisplayValue":"Lancoon Paraguas Cúpula Transparente Mujer, 16 Costillas TamañO Grande A Prueba De Viento AutomáTico Abierto KS10White","Label":"Title","Locale":"es_ES"}},"Offers":{"Summaries":[{"Condition":{"Value":"New"},"LowestPrice":{"Amount":24.99,"Currency":"EUR","DisplayAmount":"24,99 €"}}]}},{"ASIN":"B0C4YLL3QG","DetailPageURL":"https://www.amazon.es/dp/B0C4YLL3QG?tag=topinalambricos-21&linkCode=osi&th=1&psc=1","Images":{"Primary":{"Small":{"Height":75,"URL":"https://m.media-amazon.com/images/I/312yqV-pibL._SL75_.jpg","Width":64}}},"ItemInfo":{"ByLineInfo":{"Brand":{"DisplayValue":"Jissta","Label":"Brand","Locale":"es_ES"},"Manufacturer":{"DisplayValue":"Jissta","Label":"Manufacturer","Locale":"es_ES"}},"Title":{"DisplayValue":"Jissta 4 neceseres Transparentes 20 * 20CM, Bolsa para líquidos de avión, Neceser portátil, Neceser de Viaje para Mujeres y Hombres con asa","Label":"Title","Locale":"es_ES"}},"Offers":{"Summaries":[{"Condition":{"Value":"New"},"LowestPrice":{"Amount":7.99,"Currency":"EUR","DisplayAmount":"7,99 €"}}]}},{"ASIN":"B0B1V8QLLT","DetailPageURL":"https://www.amazon.es/dp/B0B1V8QLLT?tag=topinalambricos-21&linkCode=osi&th=1&psc=1","Images":{"Primary":{"Small":{"Height":75,"URL":"https://m.media-amazon.com/images/I/41aMcaqaMBL._SL75_.jpg","Width":75}}},"ItemInfo":{"ByLineInfo":{"Brand":{"DisplayValue":"Pinsheng","Label":"Brand","Locale":"es_ES"},"Manufacturer":{"DisplayValue":"Pinsheng","Label":"Manufacturer","Locale":"es_ES"}},"Title":{"DisplayValue":"Pinsheng Tirantes Transparentes Sujetador 4 Pares Transparente Hombro Tirantes Claro Sujetador Correas Correas Transparentes Invisibles Antideslizantes de Sujetador para Mujer","Label":"Title","Locale":"es_ES"}},"Offers":{"Summaries":[{"Condition":{"Value":"New"},"LowestPrice":{"Amount":3.99,"Currency":"EUR","DisplayAmount":"3,99 €"}}]}},{"ASIN":"B09C376BCW","DetailPageURL":"https://www.amazon.es/dp/B09C376BCW?tag=topinalambricos-21&linkCode=osi&th=1&psc=1","Images":{"Primary":{"Small":{"Height":75,"URL":"https://m.media-amazon.com/images/I/31DDHCgK0lL._SL75_.jpg","Width":75}}},"ItemInfo":{"ByLineInfo":{"Brand":{"DisplayValue":"Jiakalamo","Label":"Brand","Locale":"es_ES"},"Manufacturer":{"DisplayValue":"Jiakalamo","Label":"Manufacturer","Locale":"es_ES"}},"Title":{"DisplayValue":"Jiakalamo Paraguas transparente plegable, Paraguas transparente automático para bodas , Paraguas transparente plegable mujer antiviento niño bodas travel ,Cierre automático Paraguas","Label":"Title","Locale":"es_ES"}},"Offers":{"Summaries":[{"Condition":{"Value":"New"},"LowestPrice":{"Amount":16.3,"Currency":"EUR","DisplayAmount":"16,30 €"}}]}},{"ASIN":"B081RPLNK1","DetailPageURL":"https://www.amazon.es/dp/B081RPLNK1?tag=topinalambricos-21&linkCode=osi&th=1&psc=1","Images":{"Primary":{"Small":{"Height":75,"URL":"https://m.media-amazon.com/images/I/4146RIkJjkL._SL75_.jpg","Width":75}}},"ItemInfo":{"ByLineInfo":{"Brand":{"DisplayValue":"WENTS","Label":"Brand","Locale":"es_ES"}},"Title":{"DisplayValue":"WENTS Bolsa Transparente de PVC Bolsa Transparente con Bolsillos con Cremallera y Correa para el Hombro Desmontable Cremallera Neceser De Cosmeticos De Mano Gran Capacidad","Label":"Title","Locale":"es_ES"}},"Offers":{"Summaries":[{"Condition":{"Value":"New"},"LowestPrice":{"Amount":11.67,"Currency":"EUR","DisplayAmount":"11,67 €"}}]}},{"ASIN":"B0BNQN89QF","DetailPageURL":"https://www.amazon.es/dp/B0BNQN89QF?tag=topinalambricos-21&linkCode=osi&th=1&psc=1","Images":{"Primary":{"Small":{"Height":75,"URL":"https://m.media-amazon.com/images/I/41m+zixsAKL._SL75_.jpg","Width":75}}},"ItemInfo":{"ByLineInfo":{"Brand":{"DisplayValue":"PUERHUACI","Label":"Brand","Locale":"es_ES"}},"Title":{"DisplayValue":"Neceser Transparente Viaje Avion,Bolsa Liquidos Avion,6 Piezas Bolso Transparente,19x14cm Neceser Viaje Avion,Bolsa Transparente Multifunción con Cremallera","Label":"Title","Locale":"es_ES"}},"Offers":{"Summaries":[{"Condition":{"Value":"New"},"LowestPrice":{"Amount":13.89,"Currency":"EUR","DisplayAmount":"13,89 €"}}]}},{"ASIN":"B0BVVKZLHT","DetailPageURL":"https://www.amazon.es/dp/B0BVVKZLHT?tag=topinalambricos-21&linkCode=osi&th=1&psc=1","Images":{"Primary":{"Small":{"Height":75,"URL":"https://m.media-amazon.com/images/I/41zd76ozzyL._SL75_.jpg","Width":75}}},"ItemInfo":{"ByLineInfo":{"Brand":{"DisplayValue":"Aucuu","Label":"Brand","Locale":"es_ES"},"Manufacturer":{"DisplayValue":"Aucuu®-EU","Label":"Manufacturer","Locale":"es_ES"}},"Title":{"DisplayValue":"Aucuu 4PCS Neceser Hombre, Transparente Neceser Viaje Avion, Bolsa liquidos Avion, Bolsa de Aseo Organizador Mujer, Viajes Accesorios, 20x20cm (Gris+ Cuerda)","Label":"Title","Locale":"es_ES"}},"Offers":{"Summaries":[{"Condition":{"Value":"New"},"LowestPrice":{"Amount":7.98,"Currency":"EUR","DisplayAmount":"7,98 €"}}]}},{"ASIN":"B0BWTJMHXF","DetailPageURL":"https://www.amazon.es/dp/B0BWTJMHXF?tag=topinalambricos-21&linkCode=osi&th=1&psc=1","Images":{"Primary":{"Small":{"Height":75,"URL":"https://m.media-amazon.com/images/I/51-Gsh1xTvL._SL75_.jpg","Width":75}}},"ItemInfo":{"ByLineInfo":{"Brand":{"DisplayValue":"talifoca","Label":"Brand","Locale":"es_ES"},"Manufacturer":{"DisplayValue":"TALIFOCA","Label":"Manufacturer","Locale":"es_ES"}},"Title":{"DisplayValue":"3 Piezas Neceser de Aseo Transparente, Bolsas Transparentes de Avión,Bolsas de Aseo Transparente,Mujer Bolsa de Cosmético Organizador,Kit de Viaje para Avión, para Mujeres y Hombres","Label":"Title","Locale":"es_ES"}},"Offers":{"Summaries":[{"Condition":{"Value":"New"},"LowestPrice":{"Amount":8.99,"Currency":"EUR","DisplayAmount":"8,99 €"}}]}},{"ASIN":"B08YNGRXNK","DetailPageURL":"https://www.amazon.es/dp/B08YNGRXNK?tag=topinalambricos-21&linkCode=osi&th=1&psc=1","Images":{"Primary":{"Small":{"Height":75,"URL":"https://m.media-amazon.com/images/I/4158WjUfRlL._SL75_.jpg","Width":75}}},"ItemInfo":{"ByLineInfo":{"Brand":{"DisplayValue":"Casio","Label":"Brand","Locale":"es_ES"},"Manufacturer":{"DisplayValue":"CASIO","Label":"Manufacturer","Locale":"es_ES"}},"Title":{"DisplayValue":"Casio Unisex-adultos Digital GA-2100SKE-7AER","Label":"Title","Locale":"es_ES"}},"Offers":{"Summaries":[{"Condition":{"Value":"New"},"LowestPrice":{"Amount":83.59,"Currency":"EUR","DisplayAmount":"83,59 €"}}]}},{"ASIN":"B0CH9FT7L6","DetailPageURL":"https://www.amazon.es/dp/B0CH9FT7L6?tag=topinalambricos-21&linkCode=osi&th=1&psc=1","Images":{"Primary":{"Small":{"Height":75,"URL":"https://m.media-amazon.com/images/I/41Zy4SoABVL._SL75_.jpg","Width":75}}},"ItemInfo":{"ByLineInfo":{"Brand":{"DisplayValue":"Smilbaley","Label":"Brand","Locale":"es_ES"},"Manufacturer":{"DisplayValue":"D-22","Label":"Manufacturer","Locale":"es_ES"}},"Title":{"DisplayValue":"Smilbaley 2 Piezas Bolsa de Gimnasia Transparente, Bolsa de Cincha Transparente, Bolsa de Gimnasia Transparente con Cordón, para Escuelas, Exteriores, Gimnasios, Playas (35×45cm)","Label":"Title","Locale":"es_ES"}},"Offers":{"Summaries":[{"Condition":{"Value":"New"},"LowestPrice":{"Amount":14.99,"Currency":"EUR","DisplayAmount":"14,99 €"}}]}}],"SearchURL":"https://www.amazon.es/s?k=transparente&rh=n%3A14223378031%2Cp_n_availability%3A-1&tag=topinalambricos-21&linkCode=osi","TotalResultCount":306}},"38":{"SearchResult":{"Items":[{"ASIN":"B07GBN7JMK","DetailPageURL":"https://www.amazon.es/dp/B07GBN7JMK?tag=topinalambricos-21&linkCode=osi&th=1&psc=1","Images":{"Primary":{"Small":{"Height":75,"URL":"https://m.media-amazon.com/images/I/31vHA+wxLoL._SL75_.jpg","Width":70}}},"ItemInfo":{"ByLineInfo":{"Brand":{"DisplayValue":"Lancoon","Label":"Brand","Locale":"es_ES"},"Manufacturer":{"DisplayValue":"Lancoon","Label":"Manufacturer","Locale":"es_ES"}},"Title":{"DisplayValue":"Lancoon Paraguas Cúpula Transparente Mujer, 16 Costillas TamañO Grande A Prueba De Viento AutomáTico Abierto KS10White","Label":"Title","Locale":"es_ES"}},"Offers":{"Summaries":[{"Condition":{"Value":"New"},"LowestPrice":{"Amount":24.99,"Currency":"EUR","DisplayAmount":"24,99 €"}}]}},{"ASIN":"B0C4YLL3QG","DetailPageURL":"https://www.amazon.es/dp/B0C4YLL3QG?tag=topinalambricos-21&linkCode=osi&th=1&psc=1","Images":{"Primary":{"Small":{"Height":75,"URL":"https://m.media-amazon.com/images/I/312yqV-pibL._SL75_.jpg","Width":64}}},"ItemInfo":{"ByLineInfo":{"Brand":{"DisplayValue":"Jissta","Label":"Brand","Locale":"es_ES"},"Manufacturer":{"DisplayValue":"Jissta","Label":"Manufacturer","Locale":"es_ES"}},"Title":{"DisplayValue":"Jissta 4 neceseres Transparentes 20 * 20CM, Bolsa para líquidos de avión, Neceser portátil, Neceser de Viaje para Mujeres y Hombres con asa","Label":"Title","Locale":"es_ES"}},"Offers":{"Summaries":[{"Condition":{"Value":"New"},"LowestPrice":{"Amount":7.99,"Currency":"EUR","DisplayAmount":"7,99 €"}}]}},{"ASIN":"B0B1V8QLLT","DetailPageURL":"https://www.amazon.es/dp/B0B1V8QLLT?tag=topinalambricos-21&linkCode=osi&th=1&psc=1","Images":{"Primary":{"Small":{"Height":75,"URL":"https://m.media-amazon.com/images/I/41aMcaqaMBL._SL75_.jpg","Width":75}}},"ItemInfo":{"ByLineInfo":{"Brand":{"DisplayValue":"Pinsheng","Label":"Brand","Locale":"es_ES"},"Manufacturer":{"DisplayValue":"Pinsheng","Label":"Manufacturer","Locale":"es_ES"}},"Title":{"DisplayValue":"Pinsheng Tirantes Transparentes Sujetador 4 Pares Transparente Hombro Tirantes Claro Sujetador Correas Correas Transparentes Invisibles Antideslizantes de Sujetador para Mujer","Label":"Title","Locale":"es_ES"}},"Offers":{"Summaries":[{"Condition":{"Value":"New"},"LowestPrice":{"Amount":3.99,"Currency":"EUR","DisplayAmount":"3,99 €"}}]}},{"ASIN":"B09C376BCW","DetailPageURL":"https://www.amazon.es/dp/B09C376BCW?tag=topinalambricos-21&linkCode=osi&th=1&psc=1","Images":{"Primary":{"Small":{"Height":75,"URL":"https://m.media-amazon.com/images/I/31DDHCgK0lL._SL75_.jpg","Width":75}}},"ItemInfo":{"ByLineInfo":{"Brand":{"DisplayValue":"Jiakalamo","Label":"Brand","Locale":"es_ES"},"Manufacturer":{"DisplayValue":"Jiakalamo","Label":"Manufacturer","Locale":"es_ES"}},"Title":{"DisplayValue":"Jiakalamo Paraguas transparente plegable, Paraguas transparente automático para bodas , Paraguas transparente plegable mujer antiviento niño bodas travel ,Cierre automático Paraguas","Label":"Title","Locale":"es_ES"}},"Offers":{"Summaries":[{"Condition":{"Value":"New"},"LowestPrice":{"Amount":16.3,"Currency":"EUR","DisplayAmount":"16,30 €"}}]}},{"ASIN":"B081RPLNK1","DetailPageURL":"https://www.amazon.es/dp/B081RPLNK1?tag=topinalambricos-21&linkCode=osi&th=1&psc=1","Images":{"Primary":{"Small":{"Height":75,"URL":"https://m.media-amazon.com/images/I/4146RIkJjkL._SL75_.jpg","Width":75}}},"ItemInfo":{"ByLineInfo":{"Brand":{"DisplayValue":"WENTS","Label":"Brand","Locale":"es_ES"}},"Title":{"DisplayValue":"WENTS Bolsa Transparente de PVC Bolsa Transparente con Bolsillos con Cremallera y Correa para el Hombro Desmontable Cremallera Neceser De Cosmeticos De Mano Gran Capacidad","Label":"Title","Locale":"es_ES"}},"Offers":{"Summaries":[{"Condition":{"Value":"New"},"LowestPrice":{"Amount":11.67,"Currency":"EUR","DisplayAmount":"11,67 €"}}]}},{"ASIN":"B0BNQN89QF","DetailPageURL":"https://www.amazon.es/dp/B0BNQN89QF?tag=topinalambricos-21&linkCode=osi&th=1&psc=1","Images":{"Primary":{"Small":{"Height":75,"URL":"https://m.media-amazon.com/images/I/41m+zixsAKL._SL75_.jpg","Width":75}}},"ItemInfo":{"ByLineInfo":{"Brand":{"DisplayValue":"PUERHUACI","Label":"Brand","Locale":"es_ES"}},"Title":{"DisplayValue":"Neceser Transparente Viaje Avion,Bolsa Liquidos Avion,6 Piezas Bolso Transparente,19x14cm Neceser Viaje Avion,Bolsa Transparente Multifunción con Cremallera","Label":"Title","Locale":"es_ES"}},"Offers":{"Summaries":[{"Condition":{"Value":"New"},"LowestPrice":{"Amount":13.89,"Currency":"EUR","DisplayAmount":"13,89 €"}}]}},{"ASIN":"B0BVVKZLHT","DetailPageURL":"https://www.amazon.es/dp/B0BVVKZLHT?tag=topinalambricos-21&linkCode=osi&th=1&psc=1","Images":{"Primary":{"Small":{"Height":75,"URL":"https://m.media-amazon.com/images/I/41zd76ozzyL._SL75_.jpg","Width":75}}},"ItemInfo":{"ByLineInfo":{"Brand":{"DisplayValue":"Aucuu","Label":"Brand","Locale":"es_ES"},"Manufacturer":{"DisplayValue":"Aucuu®-EU","Label":"Manufacturer","Locale":"es_ES"}},"Title":{"DisplayValue":"Aucuu 4PCS Neceser Hombre, Transparente Neceser Viaje Avion, Bolsa liquidos Avion, Bolsa de Aseo Organizador Mujer, Viajes Accesorios, 20x20cm (Gris+ Cuerda)","Label":"Title","Locale":"es_ES"}},"Offers":{"Summaries":[{"Condition":{"Value":"New"},"LowestPrice":{"Amount":7.98,"Currency":"EUR","DisplayAmount":"7,98 €"}}]}},{"ASIN":"B0BWTJMHXF","DetailPageURL":"https://www.amazon.es/dp/B0BWTJMHXF?tag=topinalambricos-21&linkCode=osi&th=1&psc=1","Images":{"Primary":{"Small":{"Height":75,"URL":"https://m.media-amazon.com/images/I/51-Gsh1xTvL._SL75_.jpg","Width":75}}},"ItemInfo":{"ByLineInfo":{"Brand":{"DisplayValue":"talifoca","Label":"Brand","Locale":"es_ES"},"Manufacturer":{"DisplayValue":"TALIFOCA","Label":"Manufacturer","Locale":"es_ES"}},"Title":{"DisplayValue":"3 Piezas Neceser de Aseo Transparente, Bolsas Transparentes de Avión,Bolsas de Aseo Transparente,Mujer Bolsa de Cosmético Organizador,Kit de Viaje para Avión, para Mujeres y Hombres","Label":"Title","Locale":"es_ES"}},"Offers":{"Summaries":[{"Condition":{"Value":"New"},"LowestPrice":{"Amount":8.99,"Currency":"EUR","DisplayAmount":"8,99 €"}}]}},{"ASIN":"B08YNGRXNK","DetailPageURL":"https://www.amazon.es/dp/B08YNGRXNK?tag=topinalambricos-21&linkCode=osi&th=1&psc=1","Images":{"Primary":{"Small":{"Height":75,"URL":"https://m.media-amazon.com/images/I/4158WjUfRlL._SL75_.jpg","Width":75}}},"ItemInfo":{"ByLineInfo":{"Brand":{"DisplayValue":"Casio","Label":"Brand","Locale":"es_ES"},"Manufacturer":{"DisplayValue":"CASIO","Label":"Manufacturer","Locale":"es_ES"}},"Title":{"DisplayValue":"Casio Unisex-adultos Digital GA-2100SKE-7AER","Label":"Title","Locale":"es_ES"}},"Offers":{"Summaries":[{"Condition":{"Value":"New"},"LowestPrice":{"Amount":83.59,"Currency":"EUR","DisplayAmount":"83,59 €"}}]}},{"ASIN":"B0CH9FT7L6","DetailPageURL":"https://www.amazon.es/dp/B0CH9FT7L6?tag=topinalambricos-21&linkCode=osi&th=1&psc=1","Images":{"Primary":{"Small":{"Height":75,"URL":"https://m.media-amazon.com/images/I/41Zy4SoABVL._SL75_.jpg","Width":75}}},"ItemInfo":{"ByLineInfo":{"Brand":{"DisplayValue":"Smilbaley","Label":"Brand","Locale":"es_ES"},"Manufacturer":{"DisplayValue":"D-22","Label":"Manufacturer","Locale":"es_ES"}},"Title":{"DisplayValue":"Smilbaley 2 Piezas Bolsa de Gimnasia Transparente, Bolsa de Cincha Transparente, Bolsa de Gimnasia Transparente con Cordón, para Escuelas, Exteriores, Gimnasios, Playas (35×45cm)","Label":"Title","Locale":"es_ES"}},"Offers":{"Summaries":[{"Condition":{"Value":"New"},"LowestPrice":{"Amount":14.99,"Currency":"EUR","DisplayAmount":"14,99 €"}}]}}],"SearchURL":"https://www.amazon.es/s?k=transparente&rh=n%3A14223378031%2Cp_n_availability%3A-1&tag=topinalambricos-21&linkCode=osi","TotalResultCount":306}},"39":{"SearchResult":{"Items":[{"ASIN":"B07GBN7JMK","DetailPageURL":"https://www.amazon.es/dp/B07GBN7JMK?tag=topinalambricos-21&linkCode=osi&th=1&psc=1","Images":{"Primary":{"Small":{"Height":75,"URL":"https://m.media-amazon.com/images/I/31vHA+wxLoL._SL75_.jpg","Width":70}}},"ItemInfo":{"ByLineInfo":{"Brand":{"DisplayValue":"Lancoon","Label":"Brand","Locale":"es_ES"},"Manufacturer":{"DisplayValue":"Lancoon","Label":"Manufacturer","Locale":"es_ES"}},"Title":{"DisplayValue":"Lancoon Paraguas Cúpula Transparente Mujer, 16 Costillas TamañO Grande A Prueba De Viento AutomáTico Abierto KS10White","Label":"Title","Locale":"es_ES"}},"Offers":{"Summaries":[{"Condition":{"Value":"New"},"LowestPrice":{"Amount":24.99,"Currency":"EUR","DisplayAmount":"24,99 €"}}]}},{"ASIN":"B0C4YLL3QG","DetailPageURL":"https://www.amazon.es/dp/B0C4YLL3QG?tag=topinalambricos-21&linkCode=osi&th=1&psc=1","Images":{"Primary":{"Small":{"Height":75,"URL":"https://m.media-amazon.com/images/I/312yqV-pibL._SL75_.jpg","Width":64}}},"ItemInfo":{"ByLineInfo":{"Brand":{"DisplayValue":"Jissta","Label":"Brand","Locale":"es_ES"},"Manufacturer":{"DisplayValue":"Jissta","Label":"Manufacturer","Locale":"es_ES"}},"Title":{"DisplayValue":"Jissta 4 neceseres Transparentes 20 * 20CM, Bolsa para líquidos de avión, Neceser portátil, Neceser de Viaje para Mujeres y Hombres con asa","Label":"Title","Locale":"es_ES"}},"Offers":{"Summaries":[{"Condition":{"Value":"New"},"LowestPrice":{"Amount":7.99,"Currency":"EUR","DisplayAmount":"7,99 €"}}]}},{"ASIN":"B0B1V8QLLT","DetailPageURL":"https://www.amazon.es/dp/B0B1V8QLLT?tag=topinalambricos-21&linkCode=osi&th=1&psc=1","Images":{"Primary":{"Small":{"Height":75,"URL":"https://m.media-amazon.com/images/I/41aMcaqaMBL._SL75_.jpg","Width":75}}},"ItemInfo":{"ByLineInfo":{"Brand":{"DisplayValue":"Pinsheng","Label":"Brand","Locale":"es_ES"},"Manufacturer":{"DisplayValue":"Pinsheng","Label":"Manufacturer","Locale":"es_ES"}},"Title":{"DisplayValue":"Pinsheng Tirantes Transparentes Sujetador 4 Pares Transparente Hombro Tirantes Claro Sujetador Correas Correas Transparentes Invisibles Antideslizantes de Sujetador para Mujer","Label":"Title","Locale":"es_ES"}},"Offers":{"Summaries":[{"Condition":{"Value":"New"},"LowestPrice":{"Amount":3.99,"Currency":"EUR","DisplayAmount":"3,99 €"}}]}},{"ASIN":"B09C376BCW","DetailPageURL":"https://www.amazon.es/dp/B09C376BCW?tag=topinalambricos-21&linkCode=osi&th=1&psc=1","Images":{"Primary":{"Small":{"Height":75,"URL":"https://m.media-amazon.com/images/I/31DDHCgK0lL._SL75_.jpg","Width":75}}},"ItemInfo":{"ByLineInfo":{"Brand":{"DisplayValue":"Jiakalamo","Label":"Brand","Locale":"es_ES"},"Manufacturer":{"DisplayValue":"Jiakalamo","Label":"Manufacturer","Locale":"es_ES"}},"Title":{"DisplayValue":"Jiakalamo Paraguas transparente plegable, Paraguas transparente automático para bodas , Paraguas transparente plegable mujer antiviento niño bodas travel ,Cierre automático Paraguas","Label":"Title","Locale":"es_ES"}},"Offers":{"Summaries":[{"Condition":{"Value":"New"},"LowestPrice":{"Amount":16.3,"Currency":"EUR","DisplayAmount":"16,30 €"}}]}},{"ASIN":"B081RPLNK1","DetailPageURL":"https://www.amazon.es/dp/B081RPLNK1?tag=topinalambricos-21&linkCode=osi&th=1&psc=1","Images":{"Primary":{"Small":{"Height":75,"URL":"https://m.media-amazon.com/images/I/4146RIkJjkL._SL75_.jpg","Width":75}}},"ItemInfo":{"ByLineInfo":{"Brand":{"DisplayValue":"WENTS","Label":"Brand","Locale":"es_ES"}},"Title":{"DisplayValue":"WENTS Bolsa Transparente de PVC Bolsa Transparente con Bolsillos con Cremallera y Correa para el Hombro Desmontable Cremallera Neceser De Cosmeticos De Mano Gran Capacidad","Label":"Title","Locale":"es_ES"}},"Offers":{"Summaries":[{"Condition":{"Value":"New"},"LowestPrice":{"Amount":11.67,"Currency":"EUR","DisplayAmount":"11,67 €"}}]}},{"ASIN":"B0BNQN89QF","DetailPageURL":"https://www.amazon.es/dp/B0BNQN89QF?tag=topinalambricos-21&linkCode=osi&th=1&psc=1","Images":{"Primary":{"Small":{"Height":75,"URL":"https://m.media-amazon.com/images/I/41m+zixsAKL._SL75_.jpg","Width":75}}},"ItemInfo":{"ByLineInfo":{"Brand":{"DisplayValue":"PUERHUACI","Label":"Brand","Locale":"es_ES"}},"Title":{"DisplayValue":"Neceser Transparente Viaje Avion,Bolsa Liquidos Avion,6 Piezas Bolso Transparente,19x14cm Neceser Viaje Avion,Bolsa Transparente Multifunción con Cremallera","Label":"Title","Locale":"es_ES"}},"Offers":{"Summaries":[{"Condition":{"Value":"New"},"LowestPrice":{"Amount":13.89,"Currency":"EUR","DisplayAmount":"13,89 €"}}]}},{"ASIN":"B0BVVKZLHT","DetailPageURL":"https://www.amazon.es/dp/B0BVVKZLHT?tag=topinalambricos-21&linkCode=osi&th=1&psc=1","Images":{"Primary":{"Small":{"Height":75,"URL":"https://m.media-amazon.com/images/I/41zd76ozzyL._SL75_.jpg","Width":75}}},"ItemInfo":{"ByLineInfo":{"Brand":{"DisplayValue":"Aucuu","Label":"Brand","Locale":"es_ES"},"Manufacturer":{"DisplayValue":"Aucuu®-EU","Label":"Manufacturer","Locale":"es_ES"}},"Title":{"DisplayValue":"Aucuu 4PCS Neceser Hombre, Transparente Neceser Viaje Avion, Bolsa liquidos Avion, Bolsa de Aseo Organizador Mujer, Viajes Accesorios, 20x20cm (Gris+ Cuerda)","Label":"Title","Locale":"es_ES"}},"Offers":{"Summaries":[{"Condition":{"Value":"New"},"LowestPrice":{"Amount":7.98,"Currency":"EUR","DisplayAmount":"7,98 €"}}]}},{"ASIN":"B0BWTJMHXF","DetailPageURL":"https://www.amazon.es/dp/B0BWTJMHXF?tag=topinalambricos-21&linkCode=osi&th=1&psc=1","Images":{"Primary":{"Small":{"Height":75,"URL":"https://m.media-amazon.com/images/I/51-Gsh1xTvL._SL75_.jpg","Width":75}}},"ItemInfo":{"ByLineInfo":{"Brand":{"DisplayValue":"talifoca","Label":"Brand","Locale":"es_ES"},"Manufacturer":{"DisplayValue":"TALIFOCA","Label":"Manufacturer","Locale":"es_ES"}},"Title":{"DisplayValue":"3 Piezas Neceser de Aseo Transparente, Bolsas Transparentes de Avión,Bolsas de Aseo Transparente,Mujer Bolsa de Cosmético Organizador,Kit de Viaje para Avión, para Mujeres y Hombres","Label":"Title","Locale":"es_ES"}},"Offers":{"Summaries":[{"Condition":{"Value":"New"},"LowestPrice":{"Amount":8.99,"Currency":"EUR","DisplayAmount":"8,99 €"}}]}},{"ASIN":"B08YNGRXNK","DetailPageURL":"https://www.amazon.es/dp/B08YNGRXNK?tag=topinalambricos-21&linkCode=osi&th=1&psc=1","Images":{"Primary":{"Small":{"Height":75,"URL":"https://m.media-amazon.com/images/I/4158WjUfRlL._SL75_.jpg","Width":75}}},"ItemInfo":{"ByLineInfo":{"Brand":{"DisplayValue":"Casio","Label":"Brand","Locale":"es_ES"},"Manufacturer":{"DisplayValue":"CASIO","Label":"Manufacturer","Locale":"es_ES"}},"Title":{"DisplayValue":"Casio Unisex-adultos Digital GA-2100SKE-7AER","Label":"Title","Locale":"es_ES"}},"Offers":{"Summaries":[{"Condition":{"Value":"New"},"LowestPrice":{"Amount":83.59,"Currency":"EUR","DisplayAmount":"83,59 €"}}]}},{"ASIN":"B0CH9FT7L6","DetailPageURL":"https://www.amazon.es/dp/B0CH9FT7L6?tag=topinalambricos-21&linkCode=osi&th=1&psc=1","Images":{"Primary":{"Small":{"Height":75,"URL":"https://m.media-amazon.com/images/I/41Zy4SoABVL._SL75_.jpg","Width":75}}},"ItemInfo":{"ByLineInfo":{"Brand":{"DisplayValue":"Smilbaley","Label":"Brand","Locale":"es_ES"},"Manufacturer":{"DisplayValue":"D-22","Label":"Manufacturer","Locale":"es_ES"}},"Title":{"DisplayValue":"Smilbaley 2 Piezas Bolsa de Gimnasia Transparente, Bolsa de Cincha Transparente, Bolsa de Gimnasia Transparente con Cordón, para Escuelas, Exteriores, Gimnasios, Playas (35×45cm)","Label":"Title","Locale":"es_ES"}},"Offers":{"Summaries":[{"Condition":{"Value":"New"},"LowestPrice":{"Amount":14.99,"Currency":"EUR","DisplayAmount":"14,99 €"}}]}}],"SearchURL":"https://www.amazon.es/s?k=transparente&rh=n%3A14223378031%2Cp_n_availability%3A-1&tag=topinalambricos-21&linkCode=osi","TotalResultCount":306}},"40":{"SearchResult":{"Items":[{"ASIN":"B07GBN7JMK","DetailPageURL":"https://www.amazon.es/dp/B07GBN7JMK?tag=topinalambricos-21&linkCode=osi&th=1&psc=1","Images":{"Primary":{"Small":{"Height":75,"URL":"https://m.media-amazon.com/images/I/31vHA+wxLoL._SL75_.jpg","Width":70}}},"ItemInfo":{"ByLineInfo":{"Brand":{"DisplayValue":"Lancoon","Label":"Brand","Locale":"es_ES"},"Manufacturer":{"DisplayValue":"Lancoon","Label":"Manufacturer","Locale":"es_ES"}},"Title":{"DisplayValue":"Lancoon Paraguas Cúpula Transparente Mujer, 16 Costillas TamañO Grande A Prueba De Viento AutomáTico Abierto KS10White","Label":"Title","Locale":"es_ES"}},"Offers":{"Summaries":[{"Condition":{"Value":"New"},"LowestPrice":{"Amount":24.99,"Currency":"EUR","DisplayAmount":"24,99 €"}}]}},{"ASIN":"B0C4YLL3QG","DetailPageURL":"https://www.amazon.es/dp/B0C4YLL3QG?tag=topinalambricos-21&linkCode=osi&th=1&psc=1","Images":{"Primary":{"Small":{"Height":75,"URL":"https://m.media-amazon.com/images/I/312yqV-pibL._SL75_.jpg","Width":64}}},"ItemInfo":{"ByLineInfo":{"Brand":{"DisplayValue":"Jissta","Label":"Brand","Locale":"es_ES"},"Manufacturer":{"DisplayValue":"Jissta","Label":"Manufacturer","Locale":"es_ES"}},"Title":{"DisplayValue":"Jissta 4 neceseres Transparentes 20 * 20CM, Bolsa para líquidos de avión, Neceser portátil, Neceser de Viaje para Mujeres y Hombres con asa","Label":"Title","Locale":"es_ES"}},"Offers":{"Summaries":[{"Condition":{"Value":"New"},"LowestPrice":{"Amount":7.99,"Currency":"EUR","DisplayAmount":"7,99 €"}}]}},{"ASIN":"B0B1V8QLLT","DetailPageURL":"https://www.amazon.es/dp/B0B1V8QLLT?tag=topinalambricos-21&linkCode=osi&th=1&psc=1","Images":{"Primary":{"Small":{"Height":75,"URL":"https://m.media-amazon.com/images/I/41aMcaqaMBL._SL75_.jpg","Width":75}}},"ItemInfo":{"ByLineInfo":{"Brand":{"DisplayValue":"Pinsheng","Label":"Brand","Locale":"es_ES"},"Manufacturer":{"DisplayValue":"Pinsheng","Label":"Manufacturer","Locale":"es_ES"}},"Title":{"DisplayValue":"Pinsheng Tirantes Transparentes Sujetador 4 Pares Transparente Hombro Tirantes Claro Sujetador Correas Correas Transparentes Invisibles Antideslizantes de Sujetador para Mujer","Label":"Title","Locale":"es_ES"}},"Offers":{"Summaries":[{"Condition":{"Value":"New"},"LowestPrice":{"Amount":3.99,"Currency":"EUR","DisplayAmount":"3,99 €"}}]}},{"ASIN":"B09C376BCW","DetailPageURL":"https://www.amazon.es/dp/B09C376BCW?tag=topinalambricos-21&linkCode=osi&th=1&psc=1","Images":{"Primary":{"Small":{"Height":75,"URL":"https://m.media-amazon.com/images/I/31DDHCgK0lL._SL75_.jpg","Width":75}}},"ItemInfo":{"ByLineInfo":{"Brand":{"DisplayValue":"Jiakalamo","Label":"Brand","Locale":"es_ES"},"Manufacturer":{"DisplayValue":"Jiakalamo","Label":"Manufacturer","Locale":"es_ES"}},"Title":{"DisplayValue":"Jiakalamo Paraguas transparente plegable, Paraguas transparente automático para bodas , Paraguas transparente plegable mujer antiviento niño bodas travel ,Cierre automático Paraguas","Label":"Title","Locale":"es_ES"}},"Offers":{"Summaries":[{"Condition":{"Value":"New"},"LowestPrice":{"Amount":16.3,"Currency":"EUR","DisplayAmount":"16,30 €"}}]}},{"ASIN":"B081RPLNK1","DetailPageURL":"https://www.amazon.es/dp/B081RPLNK1?tag=topinalambricos-21&linkCode=osi&th=1&psc=1","Images":{"Primary":{"Small":{"Height":75,"URL":"https://m.media-amazon.com/images/I/4146RIkJjkL._SL75_.jpg","Width":75}}},"ItemInfo":{"ByLineInfo":{"Brand":{"DisplayValue":"WENTS","Label":"Brand","Locale":"es_ES"}},"Title":{"DisplayValue":"WENTS Bolsa Transparente de PVC Bolsa Transparente con Bolsillos con Cremallera y Correa para el Hombro Desmontable Cremallera Neceser De Cosmeticos De Mano Gran Capacidad","Label":"Title","Locale":"es_ES"}},"Offers":{"Summaries":[{"Condition":{"Value":"New"},"LowestPrice":{"Amount":11.67,"Currency":"EUR","DisplayAmount":"11,67 €"}}]}},{"ASIN":"B0BNQN89QF","DetailPageURL":"https://www.amazon.es/dp/B0BNQN89QF?tag=topinalambricos-21&linkCode=osi&th=1&psc=1","Images":{"Primary":{"Small":{"Height":75,"URL":"https://m.media-amazon.com/images/I/41m+zixsAKL._SL75_.jpg","Width":75}}},"ItemInfo":{"ByLineInfo":{"Brand":{"DisplayValue":"PUERHUACI","Label":"Brand","Locale":"es_ES"}},"Title":{"DisplayValue":"Neceser Transparente Viaje Avion,Bolsa Liquidos Avion,6 Piezas Bolso Transparente,19x14cm Neceser Viaje Avion,Bolsa Transparente Multifunción con Cremallera","Label":"Title","Locale":"es_ES"}},"Offers":{"Summaries":[{"Condition":{"Value":"New"},"LowestPrice":{"Amount":13.89,"Currency":"EUR","DisplayAmount":"13,89 €"}}]}},{"ASIN":"B0BVVKZLHT","DetailPageURL":"https://www.amazon.es/dp/B0BVVKZLHT?tag=topinalambricos-21&linkCode=osi&th=1&psc=1","Images":{"Primary":{"Small":{"Height":75,"URL":"https://m.media-amazon.com/images/I/41zd76ozzyL._SL75_.jpg","Width":75}}},"ItemInfo":{"ByLineInfo":{"Brand":{"DisplayValue":"Aucuu","Label":"Brand","Locale":"es_ES"},"Manufacturer":{"DisplayValue":"Aucuu®-EU","Label":"Manufacturer","Locale":"es_ES"}},"Title":{"DisplayValue":"Aucuu 4PCS Neceser Hombre, Transparente Neceser Viaje Avion, Bolsa liquidos Avion, Bolsa de Aseo Organizador Mujer, Viajes Accesorios, 20x20cm (Gris+ Cuerda)","Label":"Title","Locale":"es_ES"}},"Offers":{"Summaries":[{"Condition":{"Value":"New"},"LowestPrice":{"Amount":7.98,"Currency":"EUR","DisplayAmount":"7,98 €"}}]}},{"ASIN":"B0BWTJMHXF","DetailPageURL":"https://www.amazon.es/dp/B0BWTJMHXF?tag=topinalambricos-21&linkCode=osi&th=1&psc=1","Images":{"Primary":{"Small":{"Height":75,"URL":"https://m.media-amazon.com/images/I/51-Gsh1xTvL._SL75_.jpg","Width":75}}},"ItemInfo":{"ByLineInfo":{"Brand":{"DisplayValue":"talifoca","Label":"Brand","Locale":"es_ES"},"Manufacturer":{"DisplayValue":"TALIFOCA","Label":"Manufacturer","Locale":"es_ES"}},"Title":{"DisplayValue":"3 Piezas Neceser de Aseo Transparente, Bolsas Transparentes de Avión,Bolsas de Aseo Transparente,Mujer Bolsa de Cosmético Organizador,Kit de Viaje para Avión, para Mujeres y Hombres","Label":"Title","Locale":"es_ES"}},"Offers":{"Summaries":[{"Condition":{"Value":"New"},"LowestPrice":{"Amount":8.99,"Currency":"EUR","DisplayAmount":"8,99 €"}}]}},{"ASIN":"B08YNGRXNK","DetailPageURL":"https://www.amazon.es/dp/B08YNGRXNK?tag=topinalambricos-21&linkCode=osi&th=1&psc=1","Images":{"Primary":{"Small":{"Height":75,"URL":"https://m.media-amazon.com/images/I/4158WjUfRlL._SL75_.jpg","Width":75}}},"ItemInfo":{"ByLineInfo":{"Brand":{"DisplayValue":"Casio","Label":"Brand","Locale":"es_ES"},"Manufacturer":{"DisplayValue":"CASIO","Label":"Manufacturer","Locale":"es_ES"}},"Title":{"DisplayValue":"Casio Unisex-adultos Digital GA-2100SKE-7AER","Label":"Title","Locale":"es_ES"}},"Offers":{"Summaries":[{"Condition":{"Value":"New"},"LowestPrice":{"Amount":83.59,"Currency":"EUR","DisplayAmount":"83,59 €"}}]}},{"ASIN":"B0CH9FT7L6","DetailPageURL":"https://www.amazon.es/dp/B0CH9FT7L6?tag=topinalambricos-21&linkCode=osi&th=1&psc=1","Images":{"Primary":{"Small":{"Height":75,"URL":"https://m.media-amazon.com/images/I/41Zy4SoABVL._SL75_.jpg","Width":75}}},"ItemInfo":{"ByLineInfo":{"Brand":{"DisplayValue":"Smilbaley","Label":"Brand","Locale":"es_ES"},"Manufacturer":{"DisplayValue":"D-22","Label":"Manufacturer","Locale":"es_ES"}},"Title":{"DisplayValue":"Smilbaley 2 Piezas Bolsa de Gimnasia Transparente, Bolsa de Cincha Transparente, Bolsa de Gimnasia Transparente con Cordón, para Escuelas, Exteriores, Gimnasios, Playas (35×45cm)","Label":"Title","Locale":"es_ES"}},"Offers":{"Summaries":[{"Condition":{"Value":"New"},"LowestPrice":{"Amount":14.99,"Currency":"EUR","DisplayAmount":"14,99 €"}}]}}],"SearchURL":"https://www.amazon.es/s?k=transparente&rh=n%3A14223378031%2Cp_n_availability%3A-1&tag=topinalambricos-21&linkCode=osi","TotalResultCount":306}},"41":{"SearchResult":{"Items":[{"ASIN":"B07GBN7JMK","DetailPageURL":"https://www.amazon.es/dp/B07GBN7JMK?tag=topinalambricos-21&linkCode=osi&th=1&psc=1","Images":{"Primary":{"Small":{"Height":75,"URL":"https://m.media-amazon.com/images/I/31vHA+wxLoL._SL75_.jpg","Width":70}}},"ItemInfo":{"ByLineInfo":{"Brand":{"DisplayValue":"Lancoon","Label":"Brand","Locale":"es_ES"},"Manufacturer":{"DisplayValue":"Lancoon","Label":"Manufacturer","Locale":"es_ES"}},"Title":{"DisplayValue":"Lancoon Paraguas Cúpula Transparente Mujer, 16 Costillas TamañO Grande A Prueba De Viento AutomáTico Abierto KS10White","Label":"Title","Locale":"es_ES"}},"Offers":{"Summaries":[{"Condition":{"Value":"New"},"LowestPrice":{"Amount":24.99,"Currency":"EUR","DisplayAmount":"24,99 €"}}]}},{"ASIN":"B0C4YLL3QG","DetailPageURL":"https://www.amazon.es/dp/B0C4YLL3QG?tag=topinalambricos-21&linkCode=osi&th=1&psc=1","Images":{"Primary":{"Small":{"Height":75,"URL":"https://m.media-amazon.com/images/I/312yqV-pibL._SL75_.jpg","Width":64}}},"ItemInfo":{"ByLineInfo":{"Brand":{"DisplayValue":"Jissta","Label":"Brand","Locale":"es_ES"},"Manufacturer":{"DisplayValue":"Jissta","Label":"Manufacturer","Locale":"es_ES"}},"Title":{"DisplayValue":"Jissta 4 neceseres Transparentes 20 * 20CM, Bolsa para líquidos de avión, Neceser portátil, Neceser de Viaje para Mujeres y Hombres con asa","Label":"Title","Locale":"es_ES"}},"Offers":{"Summaries":[{"Condition":{"Value":"New"},"LowestPrice":{"Amount":7.99,"Currency":"EUR","DisplayAmount":"7,99 €"}}]}},{"ASIN":"B0B1V8QLLT","DetailPageURL":"https://www.amazon.es/dp/B0B1V8QLLT?tag=topinalambricos-21&linkCode=osi&th=1&psc=1","Images":{"Primary":{"Small":{"Height":75,"URL":"https://m.media-amazon.com/images/I/41aMcaqaMBL._SL75_.jpg","Width":75}}},"ItemInfo":{"ByLineInfo":{"Brand":{"DisplayValue":"Pinsheng","Label":"Brand","Locale":"es_ES"},"Manufacturer":{"DisplayValue":"Pinsheng","Label":"Manufacturer","Locale":"es_ES"}},"Title":{"DisplayValue":"Pinsheng Tirantes Transparentes Sujetador 4 Pares Transparente Hombro Tirantes Claro Sujetador Correas Correas Transparentes Invisibles Antideslizantes de Sujetador para Mujer","Label":"Title","Locale":"es_ES"}},"Offers":{"Summaries":[{"Condition":{"Value":"New"},"LowestPrice":{"Amount":3.99,"Currency":"EUR","DisplayAmount":"3,99 €"}}]}},{"ASIN":"B09C376BCW","DetailPageURL":"https://www.amazon.es/dp/B09C376BCW?tag=topinalambricos-21&linkCode=osi&th=1&psc=1","Images":{"Primary":{"Small":{"Height":75,"URL":"https://m.media-amazon.com/images/I/31DDHCgK0lL._SL75_.jpg","Width":75}}},"ItemInfo":{"ByLineInfo":{"Brand":{"DisplayValue":"Jiakalamo","Label":"Brand","Locale":"es_ES"},"Manufacturer":{"DisplayValue":"Jiakalamo","Label":"Manufacturer","Locale":"es_ES"}},"Title":{"DisplayValue":"Jiakalamo Paraguas transparente plegable, Paraguas transparente automático para bodas , Paraguas transparente plegable mujer antiviento niño bodas travel ,Cierre automático Paraguas","Label":"Title","Locale":"es_ES"}},"Offers":{"Summaries":[{"Condition":{"Value":"New"},"LowestPrice":{"Amount":16.3,"Currency":"EUR","DisplayAmount":"16,30 €"}}]}},{"ASIN":"B081RPLNK1","DetailPageURL":"https://www.amazon.es/dp/B081RPLNK1?tag=topinalambricos-21&linkCode=osi&th=1&psc=1","Images":{"Primary":{"Small":{"Height":75,"URL":"https://m.media-amazon.com/images/I/4146RIkJjkL._SL75_.jpg","Width":75}}},"ItemInfo":{"ByLineInfo":{"Brand":{"DisplayValue":"WENTS","Label":"Brand","Locale":"es_ES"}},"Title":{"DisplayValue":"WENTS Bolsa Transparente de PVC Bolsa Transparente con Bolsillos con Cremallera y Correa para el Hombro Desmontable Cremallera Neceser De Cosmeticos De Mano Gran Capacidad","Label":"Title","Locale":"es_ES"}},"Offers":{"Summaries":[{"Condition":{"Value":"New"},"LowestPrice":{"Amount":11.67,"Currency":"EUR","DisplayAmount":"11,67 €"}}]}},{"ASIN":"B0BNQN89QF","DetailPageURL":"https://www.amazon.es/dp/B0BNQN89QF?tag=topinalambricos-21&linkCode=osi&th=1&psc=1","Images":{"Primary":{"Small":{"Height":75,"URL":"https://m.media-amazon.com/images/I/41m+zixsAKL._SL75_.jpg","Width":75}}},"ItemInfo":{"ByLineInfo":{"Brand":{"DisplayValue":"PUERHUACI","Label":"Brand","Locale":"es_ES"}},"Title":{"DisplayValue":"Neceser Transparente Viaje Avion,Bolsa Liquidos Avion,6 Piezas Bolso Transparente,19x14cm Neceser Viaje Avion,Bolsa Transparente Multifunción con Cremallera","Label":"Title","Locale":"es_ES"}},"Offers":{"Summaries":[{"Condition":{"Value":"New"},"LowestPrice":{"Amount":13.89,"Currency":"EUR","DisplayAmount":"13,89 €"}}]}},{"ASIN":"B0BVVKZLHT","DetailPageURL":"https://www.amazon.es/dp/B0BVVKZLHT?tag=topinalambricos-21&linkCode=osi&th=1&psc=1","Images":{"Primary":{"Small":{"Height":75,"URL":"https://m.media-amazon.com/images/I/41zd76ozzyL._SL75_.jpg","Width":75}}},"ItemInfo":{"ByLineInfo":{"Brand":{"DisplayValue":"Aucuu","Label":"Brand","Locale":"es_ES"},"Manufacturer":{"DisplayValue":"Aucuu®-EU","Label":"Manufacturer","Locale":"es_ES"}},"Title":{"DisplayValue":"Aucuu 4PCS Neceser Hombre, Transparente Neceser Viaje Avion, Bolsa liquidos Avion, Bolsa de Aseo Organizador Mujer, Viajes Accesorios, 20x20cm (Gris+ Cuerda)","Label":"Title","Locale":"es_ES"}},"Offers":{"Summaries":[{"Condition":{"Value":"New"},"LowestPrice":{"Amount":7.98,"Currency":"EUR","DisplayAmount":"7,98 €"}}]}},{"ASIN":"B0BWTJMHXF","DetailPageURL":"https://www.amazon.es/dp/B0BWTJMHXF?tag=topinalambricos-21&linkCode=osi&th=1&psc=1","Images":{"Primary":{"Small":{"Height":75,"URL":"https://m.media-amazon.com/images/I/51-Gsh1xTvL._SL75_.jpg","Width":75}}},"ItemInfo":{"ByLineInfo":{"Brand":{"DisplayValue":"talifoca","Label":"Brand","Locale":"es_ES"},"Manufacturer":{"DisplayValue":"TALIFOCA","Label":"Manufacturer","Locale":"es_ES"}},"Title":{"DisplayValue":"3 Piezas Neceser de Aseo Transparente, Bolsas Transparentes de Avión,Bolsas de Aseo Transparente,Mujer Bolsa de Cosmético Organizador,Kit de Viaje para Avión, para Mujeres y Hombres","Label":"Title","Locale":"es_ES"}},"Offers":{"Summaries":[{"Condition":{"Value":"New"},"LowestPrice":{"Amount":8.99,"Currency":"EUR","DisplayAmount":"8,99 €"}}]}},{"ASIN":"B08YNGRXNK","DetailPageURL":"https://www.amazon.es/dp/B08YNGRXNK?tag=topinalambricos-21&linkCode=osi&th=1&psc=1","Images":{"Primary":{"Small":{"Height":75,"URL":"https://m.media-amazon.com/images/I/4158WjUfRlL._SL75_.jpg","Width":75}}},"ItemInfo":{"ByLineInfo":{"Brand":{"DisplayValue":"Casio","Label":"Brand","Locale":"es_ES"},"Manufacturer":{"DisplayValue":"CASIO","Label":"Manufacturer","Locale":"es_ES"}},"Title":{"DisplayValue":"Casio Unisex-adultos Digital GA-2100SKE-7AER","Label":"Title","Locale":"es_ES"}},"Offers":{"Summaries":[{"Condition":{"Value":"New"},"LowestPrice":{"Amount":83.59,"Currency":"EUR","DisplayAmount":"83,59 €"}}]}},{"ASIN":"B0CH9FT7L6","DetailPageURL":"https://www.amazon.es/dp/B0CH9FT7L6?tag=topinalambricos-21&linkCode=osi&th=1&psc=1","Images":{"Primary":{"Small":{"Height":75,"URL":"https://m.media-amazon.com/images/I/41Zy4SoABVL._SL75_.jpg","Width":75}}},"ItemInfo":{"ByLineInfo":{"Brand":{"DisplayValue":"Smilbaley","Label":"Brand","Locale":"es_ES"},"Manufacturer":{"DisplayValue":"D-22","Label":"Manufacturer","Locale":"es_ES"}},"Title":{"DisplayValue":"Smilbaley 2 Piezas Bolsa de Gimnasia Transparente, Bolsa de Cincha Transparente, Bolsa de Gimnasia Transparente con Cordón, para Escuelas, Exteriores, Gimnasios, Playas (35×45cm)","Label":"Title","Locale":"es_ES"}},"Offers":{"Summaries":[{"Condition":{"Value":"New"},"LowestPrice":{"Amount":14.99,"Currency":"EUR","DisplayAmount":"14,99 €"}}]}}],"SearchURL":"https://www.amazon.es/s?k=transparente&rh=n%3A14223378031%2Cp_n_availability%3A-1&tag=topinalambricos-21&linkCode=osi","TotalResultCount":306}},"42":{"SearchResult":{"Items":[{"ASIN":"B07GBN7JMK","DetailPageURL":"https://www.amazon.es/dp/B07GBN7JMK?tag=topinalambricos-21&linkCode=osi&th=1&psc=1","Images":{"Primary":{"Small":{"Height":75,"URL":"https://m.media-amazon.com/images/I/31vHA+wxLoL._SL75_.jpg","Width":70}}},"ItemInfo":{"ByLineInfo":{"Brand":{"DisplayValue":"Lancoon","Label":"Brand","Locale":"es_ES"},"Manufacturer":{"DisplayValue":"Lancoon","Label":"Manufacturer","Locale":"es_ES"}},"Title":{"DisplayValue":"Lancoon Paraguas Cúpula Transparente Mujer, 16 Costillas TamañO Grande A Prueba De Viento AutomáTico Abierto KS10White","Label":"Title","Locale":"es_ES"}},"Offers":{"Summaries":[{"Condition":{"Value":"New"},"LowestPrice":{"Amount":24.99,"Currency":"EUR","DisplayAmount":"24,99 €"}}]}},{"ASIN":"B0C4YLL3QG","DetailPageURL":"https://www.amazon.es/dp/B0C4YLL3QG?tag=topinalambricos-21&linkCode=osi&th=1&psc=1","Images":{"Primary":{"Small":{"Height":75,"URL":"https://m.media-amazon.com/images/I/312yqV-pibL._SL75_.jpg","Width":64}}},"ItemInfo":{"ByLineInfo":{"Brand":{"DisplayValue":"Jissta","Label":"Brand","Locale":"es_ES"},"Manufacturer":{"DisplayValue":"Jissta","Label":"Manufacturer","Locale":"es_ES"}},"Title":{"DisplayValue":"Jissta 4 neceseres Transparentes 20 * 20CM, Bolsa para líquidos de avión, Neceser portátil, Neceser de Viaje para Mujeres y Hombres con asa","Label":"Title","Locale":"es_ES"}},"Offers":{"Summaries":[{"Condition":{"Value":"New"},"LowestPrice":{"Amount":7.99,"Currency":"EUR","DisplayAmount":"7,99 €"}}]}},{"ASIN":"B0B1V8QLLT","DetailPageURL":"https://www.amazon.es/dp/B0B1V8QLLT?tag=topinalambricos-21&linkCode=osi&th=1&psc=1","Images":{"Primary":{"Small":{"Height":75,"URL":"https://m.media-amazon.com/images/I/41aMcaqaMBL._SL75_.jpg","Width":75}}},"ItemInfo":{"ByLineInfo":{"Brand":{"DisplayValue":"Pinsheng","Label":"Brand","Locale":"es_ES"},"Manufacturer":{"DisplayValue":"Pinsheng","Label":"Manufacturer","Locale":"es_ES"}},"Title":{"DisplayValue":"Pinsheng Tirantes Transparentes Sujetador 4 Pares Transparente Hombro Tirantes Claro Sujetador Correas Correas Transparentes Invisibles Antideslizantes de Sujetador para Mujer","Label":"Title","Locale":"es_ES"}},"Offers":{"Summaries":[{"Condition":{"Value":"New"},"LowestPrice":{"Amount":3.99,"Currency":"EUR","DisplayAmount":"3,99 €"}}]}},{"ASIN":"B09C376BCW","DetailPageURL":"https://www.amazon.es/dp/B09C376BCW?tag=topinalambricos-21&linkCode=osi&th=1&psc=1","Images":{"Primary":{"Small":{"Height":75,"URL":"https://m.media-amazon.com/images/I/31DDHCgK0lL._SL75_.jpg","Width":75}}},"ItemInfo":{"ByLineInfo":{"Brand":{"DisplayValue":"Jiakalamo","Label":"Brand","Locale":"es_ES"},"Manufacturer":{"DisplayValue":"Jiakalamo","Label":"Manufacturer","Locale":"es_ES"}},"Title":{"DisplayValue":"Jiakalamo Paraguas transparente plegable, Paraguas transparente automático para bodas , Paraguas transparente plegable mujer antiviento niño bodas travel ,Cierre automático Paraguas","Label":"Title","Locale":"es_ES"}},"Offers":{"Summaries":[{"Condition":{"Value":"New"},"LowestPrice":{"Amount":16.3,"Currency":"EUR","DisplayAmount":"16,30 €"}}]}},{"ASIN":"B081RPLNK1","DetailPageURL":"https://www.amazon.es/dp/B081RPLNK1?tag=topinalambricos-21&linkCode=osi&th=1&psc=1","Images":{"Primary":{"Small":{"Height":75,"URL":"https://m.media-amazon.com/images/I/4146RIkJjkL._SL75_.jpg","Width":75}}},"ItemInfo":{"ByLineInfo":{"Brand":{"DisplayValue":"WENTS","Label":"Brand","Locale":"es_ES"}},"Title":{"DisplayValue":"WENTS Bolsa Transparente de PVC Bolsa Transparente con Bolsillos con Cremallera y Correa para el Hombro Desmontable Cremallera Neceser De Cosmeticos De Mano Gran Capacidad","Label":"Title","Locale":"es_ES"}},"Offers":{"Summaries":[{"Condition":{"Value":"New"},"LowestPrice":{"Amount":11.67,"Currency":"EUR","DisplayAmount":"11,67 €"}}]}},{"ASIN":"B0BNQN89QF","DetailPageURL":"https://www.amazon.es/dp/B0BNQN89QF?tag=topinalambricos-21&linkCode=osi&th=1&psc=1","Images":{"Primary":{"Small":{"Height":75,"URL":"https://m.media-amazon.com/images/I/41m+zixsAKL._SL75_.jpg","Width":75}}},"ItemInfo":{"ByLineInfo":{"Brand":{"DisplayValue":"PUERHUACI","Label":"Brand","Locale":"es_ES"}},"Title":{"DisplayValue":"Neceser Transparente Viaje Avion,Bolsa Liquidos Avion,6 Piezas Bolso Transparente,19x14cm Neceser Viaje Avion,Bolsa Transparente Multifunción con Cremallera","Label":"Title","Locale":"es_ES"}},"Offers":{"Summaries":[{"Condition":{"Value":"New"},"LowestPrice":{"Amount":13.89,"Currency":"EUR","DisplayAmount":"13,89 €"}}]}},{"ASIN":"B0BVVKZLHT","DetailPageURL":"https://www.amazon.es/dp/B0BVVKZLHT?tag=topinalambricos-21&linkCode=osi&th=1&psc=1","Images":{"Primary":{"Small":{"Height":75,"URL":"https://m.media-amazon.com/images/I/41zd76ozzyL._SL75_.jpg","Width":75}}},"ItemInfo":{"ByLineInfo":{"Brand":{"DisplayValue":"Aucuu","Label":"Brand","Locale":"es_ES"},"Manufacturer":{"DisplayValue":"Aucuu®-EU","Label":"Manufacturer","Locale":"es_ES"}},"Title":{"DisplayValue":"Aucuu 4PCS Neceser Hombre, Transparente Neceser Viaje Avion, Bolsa liquidos Avion, Bolsa de Aseo Organizador Mujer, Viajes Accesorios, 20x20cm (Gris+ Cuerda)","Label":"Title","Locale":"es_ES"}},"Offers":{"Summaries":[{"Condition":{"Value":"New"},"LowestPrice":{"Amount":7.98,"Currency":"EUR","DisplayAmount":"7,98 €"}}]}},{"ASIN":"B0BWTJMHXF","DetailPageURL":"https://www.amazon.es/dp/B0BWTJMHXF?tag=topinalambricos-21&linkCode=osi&th=1&psc=1","Images":{"Primary":{"Small":{"Height":75,"URL":"https://m.media-amazon.com/images/I/51-Gsh1xTvL._SL75_.jpg","Width":75}}},"ItemInfo":{"ByLineInfo":{"Brand":{"DisplayValue":"talifoca","Label":"Brand","Locale":"es_ES"},"Manufacturer":{"DisplayValue":"TALIFOCA","Label":"Manufacturer","Locale":"es_ES"}},"Title":{"DisplayValue":"3 Piezas Neceser de Aseo Transparente, Bolsas Transparentes de Avión,Bolsas de Aseo Transparente,Mujer Bolsa de Cosmético Organizador,Kit de Viaje para Avión, para Mujeres y Hombres","Label":"Title","Locale":"es_ES"}},"Offers":{"Summaries":[{"Condition":{"Value":"New"},"LowestPrice":{"Amount":8.99,"Currency":"EUR","DisplayAmount":"8,99 €"}}]}},{"ASIN":"B08YNGRXNK","DetailPageURL":"https://www.amazon.es/dp/B08YNGRXNK?tag=topinalambricos-21&linkCode=osi&th=1&psc=1","Images":{"Primary":{"Small":{"Height":75,"URL":"https://m.media-amazon.com/images/I/4158WjUfRlL._SL75_.jpg","Width":75}}},"ItemInfo":{"ByLineInfo":{"Brand":{"DisplayValue":"Casio","Label":"Brand","Locale":"es_ES"},"Manufacturer":{"DisplayValue":"CASIO","Label":"Manufacturer","Locale":"es_ES"}},"Title":{"DisplayValue":"Casio Unisex-adultos Digital GA-2100SKE-7AER","Label":"Title","Locale":"es_ES"}},"Offers":{"Summaries":[{"Condition":{"Value":"New"},"LowestPrice":{"Amount":83.59,"Currency":"EUR","DisplayAmount":"83,59 €"}}]}},{"ASIN":"B0CH9FT7L6","DetailPageURL":"https://www.amazon.es/dp/B0CH9FT7L6?tag=topinalambricos-21&linkCode=osi&th=1&psc=1","Images":{"Primary":{"Small":{"Height":75,"URL":"https://m.media-amazon.com/images/I/41Zy4SoABVL._SL75_.jpg","Width":75}}},"ItemInfo":{"ByLineInfo":{"Brand":{"DisplayValue":"Smilbaley","Label":"Brand","Locale":"es_ES"},"Manufacturer":{"DisplayValue":"D-22","Label":"Manufacturer","Locale":"es_ES"}},"Title":{"DisplayValue":"Smilbaley 2 Piezas Bolsa de Gimnasia Transparente, Bolsa de Cincha Transparente, Bolsa de Gimnasia Transparente con Cordón, para Escuelas, Exteriores, Gimnasios, Playas (35×45cm)","Label":"Title","Locale":"es_ES"}},"Offers":{"Summaries":[{"Condition":{"Value":"New"},"LowestPrice":{"Amount":14.99,"Currency":"EUR","DisplayAmount":"14,99 €"}}]}}],"SearchURL":"https://www.amazon.es/s?k=transparente&rh=n%3A14223378031%2Cp_n_availability%3A-1&tag=topinalambricos-21&linkCode=osi","TotalResultCount":306}},"43":{"SearchResult":{"Items":[{"ASIN":"B07GBN7JMK","DetailPageURL":"https://www.amazon.es/dp/B07GBN7JMK?tag=topinalambricos-21&linkCode=osi&th=1&psc=1","Images":{"Primary":{"Small":{"Height":75,"URL":"https://m.media-amazon.com/images/I/31vHA+wxLoL._SL75_.jpg","Width":70}}},"ItemInfo":{"ByLineInfo":{"Brand":{"DisplayValue":"Lancoon","Label":"Brand","Locale":"es_ES"},"Manufacturer":{"DisplayValue":"Lancoon","Label":"Manufacturer","Locale":"es_ES"}},"Title":{"DisplayValue":"Lancoon Paraguas Cúpula Transparente Mujer, 16 Costillas TamañO Grande A Prueba De Viento AutomáTico Abierto KS10White","Label":"Title","Locale":"es_ES"}},"Offers":{"Summaries":[{"Condition":{"Value":"New"},"LowestPrice":{"Amount":24.99,"Currency":"EUR","DisplayAmount":"24,99 €"}}]}},{"ASIN":"B0C4YLL3QG","DetailPageURL":"https://www.amazon.es/dp/B0C4YLL3QG?tag=topinalambricos-21&linkCode=osi&th=1&psc=1","Images":{"Primary":{"Small":{"Height":75,"URL":"https://m.media-amazon.com/images/I/312yqV-pibL._SL75_.jpg","Width":64}}},"ItemInfo":{"ByLineInfo":{"Brand":{"DisplayValue":"Jissta","Label":"Brand","Locale":"es_ES"},"Manufacturer":{"DisplayValue":"Jissta","Label":"Manufacturer","Locale":"es_ES"}},"Title":{"DisplayValue":"Jissta 4 neceseres Transparentes 20 * 20CM, Bolsa para líquidos de avión, Neceser portátil, Neceser de Viaje para Mujeres y Hombres con asa","Label":"Title","Locale":"es_ES"}},"Offers":{"Summaries":[{"Condition":{"Value":"New"},"LowestPrice":{"Amount":7.99,"Currency":"EUR","DisplayAmount":"7,99 €"}}]}},{"ASIN":"B0B1V8QLLT","DetailPageURL":"https://www.amazon.es/dp/B0B1V8QLLT?tag=topinalambricos-21&linkCode=osi&th=1&psc=1","Images":{"Primary":{"Small":{"Height":75,"URL":"https://m.media-amazon.com/images/I/41aMcaqaMBL._SL75_.jpg","Width":75}}},"ItemInfo":{"ByLineInfo":{"Brand":{"DisplayValue":"Pinsheng","Label":"Brand","Locale":"es_ES"},"Manufacturer":{"DisplayValue":"Pinsheng","Label":"Manufacturer","Locale":"es_ES"}},"Title":{"DisplayValue":"Pinsheng Tirantes Transparentes Sujetador 4 Pares Transparente Hombro Tirantes Claro Sujetador Correas Correas Transparentes Invisibles Antideslizantes de Sujetador para Mujer","Label":"Title","Locale":"es_ES"}},"Offers":{"Summaries":[{"Condition":{"Value":"New"},"LowestPrice":{"Amount":3.99,"Currency":"EUR","DisplayAmount":"3,99 €"}}]}},{"ASIN":"B09C376BCW","DetailPageURL":"https://www.amazon.es/dp/B09C376BCW?tag=topinalambricos-21&linkCode=osi&th=1&psc=1","Images":{"Primary":{"Small":{"Height":75,"URL":"https://m.media-amazon.com/images/I/31DDHCgK0lL._SL75_.jpg","Width":75}}},"ItemInfo":{"ByLineInfo":{"Brand":{"DisplayValue":"Jiakalamo","Label":"Brand","Locale":"es_ES"},"Manufacturer":{"DisplayValue":"Jiakalamo","Label":"Manufacturer","Locale":"es_ES"}},"Title":{"DisplayValue":"Jiakalamo Paraguas transparente plegable, Paraguas transparente automático para bodas , Paraguas transparente plegable mujer antiviento niño bodas travel ,Cierre automático Paraguas","Label":"Title","Locale":"es_ES"}},"Offers":{"Summaries":[{"Condition":{"Value":"New"},"LowestPrice":{"Amount":16.3,"Currency":"EUR","DisplayAmount":"16,30 €"}}]}},{"ASIN":"B081RPLNK1","DetailPageURL":"https://www.amazon.es/dp/B081RPLNK1?tag=topinalambricos-21&linkCode=osi&th=1&psc=1","Images":{"Primary":{"Small":{"Height":75,"URL":"https://m.media-amazon.com/images/I/4146RIkJjkL._SL75_.jpg","Width":75}}},"ItemInfo":{"ByLineInfo":{"Brand":{"DisplayValue":"WENTS","Label":"Brand","Locale":"es_ES"}},"Title":{"DisplayValue":"WENTS Bolsa Transparente de PVC Bolsa Transparente con Bolsillos con Cremallera y Correa para el Hombro Desmontable Cremallera Neceser De Cosmeticos De Mano Gran Capacidad","Label":"Title","Locale":"es_ES"}},"Offers":{"Summaries":[{"Condition":{"Value":"New"},"LowestPrice":{"Amount":11.67,"Currency":"EUR","DisplayAmount":"11,67 €"}}]}},{"ASIN":"B0BNQN89QF","DetailPageURL":"https://www.amazon.es/dp/B0BNQN89QF?tag=topinalambricos-21&linkCode=osi&th=1&psc=1","Images":{"Primary":{"Small":{"Height":75,"URL":"https://m.media-amazon.com/images/I/41m+zixsAKL._SL75_.jpg","Width":75}}},"ItemInfo":{"ByLineInfo":{"Brand":{"DisplayValue":"PUERHUACI","Label":"Brand","Locale":"es_ES"}},"Title":{"DisplayValue":"Neceser Transparente Viaje Avion,Bolsa Liquidos Avion,6 Piezas Bolso Transparente,19x14cm Neceser Viaje Avion,Bolsa Transparente Multifunción con Cremallera","Label":"Title","Locale":"es_ES"}},"Offers":{"Summaries":[{"Condition":{"Value":"New"},"LowestPrice":{"Amount":13.89,"Currency":"EUR","DisplayAmount":"13,89 €"}}]}},{"ASIN":"B0BVVKZLHT","DetailPageURL":"https://www.amazon.es/dp/B0BVVKZLHT?tag=topinalambricos-21&linkCode=osi&th=1&psc=1","Images":{"Primary":{"Small":{"Height":75,"URL":"https://m.media-amazon.com/images/I/41zd76ozzyL._SL75_.jpg","Width":75}}},"ItemInfo":{"ByLineInfo":{"Brand":{"DisplayValue":"Aucuu","Label":"Brand","Locale":"es_ES"},"Manufacturer":{"DisplayValue":"Aucuu®-EU","Label":"Manufacturer","Locale":"es_ES"}},"Title":{"DisplayValue":"Aucuu 4PCS Neceser Hombre, Transparente Neceser Viaje Avion, Bolsa liquidos Avion, Bolsa de Aseo Organizador Mujer, Viajes Accesorios, 20x20cm (Gris+ Cuerda)","Label":"Title","Locale":"es_ES"}},"Offers":{"Summaries":[{"Condition":{"Value":"New"},"LowestPrice":{"Amount":7.98,"Currency":"EUR","DisplayAmount":"7,98 €"}}]}},{"ASIN":"B0BWTJMHXF","DetailPageURL":"https://www.amazon.es/dp/B0BWTJMHXF?tag=topinalambricos-21&linkCode=osi&th=1&psc=1","Images":{"Primary":{"Small":{"Height":75,"URL":"https://m.media-amazon.com/images/I/51-Gsh1xTvL._SL75_.jpg","Width":75}}},"ItemInfo":{"ByLineInfo":{"Brand":{"DisplayValue":"talifoca","Label":"Brand","Locale":"es_ES"},"Manufacturer":{"DisplayValue":"TALIFOCA","Label":"Manufacturer","Locale":"es_ES"}},"Title":{"DisplayValue":"3 Piezas Neceser de Aseo Transparente, Bolsas Transparentes de Avión,Bolsas de Aseo Transparente,Mujer Bolsa de Cosmético Organizador,Kit de Viaje para Avión, para Mujeres y Hombres","Label":"Title","Locale":"es_ES"}},"Offers":{"Summaries":[{"Condition":{"Value":"New"},"LowestPrice":{"Amount":8.99,"Currency":"EUR","DisplayAmount":"8,99 €"}}]}},{"ASIN":"B08YNGRXNK","DetailPageURL":"https://www.amazon.es/dp/B08YNGRXNK?tag=topinalambricos-21&linkCode=osi&th=1&psc=1","Images":{"Primary":{"Small":{"Height":75,"URL":"https://m.media-amazon.com/images/I/4158WjUfRlL._SL75_.jpg","Width":75}}},"ItemInfo":{"ByLineInfo":{"Brand":{"DisplayValue":"Casio","Label":"Brand","Locale":"es_ES"},"Manufacturer":{"DisplayValue":"CASIO","Label":"Manufacturer","Locale":"es_ES"}},"Title":{"DisplayValue":"Casio Unisex-adultos Digital GA-2100SKE-7AER","Label":"Title","Locale":"es_ES"}},"Offers":{"Summaries":[{"Condition":{"Value":"New"},"LowestPrice":{"Amount":83.59,"Currency":"EUR","DisplayAmount":"83,59 €"}}]}},{"ASIN":"B0CH9FT7L6","DetailPageURL":"https://www.amazon.es/dp/B0CH9FT7L6?tag=topinalambricos-21&linkCode=osi&th=1&psc=1","Images":{"Primary":{"Small":{"Height":75,"URL":"https://m.media-amazon.com/images/I/41Zy4SoABVL._SL75_.jpg","Width":75}}},"ItemInfo":{"ByLineInfo":{"Brand":{"DisplayValue":"Smilbaley","Label":"Brand","Locale":"es_ES"},"Manufacturer":{"DisplayValue":"D-22","Label":"Manufacturer","Locale":"es_ES"}},"Title":{"DisplayValue":"Smilbaley 2 Piezas Bolsa de Gimnasia Transparente, Bolsa de Cincha Transparente, Bolsa de Gimnasia Transparente con Cordón, para Escuelas, Exteriores, Gimnasios, Playas (35×45cm)","Label":"Title","Locale":"es_ES"}},"Offers":{"Summaries":[{"Condition":{"Value":"New"},"LowestPrice":{"Amount":14.99,"Currency":"EUR","DisplayAmount":"14,99 €"}}]}}],"SearchURL":"https://www.amazon.es/s?k=transparente&rh=n%3A14223378031%2Cp_n_availability%3A-1&tag=topinalambricos-21&linkCode=osi","TotalResultCount":306}},"44":{"SearchResult":{"Items":[{"ASIN":"B07GBN7JMK","DetailPageURL":"https://www.amazon.es/dp/B07GBN7JMK?tag=topinalambricos-21&linkCode=osi&th=1&psc=1","Images":{"Primary":{"Small":{"Height":75,"URL":"https://m.media-amazon.com/images/I/31vHA+wxLoL._SL75_.jpg","Width":70}}},"ItemInfo":{"ByLineInfo":{"Brand":{"DisplayValue":"Lancoon","Label":"Brand","Locale":"es_ES"},"Manufacturer":{"DisplayValue":"Lancoon","Label":"Manufacturer","Locale":"es_ES"}},"Title":{"DisplayValue":"Lancoon Paraguas Cúpula Transparente Mujer, 16 Costillas TamañO Grande A Prueba De Viento AutomáTico Abierto KS10White","Label":"Title","Locale":"es_ES"}},"Offers":{"Summaries":[{"Condition":{"Value":"New"},"LowestPrice":{"Amount":24.99,"Currency":"EUR","DisplayAmount":"24,99 €"}}]}},{"ASIN":"B0C4YLL3QG","DetailPageURL":"https://www.amazon.es/dp/B0C4YLL3QG?tag=topinalambricos-21&linkCode=osi&th=1&psc=1","Images":{"Primary":{"Small":{"Height":75,"URL":"https://m.media-amazon.com/images/I/312yqV-pibL._SL75_.jpg","Width":64}}},"ItemInfo":{"ByLineInfo":{"Brand":{"DisplayValue":"Jissta","Label":"Brand","Locale":"es_ES"},"Manufacturer":{"DisplayValue":"Jissta","Label":"Manufacturer","Locale":"es_ES"}},"Title":{"DisplayValue":"Jissta 4 neceseres Transparentes 20 * 20CM, Bolsa para líquidos de avión, Neceser portátil, Neceser de Viaje para Mujeres y Hombres con asa","Label":"Title","Locale":"es_ES"}},"Offers":{"Summaries":[{"Condition":{"Value":"New"},"LowestPrice":{"Amount":7.99,"Currency":"EUR","DisplayAmount":"7,99 €"}}]}},{"ASIN":"B0B1V8QLLT","DetailPageURL":"https://www.amazon.es/dp/B0B1V8QLLT?tag=topinalambricos-21&linkCode=osi&th=1&psc=1","Images":{"Primary":{"Small":{"Height":75,"URL":"https://m.media-amazon.com/images/I/41aMcaqaMBL._SL75_.jpg","Width":75}}},"ItemInfo":{"ByLineInfo":{"Brand":{"DisplayValue":"Pinsheng","Label":"Brand","Locale":"es_ES"},"Manufacturer":{"DisplayValue":"Pinsheng","Label":"Manufacturer","Locale":"es_ES"}},"Title":{"DisplayValue":"Pinsheng Tirantes Transparentes Sujetador 4 Pares Transparente Hombro Tirantes Claro Sujetador Correas Correas Transparentes Invisibles Antideslizantes de Sujetador para Mujer","Label":"Title","Locale":"es_ES"}},"Offers":{"Summaries":[{"Condition":{"Value":"New"},"LowestPrice":{"Amount":3.99,"Currency":"EUR","DisplayAmount":"3,99 €"}}]}},{"ASIN":"B09C376BCW","DetailPageURL":"https://www.amazon.es/dp/B09C376BCW?tag=topinalambricos-21&linkCode=osi&th=1&psc=1","Images":{"Primary":{"Small":{"Height":75,"URL":"https://m.media-amazon.com/images/I/31DDHCgK0lL._SL75_.jpg","Width":75}}},"ItemInfo":{"ByLineInfo":{"Brand":{"DisplayValue":"Jiakalamo","Label":"Brand","Locale":"es_ES"},"Manufacturer":{"DisplayValue":"Jiakalamo","Label":"Manufacturer","Locale":"es_ES"}},"Title":{"DisplayValue":"Jiakalamo Paraguas transparente plegable, Paraguas transparente automático para bodas , Paraguas transparente plegable mujer antiviento niño bodas travel ,Cierre automático Paraguas","Label":"Title","Locale":"es_ES"}},"Offers":{"Summaries":[{"Condition":{"Value":"New"},"LowestPrice":{"Amount":16.3,"Currency":"EUR","DisplayAmount":"16,30 €"}}]}},{"ASIN":"B081RPLNK1","DetailPageURL":"https://www.amazon.es/dp/B081RPLNK1?tag=topinalambricos-21&linkCode=osi&th=1&psc=1","Images":{"Primary":{"Small":{"Height":75,"URL":"https://m.media-amazon.com/images/I/4146RIkJjkL._SL75_.jpg","Width":75}}},"ItemInfo":{"ByLineInfo":{"Brand":{"DisplayValue":"WENTS","Label":"Brand","Locale":"es_ES"}},"Title":{"DisplayValue":"WENTS Bolsa Transparente de PVC Bolsa Transparente con Bolsillos con Cremallera y Correa para el Hombro Desmontable Cremallera Neceser De Cosmeticos De Mano Gran Capacidad","Label":"Title","Locale":"es_ES"}},"Offers":{"Summaries":[{"Condition":{"Value":"New"},"LowestPrice":{"Amount":11.67,"Currency":"EUR","DisplayAmount":"11,67 €"}}]}},{"ASIN":"B0BNQN89QF","DetailPageURL":"https://www.amazon.es/dp/B0BNQN89QF?tag=topinalambricos-21&linkCode=osi&th=1&psc=1","Images":{"Primary":{"Small":{"Height":75,"URL":"https://m.media-amazon.com/images/I/41m+zixsAKL._SL75_.jpg","Width":75}}},"ItemInfo":{"ByLineInfo":{"Brand":{"DisplayValue":"PUERHUACI","Label":"Brand","Locale":"es_ES"}},"Title":{"DisplayValue":"Neceser Transparente Viaje Avion,Bolsa Liquidos Avion,6 Piezas Bolso Transparente,19x14cm Neceser Viaje Avion,Bolsa Transparente Multifunción con Cremallera","Label":"Title","Locale":"es_ES"}},"Offers":{"Summaries":[{"Condition":{"Value":"New"},"LowestPrice":{"Amount":13.89,"Currency":"EUR","DisplayAmount":"13,89 €"}}]}},{"ASIN":"B0BVVKZLHT","DetailPageURL":"https://www.amazon.es/dp/B0BVVKZLHT?tag=topinalambricos-21&linkCode=osi&th=1&psc=1","Images":{"Primary":{"Small":{"Height":75,"URL":"https://m.media-amazon.com/images/I/41zd76ozzyL._SL75_.jpg","Width":75}}},"ItemInfo":{"ByLineInfo":{"Brand":{"DisplayValue":"Aucuu","Label":"Brand","Locale":"es_ES"},"Manufacturer":{"DisplayValue":"Aucuu®-EU","Label":"Manufacturer","Locale":"es_ES"}},"Title":{"DisplayValue":"Aucuu 4PCS Neceser Hombre, Transparente Neceser Viaje Avion, Bolsa liquidos Avion, Bolsa de Aseo Organizador Mujer, Viajes Accesorios, 20x20cm (Gris+ Cuerda)","Label":"Title","Locale":"es_ES"}},"Offers":{"Summaries":[{"Condition":{"Value":"New"},"LowestPrice":{"Amount":7.98,"Currency":"EUR","DisplayAmount":"7,98 €"}}]}},{"ASIN":"B0BWTJMHXF","DetailPageURL":"https://www.amazon.es/dp/B0BWTJMHXF?tag=topinalambricos-21&linkCode=osi&th=1&psc=1","Images":{"Primary":{"Small":{"Height":75,"URL":"https://m.media-amazon.com/images/I/51-Gsh1xTvL._SL75_.jpg","Width":75}}},"ItemInfo":{"ByLineInfo":{"Brand":{"DisplayValue":"talifoca","Label":"Brand","Locale":"es_ES"},"Manufacturer":{"DisplayValue":"TALIFOCA","Label":"Manufacturer","Locale":"es_ES"}},"Title":{"DisplayValue":"3 Piezas Neceser de Aseo Transparente, Bolsas Transparentes de Avión,Bolsas de Aseo Transparente,Mujer Bolsa de Cosmético Organizador,Kit de Viaje para Avión, para Mujeres y Hombres","Label":"Title","Locale":"es_ES"}},"Offers":{"Summaries":[{"Condition":{"Value":"New"},"LowestPrice":{"Amount":8.99,"Currency":"EUR","DisplayAmount":"8,99 €"}}]}},{"ASIN":"B08YNGRXNK","DetailPageURL":"https://www.amazon.es/dp/B08YNGRXNK?tag=topinalambricos-21&linkCode=osi&th=1&psc=1","Images":{"Primary":{"Small":{"Height":75,"URL":"https://m.media-amazon.com/images/I/4158WjUfRlL._SL75_.jpg","Width":75}}},"ItemInfo":{"ByLineInfo":{"Brand":{"DisplayValue":"Casio","Label":"Brand","Locale":"es_ES"},"Manufacturer":{"DisplayValue":"CASIO","Label":"Manufacturer","Locale":"es_ES"}},"Title":{"DisplayValue":"Casio Unisex-adultos Digital GA-2100SKE-7AER","Label":"Title","Locale":"es_ES"}},"Offers":{"Summaries":[{"Condition":{"Value":"New"},"LowestPrice":{"Amount":83.59,"Currency":"EUR","DisplayAmount":"83,59 €"}}]}},{"ASIN":"B0CH9FT7L6","DetailPageURL":"https://www.amazon.es/dp/B0CH9FT7L6?tag=topinalambricos-21&linkCode=osi&th=1&psc=1","Images":{"Primary":{"Small":{"Height":75,"URL":"https://m.media-amazon.com/images/I/41Zy4SoABVL._SL75_.jpg","Width":75}}},"ItemInfo":{"ByLineInfo":{"Brand":{"DisplayValue":"Smilbaley","Label":"Brand","Locale":"es_ES"},"Manufacturer":{"DisplayValue":"D-22","Label":"Manufacturer","Locale":"es_ES"}},"Title":{"DisplayValue":"Smilbaley 2 Piezas Bolsa de Gimnasia Transparente, Bolsa de Cincha Transparente, Bolsa de Gimnasia Transparente con Cordón, para Escuelas, Exteriores, Gimnasios, Playas (35×45cm)","Label":"Title","Locale":"es_ES"}},"Offers":{"Summaries":[{"Condition":{"Value":"New"},"LowestPrice":{"Amount":14.99,"Currency":"EUR","DisplayAmount":"14,99 €"}}]}}],"SearchURL":"https://www.amazon.es/s?k=transparente&rh=n%3A14223378031%2Cp_n_availability%3A-1&tag=topinalambricos-21&linkCode=osi","TotalResultCount":306}},"47":{"SearchResult":{"Items":[{"ASIN":"B07GBN7JMK","DetailPageURL":"https://www.amazon.es/dp/B07GBN7JMK?tag=topinalambricos-21&linkCode=osi&th=1&psc=1","Images":{"Primary":{"Small":{"Height":75,"URL":"https://m.media-amazon.com/images/I/31vHA+wxLoL._SL75_.jpg","Width":70}}},"ItemInfo":{"ByLineInfo":{"Brand":{"DisplayValue":"Lancoon","Label":"Brand","Locale":"es_ES"},"Manufacturer":{"DisplayValue":"Lancoon","Label":"Manufacturer","Locale":"es_ES"}},"Title":{"DisplayValue":"Lancoon Paraguas Cúpula Transparente Mujer, 16 Costillas TamañO Grande A Prueba De Viento AutomáTico Abierto KS10White","Label":"Title","Locale":"es_ES"}},"Offers":{"Summaries":[{"Condition":{"Value":"New"},"LowestPrice":{"Amount":24.99,"Currency":"EUR","DisplayAmount":"24,99 €"}}]}},{"ASIN":"B0C4YLL3QG","DetailPageURL":"https://www.amazon.es/dp/B0C4YLL3QG?tag=topinalambricos-21&linkCode=osi&th=1&psc=1","Images":{"Primary":{"Small":{"Height":75,"URL":"https://m.media-amazon.com/images/I/312yqV-pibL._SL75_.jpg","Width":64}}},"ItemInfo":{"ByLineInfo":{"Brand":{"DisplayValue":"Jissta","Label":"Brand","Locale":"es_ES"},"Manufacturer":{"DisplayValue":"Jissta","Label":"Manufacturer","Locale":"es_ES"}},"Title":{"DisplayValue":"Jissta 4 neceseres Transparentes 20 * 20CM, Bolsa para líquidos de avión, Neceser portátil, Neceser de Viaje para Mujeres y Hombres con asa","Label":"Title","Locale":"es_ES"}},"Offers":{"Summaries":[{"Condition":{"Value":"New"},"LowestPrice":{"Amount":7.99,"Currency":"EUR","DisplayAmount":"7,99 €"}}]}},{"ASIN":"B0B1V8QLLT","DetailPageURL":"https://www.amazon.es/dp/B0B1V8QLLT?tag=topinalambricos-21&linkCode=osi&th=1&psc=1","Images":{"Primary":{"Small":{"Height":75,"URL":"https://m.media-amazon.com/images/I/41aMcaqaMBL._SL75_.jpg","Width":75}}},"ItemInfo":{"ByLineInfo":{"Brand":{"DisplayValue":"Pinsheng","Label":"Brand","Locale":"es_ES"},"Manufacturer":{"DisplayValue":"Pinsheng","Label":"Manufacturer","Locale":"es_ES"}},"Title":{"DisplayValue":"Pinsheng Tirantes Transparentes Sujetador 4 Pares Transparente Hombro Tirantes Claro Sujetador Correas Correas Transparentes Invisibles Antideslizantes de Sujetador para Mujer","Label":"Title","Locale":"es_ES"}},"Offers":{"Summaries":[{"Condition":{"Value":"New"},"LowestPrice":{"Amount":3.99,"Currency":"EUR","DisplayAmount":"3,99 €"}}]}},{"ASIN":"B09C376BCW","DetailPageURL":"https://www.amazon.es/dp/B09C376BCW?tag=topinalambricos-21&linkCode=osi&th=1&psc=1","Images":{"Primary":{"Small":{"Height":75,"URL":"https://m.media-amazon.com/images/I/31DDHCgK0lL._SL75_.jpg","Width":75}}},"ItemInfo":{"ByLineInfo":{"Brand":{"DisplayValue":"Jiakalamo","Label":"Brand","Locale":"es_ES"},"Manufacturer":{"DisplayValue":"Jiakalamo","Label":"Manufacturer","Locale":"es_ES"}},"Title":{"DisplayValue":"Jiakalamo Paraguas transparente plegable, Paraguas transparente automático para bodas , Paraguas transparente plegable mujer antiviento niño bodas travel ,Cierre automático Paraguas","Label":"Title","Locale":"es_ES"}},"Offers":{"Summaries":[{"Condition":{"Value":"New"},"LowestPrice":{"Amount":16.3,"Currency":"EUR","DisplayAmount":"16,30 €"}}]}},{"ASIN":"B081RPLNK1","DetailPageURL":"https://www.amazon.es/dp/B081RPLNK1?tag=topinalambricos-21&linkCode=osi&th=1&psc=1","Images":{"Primary":{"Small":{"Height":75,"URL":"https://m.media-amazon.com/images/I/4146RIkJjkL._SL75_.jpg","Width":75}}},"ItemInfo":{"ByLineInfo":{"Brand":{"DisplayValue":"WENTS","Label":"Brand","Locale":"es_ES"}},"Title":{"DisplayValue":"WENTS Bolsa Transparente de PVC Bolsa Transparente con Bolsillos con Cremallera y Correa para el Hombro Desmontable Cremallera Neceser De Cosmeticos De Mano Gran Capacidad","Label":"Title","Locale":"es_ES"}},"Offers":{"Summaries":[{"Condition":{"Value":"New"},"LowestPrice":{"Amount":11.67,"Currency":"EUR","DisplayAmount":"11,67 €"}}]}},{"ASIN":"B0BNQN89QF","DetailPageURL":"https://www.amazon.es/dp/B0BNQN89QF?tag=topinalambricos-21&linkCode=osi&th=1&psc=1","Images":{"Primary":{"Small":{"Height":75,"URL":"https://m.media-amazon.com/images/I/41m+zixsAKL._SL75_.jpg","Width":75}}},"ItemInfo":{"ByLineInfo":{"Brand":{"DisplayValue":"PUERHUACI","Label":"Brand","Locale":"es_ES"}},"Title":{"DisplayValue":"Neceser Transparente Viaje Avion,Bolsa Liquidos Avion,6 Piezas Bolso Transparente,19x14cm Neceser Viaje Avion,Bolsa Transparente Multifunción con Cremallera","Label":"Title","Locale":"es_ES"}},"Offers":{"Summaries":[{"Condition":{"Value":"New"},"LowestPrice":{"Amount":13.89,"Currency":"EUR","DisplayAmount":"13,89 €"}}]}},{"ASIN":"B0BVVKZLHT","DetailPageURL":"https://www.amazon.es/dp/B0BVVKZLHT?tag=topinalambricos-21&linkCode=osi&th=1&psc=1","Images":{"Primary":{"Small":{"Height":75,"URL":"https://m.media-amazon.com/images/I/41zd76ozzyL._SL75_.jpg","Width":75}}},"ItemInfo":{"ByLineInfo":{"Brand":{"DisplayValue":"Aucuu","Label":"Brand","Locale":"es_ES"},"Manufacturer":{"DisplayValue":"Aucuu®-EU","Label":"Manufacturer","Locale":"es_ES"}},"Title":{"DisplayValue":"Aucuu 4PCS Neceser Hombre, Transparente Neceser Viaje Avion, Bolsa liquidos Avion, Bolsa de Aseo Organizador Mujer, Viajes Accesorios, 20x20cm (Gris+ Cuerda)","Label":"Title","Locale":"es_ES"}},"Offers":{"Summaries":[{"Condition":{"Value":"New"},"LowestPrice":{"Amount":7.98,"Currency":"EUR","DisplayAmount":"7,98 €"}}]}},{"ASIN":"B0BWTJMHXF","DetailPageURL":"https://www.amazon.es/dp/B0BWTJMHXF?tag=topinalambricos-21&linkCode=osi&th=1&psc=1","Images":{"Primary":{"Small":{"Height":75,"URL":"https://m.media-amazon.com/images/I/51-Gsh1xTvL._SL75_.jpg","Width":75}}},"ItemInfo":{"ByLineInfo":{"Brand":{"DisplayValue":"talifoca","Label":"Brand","Locale":"es_ES"},"Manufacturer":{"DisplayValue":"TALIFOCA","Label":"Manufacturer","Locale":"es_ES"}},"Title":{"DisplayValue":"3 Piezas Neceser de Aseo Transparente, Bolsas Transparentes de Avión,Bolsas de Aseo Transparente,Mujer Bolsa de Cosmético Organizador,Kit de Viaje para Avión, para Mujeres y Hombres","Label":"Title","Locale":"es_ES"}},"Offers":{"Summaries":[{"Condition":{"Value":"New"},"LowestPrice":{"Amount":8.99,"Currency":"EUR","DisplayAmount":"8,99 €"}}]}},{"ASIN":"B08YNGRXNK","DetailPageURL":"https://www.amazon.es/dp/B08YNGRXNK?tag=topinalambricos-21&linkCode=osi&th=1&psc=1","Images":{"Primary":{"Small":{"Height":75,"URL":"https://m.media-amazon.com/images/I/4158WjUfRlL._SL75_.jpg","Width":75}}},"ItemInfo":{"ByLineInfo":{"Brand":{"DisplayValue":"Casio","Label":"Brand","Locale":"es_ES"},"Manufacturer":{"DisplayValue":"CASIO","Label":"Manufacturer","Locale":"es_ES"}},"Title":{"DisplayValue":"Casio Unisex-adultos Digital GA-2100SKE-7AER","Label":"Title","Locale":"es_ES"}},"Offers":{"Summaries":[{"Condition":{"Value":"New"},"LowestPrice":{"Amount":83.59,"Currency":"EUR","DisplayAmount":"83,59 €"}}]}},{"ASIN":"B0CH9FT7L6","DetailPageURL":"https://www.amazon.es/dp/B0CH9FT7L6?tag=topinalambricos-21&linkCode=osi&th=1&psc=1","Images":{"Primary":{"Small":{"Height":75,"URL":"https://m.media-amazon.com/images/I/41Zy4SoABVL._SL75_.jpg","Width":75}}},"ItemInfo":{"ByLineInfo":{"Brand":{"DisplayValue":"Smilbaley","Label":"Brand","Locale":"es_ES"},"Manufacturer":{"DisplayValue":"D-22","Label":"Manufacturer","Locale":"es_ES"}},"Title":{"DisplayValue":"Smilbaley 2 Piezas Bolsa de Gimnasia Transparente, Bolsa de Cincha Transparente, Bolsa de Gimnasia Transparente con Cordón, para Escuelas, Exteriores, Gimnasios, Playas (35×45cm)","Label":"Title","Locale":"es_ES"}},"Offers":{"Summaries":[{"Condition":{"Value":"New"},"LowestPrice":{"Amount":14.99,"Currency":"EUR","DisplayAmount":"14,99 €"}}]}}],"SearchURL":"https://www.amazon.es/s?k=transparente&rh=n%3A14223378031%2Cp_n_availability%3A-1&tag=topinalambricos-21&linkCode=osi","TotalResultCount":306}},"48":{"SearchResult":{"Items":[{"ASIN":"B07GBN7JMK","DetailPageURL":"https://www.amazon.es/dp/B07GBN7JMK?tag=topinalambricos-21&linkCode=osi&th=1&psc=1","Images":{"Primary":{"Small":{"Height":75,"URL":"https://m.media-amazon.com/images/I/31vHA+wxLoL._SL75_.jpg","Width":70}}},"ItemInfo":{"ByLineInfo":{"Brand":{"DisplayValue":"Lancoon","Label":"Brand","Locale":"es_ES"},"Manufacturer":{"DisplayValue":"Lancoon","Label":"Manufacturer","Locale":"es_ES"}},"Title":{"DisplayValue":"Lancoon Paraguas Cúpula Transparente Mujer, 16 Costillas TamañO Grande A Prueba De Viento AutomáTico Abierto KS10White","Label":"Title","Locale":"es_ES"}},"Offers":{"Summaries":[{"Condition":{"Value":"New"},"LowestPrice":{"Amount":24.99,"Currency":"EUR","DisplayAmount":"24,99 €"}}]}},{"ASIN":"B0C4YLL3QG","DetailPageURL":"https://www.amazon.es/dp/B0C4YLL3QG?tag=topinalambricos-21&linkCode=osi&th=1&psc=1","Images":{"Primary":{"Small":{"Height":75,"URL":"https://m.media-amazon.com/images/I/312yqV-pibL._SL75_.jpg","Width":64}}},"ItemInfo":{"ByLineInfo":{"Brand":{"DisplayValue":"Jissta","Label":"Brand","Locale":"es_ES"},"Manufacturer":{"DisplayValue":"Jissta","Label":"Manufacturer","Locale":"es_ES"}},"Title":{"DisplayValue":"Jissta 4 neceseres Transparentes 20 * 20CM, Bolsa para líquidos de avión, Neceser portátil, Neceser de Viaje para Mujeres y Hombres con asa","Label":"Title","Locale":"es_ES"}},"Offers":{"Summaries":[{"Condition":{"Value":"New"},"LowestPrice":{"Amount":7.99,"Currency":"EUR","DisplayAmount":"7,99 €"}}]}},{"ASIN":"B0B1V8QLLT","DetailPageURL":"https://www.amazon.es/dp/B0B1V8QLLT?tag=topinalambricos-21&linkCode=osi&th=1&psc=1","Images":{"Primary":{"Small":{"Height":75,"URL":"https://m.media-amazon.com/images/I/41aMcaqaMBL._SL75_.jpg","Width":75}}},"ItemInfo":{"ByLineInfo":{"Brand":{"DisplayValue":"Pinsheng","Label":"Brand","Locale":"es_ES"},"Manufacturer":{"DisplayValue":"Pinsheng","Label":"Manufacturer","Locale":"es_ES"}},"Title":{"DisplayValue":"Pinsheng Tirantes Transparentes Sujetador 4 Pares Transparente Hombro Tirantes Claro Sujetador Correas Correas Transparentes Invisibles Antideslizantes de Sujetador para Mujer","Label":"Title","Locale":"es_ES"}},"Offers":{"Summaries":[{"Condition":{"Value":"New"},"LowestPrice":{"Amount":3.99,"Currency":"EUR","DisplayAmount":"3,99 €"}}]}},{"ASIN":"B09C376BCW","DetailPageURL":"https://www.amazon.es/dp/B09C376BCW?tag=topinalambricos-21&linkCode=osi&th=1&psc=1","Images":{"Primary":{"Small":{"Height":75,"URL":"https://m.media-amazon.com/images/I/31DDHCgK0lL._SL75_.jpg","Width":75}}},"ItemInfo":{"ByLineInfo":{"Brand":{"DisplayValue":"Jiakalamo","Label":"Brand","Locale":"es_ES"},"Manufacturer":{"DisplayValue":"Jiakalamo","Label":"Manufacturer","Locale":"es_ES"}},"Title":{"DisplayValue":"Jiakalamo Paraguas transparente plegable, Paraguas transparente automático para bodas , Paraguas transparente plegable mujer antiviento niño bodas travel ,Cierre automático Paraguas","Label":"Title","Locale":"es_ES"}},"Offers":{"Summaries":[{"Condition":{"Value":"New"},"LowestPrice":{"Amount":16.3,"Currency":"EUR","DisplayAmount":"16,30 €"}}]}},{"ASIN":"B081RPLNK1","DetailPageURL":"https://www.amazon.es/dp/B081RPLNK1?tag=topinalambricos-21&linkCode=osi&th=1&psc=1","Images":{"Primary":{"Small":{"Height":75,"URL":"https://m.media-amazon.com/images/I/4146RIkJjkL._SL75_.jpg","Width":75}}},"ItemInfo":{"ByLineInfo":{"Brand":{"DisplayValue":"WENTS","Label":"Brand","Locale":"es_ES"}},"Title":{"DisplayValue":"WENTS Bolsa Transparente de PVC Bolsa Transparente con Bolsillos con Cremallera y Correa para el Hombro Desmontable Cremallera Neceser De Cosmeticos De Mano Gran Capacidad","Label":"Title","Locale":"es_ES"}},"Offers":{"Summaries":[{"Condition":{"Value":"New"},"LowestPrice":{"Amount":11.67,"Currency":"EUR","DisplayAmount":"11,67 €"}}]}},{"ASIN":"B0BNQN89QF","DetailPageURL":"https://www.amazon.es/dp/B0BNQN89QF?tag=topinalambricos-21&linkCode=osi&th=1&psc=1","Images":{"Primary":{"Small":{"Height":75,"URL":"https://m.media-amazon.com/images/I/41m+zixsAKL._SL75_.jpg","Width":75}}},"ItemInfo":{"ByLineInfo":{"Brand":{"DisplayValue":"PUERHUACI","Label":"Brand","Locale":"es_ES"}},"Title":{"DisplayValue":"Neceser Transparente Viaje Avion,Bolsa Liquidos Avion,6 Piezas Bolso Transparente,19x14cm Neceser Viaje Avion,Bolsa Transparente Multifunción con Cremallera","Label":"Title","Locale":"es_ES"}},"Offers":{"Summaries":[{"Condition":{"Value":"New"},"LowestPrice":{"Amount":13.89,"Currency":"EUR","DisplayAmount":"13,89 €"}}]}},{"ASIN":"B0BVVKZLHT","DetailPageURL":"https://www.amazon.es/dp/B0BVVKZLHT?tag=topinalambricos-21&linkCode=osi&th=1&psc=1","Images":{"Primary":{"Small":{"Height":75,"URL":"https://m.media-amazon.com/images/I/41zd76ozzyL._SL75_.jpg","Width":75}}},"ItemInfo":{"ByLineInfo":{"Brand":{"DisplayValue":"Aucuu","Label":"Brand","Locale":"es_ES"},"Manufacturer":{"DisplayValue":"Aucuu®-EU","Label":"Manufacturer","Locale":"es_ES"}},"Title":{"DisplayValue":"Aucuu 4PCS Neceser Hombre, Transparente Neceser Viaje Avion, Bolsa liquidos Avion, Bolsa de Aseo Organizador Mujer, Viajes Accesorios, 20x20cm (Gris+ Cuerda)","Label":"Title","Locale":"es_ES"}},"Offers":{"Summaries":[{"Condition":{"Value":"New"},"LowestPrice":{"Amount":7.98,"Currency":"EUR","DisplayAmount":"7,98 €"}}]}},{"ASIN":"B0BWTJMHXF","DetailPageURL":"https://www.amazon.es/dp/B0BWTJMHXF?tag=topinalambricos-21&linkCode=osi&th=1&psc=1","Images":{"Primary":{"Small":{"Height":75,"URL":"https://m.media-amazon.com/images/I/51-Gsh1xTvL._SL75_.jpg","Width":75}}},"ItemInfo":{"ByLineInfo":{"Brand":{"DisplayValue":"talifoca","Label":"Brand","Locale":"es_ES"},"Manufacturer":{"DisplayValue":"TALIFOCA","Label":"Manufacturer","Locale":"es_ES"}},"Title":{"DisplayValue":"3 Piezas Neceser de Aseo Transparente, Bolsas Transparentes de Avión,Bolsas de Aseo Transparente,Mujer Bolsa de Cosmético Organizador,Kit de Viaje para Avión, para Mujeres y Hombres","Label":"Title","Locale":"es_ES"}},"Offers":{"Summaries":[{"Condition":{"Value":"New"},"LowestPrice":{"Amount":8.99,"Currency":"EUR","DisplayAmount":"8,99 €"}}]}},{"ASIN":"B08YNGRXNK","DetailPageURL":"https://www.amazon.es/dp/B08YNGRXNK?tag=topinalambricos-21&linkCode=osi&th=1&psc=1","Images":{"Primary":{"Small":{"Height":75,"URL":"https://m.media-amazon.com/images/I/4158WjUfRlL._SL75_.jpg","Width":75}}},"ItemInfo":{"ByLineInfo":{"Brand":{"DisplayValue":"Casio","Label":"Brand","Locale":"es_ES"},"Manufacturer":{"DisplayValue":"CASIO","Label":"Manufacturer","Locale":"es_ES"}},"Title":{"DisplayValue":"Casio Unisex-adultos Digital GA-2100SKE-7AER","Label":"Title","Locale":"es_ES"}},"Offers":{"Summaries":[{"Condition":{"Value":"New"},"LowestPrice":{"Amount":83.59,"Currency":"EUR","DisplayAmount":"83,59 €"}}]}},{"ASIN":"B0CH9FT7L6","DetailPageURL":"https://www.amazon.es/dp/B0CH9FT7L6?tag=topinalambricos-21&linkCode=osi&th=1&psc=1","Images":{"Primary":{"Small":{"Height":75,"URL":"https://m.media-amazon.com/images/I/41Zy4SoABVL._SL75_.jpg","Width":75}}},"ItemInfo":{"ByLineInfo":{"Brand":{"DisplayValue":"Smilbaley","Label":"Brand","Locale":"es_ES"},"Manufacturer":{"DisplayValue":"D-22","Label":"Manufacturer","Locale":"es_ES"}},"Title":{"DisplayValue":"Smilbaley 2 Piezas Bolsa de Gimnasia Transparente, Bolsa de Cincha Transparente, Bolsa de Gimnasia Transparente con Cordón, para Escuelas, Exteriores, Gimnasios, Playas (35×45cm)","Label":"Title","Locale":"es_ES"}},"Offers":{"Summaries":[{"Condition":{"Value":"New"},"LowestPrice":{"Amount":14.99,"Currency":"EUR","DisplayAmount":"14,99 €"}}]}}],"SearchURL":"https://www.amazon.es/s?k=transparente&rh=n%3A14223378031%2Cp_n_availability%3A-1&tag=topinalambricos-21&linkCode=osi","TotalResultCount":306}},"49":{"SearchResult":{"Items":[{"ASIN":"B07GBN7JMK","DetailPageURL":"https://www.amazon.es/dp/B07GBN7JMK?tag=topinalambricos-21&linkCode=osi&th=1&psc=1","Images":{"Primary":{"Small":{"Height":75,"URL":"https://m.media-amazon.com/images/I/31vHA+wxLoL._SL75_.jpg","Width":70}}},"ItemInfo":{"ByLineInfo":{"Brand":{"DisplayValue":"Lancoon","Label":"Brand","Locale":"es_ES"},"Manufacturer":{"DisplayValue":"Lancoon","Label":"Manufacturer","Locale":"es_ES"}},"Title":{"DisplayValue":"Lancoon Paraguas Cúpula Transparente Mujer, 16 Costillas TamañO Grande A Prueba De Viento AutomáTico Abierto KS10White","Label":"Title","Locale":"es_ES"}},"Offers":{"Summaries":[{"Condition":{"Value":"New"},"LowestPrice":{"Amount":24.99,"Currency":"EUR","DisplayAmount":"24,99 €"}}]}},{"ASIN":"B0C4YLL3QG","DetailPageURL":"https://www.amazon.es/dp/B0C4YLL3QG?tag=topinalambricos-21&linkCode=osi&th=1&psc=1","Images":{"Primary":{"Small":{"Height":75,"URL":"https://m.media-amazon.com/images/I/312yqV-pibL._SL75_.jpg","Width":64}}},"ItemInfo":{"ByLineInfo":{"Brand":{"DisplayValue":"Jissta","Label":"Brand","Locale":"es_ES"},"Manufacturer":{"DisplayValue":"Jissta","Label":"Manufacturer","Locale":"es_ES"}},"Title":{"DisplayValue":"Jissta 4 neceseres Transparentes 20 * 20CM, Bolsa para líquidos de avión, Neceser portátil, Neceser de Viaje para Mujeres y Hombres con asa","Label":"Title","Locale":"es_ES"}},"Offers":{"Summaries":[{"Condition":{"Value":"New"},"LowestPrice":{"Amount":7.99,"Currency":"EUR","DisplayAmount":"7,99 €"}}]}},{"ASIN":"B0B1V8QLLT","DetailPageURL":"https://www.amazon.es/dp/B0B1V8QLLT?tag=topinalambricos-21&linkCode=osi&th=1&psc=1","Images":{"Primary":{"Small":{"Height":75,"URL":"https://m.media-amazon.com/images/I/41aMcaqaMBL._SL75_.jpg","Width":75}}},"ItemInfo":{"ByLineInfo":{"Brand":{"DisplayValue":"Pinsheng","Label":"Brand","Locale":"es_ES"},"Manufacturer":{"DisplayValue":"Pinsheng","Label":"Manufacturer","Locale":"es_ES"}},"Title":{"DisplayValue":"Pinsheng Tirantes Transparentes Sujetador 4 Pares Transparente Hombro Tirantes Claro Sujetador Correas Correas Transparentes Invisibles Antideslizantes de Sujetador para Mujer","Label":"Title","Locale":"es_ES"}},"Offers":{"Summaries":[{"Condition":{"Value":"New"},"LowestPrice":{"Amount":3.99,"Currency":"EUR","DisplayAmount":"3,99 €"}}]}},{"ASIN":"B09C376BCW","DetailPageURL":"https://www.amazon.es/dp/B09C376BCW?tag=topinalambricos-21&linkCode=osi&th=1&psc=1","Images":{"Primary":{"Small":{"Height":75,"URL":"https://m.media-amazon.com/images/I/31DDHCgK0lL._SL75_.jpg","Width":75}}},"ItemInfo":{"ByLineInfo":{"Brand":{"DisplayValue":"Jiakalamo","Label":"Brand","Locale":"es_ES"},"Manufacturer":{"DisplayValue":"Jiakalamo","Label":"Manufacturer","Locale":"es_ES"}},"Title":{"DisplayValue":"Jiakalamo Paraguas transparente plegable, Paraguas transparente automático para bodas , Paraguas transparente plegable mujer antiviento niño bodas travel ,Cierre automático Paraguas","Label":"Title","Locale":"es_ES"}},"Offers":{"Summaries":[{"Condition":{"Value":"New"},"LowestPrice":{"Amount":16.3,"Currency":"EUR","DisplayAmount":"16,30 €"}}]}},{"ASIN":"B081RPLNK1","DetailPageURL":"https://www.amazon.es/dp/B081RPLNK1?tag=topinalambricos-21&linkCode=osi&th=1&psc=1","Images":{"Primary":{"Small":{"Height":75,"URL":"https://m.media-amazon.com/images/I/4146RIkJjkL._SL75_.jpg","Width":75}}},"ItemInfo":{"ByLineInfo":{"Brand":{"DisplayValue":"WENTS","Label":"Brand","Locale":"es_ES"}},"Title":{"DisplayValue":"WENTS Bolsa Transparente de PVC Bolsa Transparente con Bolsillos con Cremallera y Correa para el Hombro Desmontable Cremallera Neceser De Cosmeticos De Mano Gran Capacidad","Label":"Title","Locale":"es_ES"}},"Offers":{"Summaries":[{"Condition":{"Value":"New"},"LowestPrice":{"Amount":11.67,"Currency":"EUR","DisplayAmount":"11,67 €"}}]}},{"ASIN":"B0BNQN89QF","DetailPageURL":"https://www.amazon.es/dp/B0BNQN89QF?tag=topinalambricos-21&linkCode=osi&th=1&psc=1","Images":{"Primary":{"Small":{"Height":75,"URL":"https://m.media-amazon.com/images/I/41m+zixsAKL._SL75_.jpg","Width":75}}},"ItemInfo":{"ByLineInfo":{"Brand":{"DisplayValue":"PUERHUACI","Label":"Brand","Locale":"es_ES"}},"Title":{"DisplayValue":"Neceser Transparente Viaje Avion,Bolsa Liquidos Avion,6 Piezas Bolso Transparente,19x14cm Neceser Viaje Avion,Bolsa Transparente Multifunción con Cremallera","Label":"Title","Locale":"es_ES"}},"Offers":{"Summaries":[{"Condition":{"Value":"New"},"LowestPrice":{"Amount":13.89,"Currency":"EUR","DisplayAmount":"13,89 €"}}]}},{"ASIN":"B0BVVKZLHT","DetailPageURL":"https://www.amazon.es/dp/B0BVVKZLHT?tag=topinalambricos-21&linkCode=osi&th=1&psc=1","Images":{"Primary":{"Small":{"Height":75,"URL":"https://m.media-amazon.com/images/I/41zd76ozzyL._SL75_.jpg","Width":75}}},"ItemInfo":{"ByLineInfo":{"Brand":{"DisplayValue":"Aucuu","Label":"Brand","Locale":"es_ES"},"Manufacturer":{"DisplayValue":"Aucuu®-EU","Label":"Manufacturer","Locale":"es_ES"}},"Title":{"DisplayValue":"Aucuu 4PCS Neceser Hombre, Transparente Neceser Viaje Avion, Bolsa liquidos Avion, Bolsa de Aseo Organizador Mujer, Viajes Accesorios, 20x20cm (Gris+ Cuerda)","Label":"Title","Locale":"es_ES"}},"Offers":{"Summaries":[{"Condition":{"Value":"New"},"LowestPrice":{"Amount":7.98,"Currency":"EUR","DisplayAmount":"7,98 €"}}]}},{"ASIN":"B0BWTJMHXF","DetailPageURL":"https://www.amazon.es/dp/B0BWTJMHXF?tag=topinalambricos-21&linkCode=osi&th=1&psc=1","Images":{"Primary":{"Small":{"Height":75,"URL":"https://m.media-amazon.com/images/I/51-Gsh1xTvL._SL75_.jpg","Width":75}}},"ItemInfo":{"ByLineInfo":{"Brand":{"DisplayValue":"talifoca","Label":"Brand","Locale":"es_ES"},"Manufacturer":{"DisplayValue":"TALIFOCA","Label":"Manufacturer","Locale":"es_ES"}},"Title":{"DisplayValue":"3 Piezas Neceser de Aseo Transparente, Bolsas Transparentes de Avión,Bolsas de Aseo Transparente,Mujer Bolsa de Cosmético Organizador,Kit de Viaje para Avión, para Mujeres y Hombres","Label":"Title","Locale":"es_ES"}},"Offers":{"Summaries":[{"Condition":{"Value":"New"},"LowestPrice":{"Amount":8.99,"Currency":"EUR","DisplayAmount":"8,99 €"}}]}},{"ASIN":"B08YNGRXNK","DetailPageURL":"https://www.amazon.es/dp/B08YNGRXNK?tag=topinalambricos-21&linkCode=osi&th=1&psc=1","Images":{"Primary":{"Small":{"Height":75,"URL":"https://m.media-amazon.com/images/I/4158WjUfRlL._SL75_.jpg","Width":75}}},"ItemInfo":{"ByLineInfo":{"Brand":{"DisplayValue":"Casio","Label":"Brand","Locale":"es_ES"},"Manufacturer":{"DisplayValue":"CASIO","Label":"Manufacturer","Locale":"es_ES"}},"Title":{"DisplayValue":"Casio Unisex-adultos Digital GA-2100SKE-7AER","Label":"Title","Locale":"es_ES"}},"Offers":{"Summaries":[{"Condition":{"Value":"New"},"LowestPrice":{"Amount":83.59,"Currency":"EUR","DisplayAmount":"83,59 €"}}]}},{"ASIN":"B0CH9FT7L6","DetailPageURL":"https://www.amazon.es/dp/B0CH9FT7L6?tag=topinalambricos-21&linkCode=osi&th=1&psc=1","Images":{"Primary":{"Small":{"Height":75,"URL":"https://m.media-amazon.com/images/I/41Zy4SoABVL._SL75_.jpg","Width":75}}},"ItemInfo":{"ByLineInfo":{"Brand":{"DisplayValue":"Smilbaley","Label":"Brand","Locale":"es_ES"},"Manufacturer":{"DisplayValue":"D-22","Label":"Manufacturer","Locale":"es_ES"}},"Title":{"DisplayValue":"Smilbaley 2 Piezas Bolsa de Gimnasia Transparente, Bolsa de Cincha Transparente, Bolsa de Gimnasia Transparente con Cordón, para Escuelas, Exteriores, Gimnasios, Playas (35×45cm)","Label":"Title","Locale":"es_ES"}},"Offers":{"Summaries":[{"Condition":{"Value":"New"},"LowestPrice":{"Amount":14.99,"Currency":"EUR","DisplayAmount":"14,99 €"}}]}}],"SearchURL":"https://www.amazon.es/s?k=transparente&rh=n%3A14223378031%2Cp_n_availability%3A-1&tag=topinalambricos-21&linkCode=osi","TotalResultCount":306}},"50":{"SearchResult":{"Items":[{"ASIN":"B07GBN7JMK","DetailPageURL":"https://www.amazon.es/dp/B07GBN7JMK?tag=topinalambricos-21&linkCode=osi&th=1&psc=1","Images":{"Primary":{"Small":{"Height":75,"URL":"https://m.media-amazon.com/images/I/31vHA+wxLoL._SL75_.jpg","Width":70}}},"ItemInfo":{"ByLineInfo":{"Brand":{"DisplayValue":"Lancoon","Label":"Brand","Locale":"es_ES"},"Manufacturer":{"DisplayValue":"Lancoon","Label":"Manufacturer","Locale":"es_ES"}},"Title":{"DisplayValue":"Lancoon Paraguas Cúpula Transparente Mujer, 16 Costillas TamañO Grande A Prueba De Viento AutomáTico Abierto KS10White","Label":"Title","Locale":"es_ES"}},"Offers":{"Summaries":[{"Condition":{"Value":"New"},"LowestPrice":{"Amount":24.99,"Currency":"EUR","DisplayAmount":"24,99 €"}}]}},{"ASIN":"B0C4YLL3QG","DetailPageURL":"https://www.amazon.es/dp/B0C4YLL3QG?tag=topinalambricos-21&linkCode=osi&th=1&psc=1","Images":{"Primary":{"Small":{"Height":75,"URL":"https://m.media-amazon.com/images/I/312yqV-pibL._SL75_.jpg","Width":64}}},"ItemInfo":{"ByLineInfo":{"Brand":{"DisplayValue":"Jissta","Label":"Brand","Locale":"es_ES"},"Manufacturer":{"DisplayValue":"Jissta","Label":"Manufacturer","Locale":"es_ES"}},"Title":{"DisplayValue":"Jissta 4 neceseres Transparentes 20 * 20CM, Bolsa para líquidos de avión, Neceser portátil, Neceser de Viaje para Mujeres y Hombres con asa","Label":"Title","Locale":"es_ES"}},"Offers":{"Summaries":[{"Condition":{"Value":"New"},"LowestPrice":{"Amount":7.99,"Currency":"EUR","DisplayAmount":"7,99 €"}}]}},{"ASIN":"B0B1V8QLLT","DetailPageURL":"https://www.amazon.es/dp/B0B1V8QLLT?tag=topinalambricos-21&linkCode=osi&th=1&psc=1","Images":{"Primary":{"Small":{"Height":75,"URL":"https://m.media-amazon.com/images/I/41aMcaqaMBL._SL75_.jpg","Width":75}}},"ItemInfo":{"ByLineInfo":{"Brand":{"DisplayValue":"Pinsheng","Label":"Brand","Locale":"es_ES"},"Manufacturer":{"DisplayValue":"Pinsheng","Label":"Manufacturer","Locale":"es_ES"}},"Title":{"DisplayValue":"Pinsheng Tirantes Transparentes Sujetador 4 Pares Transparente Hombro Tirantes Claro Sujetador Correas Correas Transparentes Invisibles Antideslizantes de Sujetador para Mujer","Label":"Title","Locale":"es_ES"}},"Offers":{"Summaries":[{"Condition":{"Value":"New"},"LowestPrice":{"Amount":3.99,"Currency":"EUR","DisplayAmount":"3,99 €"}}]}},{"ASIN":"B09C376BCW","DetailPageURL":"https://www.amazon.es/dp/B09C376BCW?tag=topinalambricos-21&linkCode=osi&th=1&psc=1","Images":{"Primary":{"Small":{"Height":75,"URL":"https://m.media-amazon.com/images/I/31DDHCgK0lL._SL75_.jpg","Width":75}}},"ItemInfo":{"ByLineInfo":{"Brand":{"DisplayValue":"Jiakalamo","Label":"Brand","Locale":"es_ES"},"Manufacturer":{"DisplayValue":"Jiakalamo","Label":"Manufacturer","Locale":"es_ES"}},"Title":{"DisplayValue":"Jiakalamo Paraguas transparente plegable, Paraguas transparente automático para bodas , Paraguas transparente plegable mujer antiviento niño bodas travel ,Cierre automático Paraguas","Label":"Title","Locale":"es_ES"}},"Offers":{"Summaries":[{"Condition":{"Value":"New"},"LowestPrice":{"Amount":16.3,"Currency":"EUR","DisplayAmount":"16,30 €"}}]}},{"ASIN":"B081RPLNK1","DetailPageURL":"https://www.amazon.es/dp/B081RPLNK1?tag=topinalambricos-21&linkCode=osi&th=1&psc=1","Images":{"Primary":{"Small":{"Height":75,"URL":"https://m.media-amazon.com/images/I/4146RIkJjkL._SL75_.jpg","Width":75}}},"ItemInfo":{"ByLineInfo":{"Brand":{"DisplayValue":"WENTS","Label":"Brand","Locale":"es_ES"}},"Title":{"DisplayValue":"WENTS Bolsa Transparente de PVC Bolsa Transparente con Bolsillos con Cremallera y Correa para el Hombro Desmontable Cremallera Neceser De Cosmeticos De Mano Gran Capacidad","Label":"Title","Locale":"es_ES"}},"Offers":{"Summaries":[{"Condition":{"Value":"New"},"LowestPrice":{"Amount":11.67,"Currency":"EUR","DisplayAmount":"11,67 €"}}]}},{"ASIN":"B0BNQN89QF","DetailPageURL":"https://www.amazon.es/dp/B0BNQN89QF?tag=topinalambricos-21&linkCode=osi&th=1&psc=1","Images":{"Primary":{"Small":{"Height":75,"URL":"https://m.media-amazon.com/images/I/41m+zixsAKL._SL75_.jpg","Width":75}}},"ItemInfo":{"ByLineInfo":{"Brand":{"DisplayValue":"PUERHUACI","Label":"Brand","Locale":"es_ES"}},"Title":{"DisplayValue":"Neceser Transparente Viaje Avion,Bolsa Liquidos Avion,6 Piezas Bolso Transparente,19x14cm Neceser Viaje Avion,Bolsa Transparente Multifunción con Cremallera","Label":"Title","Locale":"es_ES"}},"Offers":{"Summaries":[{"Condition":{"Value":"New"},"LowestPrice":{"Amount":13.89,"Currency":"EUR","DisplayAmount":"13,89 €"}}]}},{"ASIN":"B0BVVKZLHT","DetailPageURL":"https://www.amazon.es/dp/B0BVVKZLHT?tag=topinalambricos-21&linkCode=osi&th=1&psc=1","Images":{"Primary":{"Small":{"Height":75,"URL":"https://m.media-amazon.com/images/I/41zd76ozzyL._SL75_.jpg","Width":75}}},"ItemInfo":{"ByLineInfo":{"Brand":{"DisplayValue":"Aucuu","Label":"Brand","Locale":"es_ES"},"Manufacturer":{"DisplayValue":"Aucuu®-EU","Label":"Manufacturer","Locale":"es_ES"}},"Title":{"DisplayValue":"Aucuu 4PCS Neceser Hombre, Transparente Neceser Viaje Avion, Bolsa liquidos Avion, Bolsa de Aseo Organizador Mujer, Viajes Accesorios, 20x20cm (Gris+ Cuerda)","Label":"Title","Locale":"es_ES"}},"Offers":{"Summaries":[{"Condition":{"Value":"New"},"LowestPrice":{"Amount":7.98,"Currency":"EUR","DisplayAmount":"7,98 €"}}]}},{"ASIN":"B0BWTJMHXF","DetailPageURL":"https://www.amazon.es/dp/B0BWTJMHXF?tag=topinalambricos-21&linkCode=osi&th=1&psc=1","Images":{"Primary":{"Small":{"Height":75,"URL":"https://m.media-amazon.com/images/I/51-Gsh1xTvL._SL75_.jpg","Width":75}}},"ItemInfo":{"ByLineInfo":{"Brand":{"DisplayValue":"talifoca","Label":"Brand","Locale":"es_ES"},"Manufacturer":{"DisplayValue":"TALIFOCA","Label":"Manufacturer","Locale":"es_ES"}},"Title":{"DisplayValue":"3 Piezas Neceser de Aseo Transparente, Bolsas Transparentes de Avión,Bolsas de Aseo Transparente,Mujer Bolsa de Cosmético Organizador,Kit de Viaje para Avión, para Mujeres y Hombres","Label":"Title","Locale":"es_ES"}},"Offers":{"Summaries":[{"Condition":{"Value":"New"},"LowestPrice":{"Amount":8.99,"Currency":"EUR","DisplayAmount":"8,99 €"}}]}},{"ASIN":"B08YNGRXNK","DetailPageURL":"https://www.amazon.es/dp/B08YNGRXNK?tag=topinalambricos-21&linkCode=osi&th=1&psc=1","Images":{"Primary":{"Small":{"Height":75,"URL":"https://m.media-amazon.com/images/I/4158WjUfRlL._SL75_.jpg","Width":75}}},"ItemInfo":{"ByLineInfo":{"Brand":{"DisplayValue":"Casio","Label":"Brand","Locale":"es_ES"},"Manufacturer":{"DisplayValue":"CASIO","Label":"Manufacturer","Locale":"es_ES"}},"Title":{"DisplayValue":"Casio Unisex-adultos Digital GA-2100SKE-7AER","Label":"Title","Locale":"es_ES"}},"Offers":{"Summaries":[{"Condition":{"Value":"New"},"LowestPrice":{"Amount":83.59,"Currency":"EUR","DisplayAmount":"83,59 €"}}]}},{"ASIN":"B0CH9FT7L6","DetailPageURL":"https://www.amazon.es/dp/B0CH9FT7L6?tag=topinalambricos-21&linkCode=osi&th=1&psc=1","Images":{"Primary":{"Small":{"Height":75,"URL":"https://m.media-amazon.com/images/I/41Zy4SoABVL._SL75_.jpg","Width":75}}},"ItemInfo":{"ByLineInfo":{"Brand":{"DisplayValue":"Smilbaley","Label":"Brand","Locale":"es_ES"},"Manufacturer":{"DisplayValue":"D-22","Label":"Manufacturer","Locale":"es_ES"}},"Title":{"DisplayValue":"Smilbaley 2 Piezas Bolsa de Gimnasia Transparente, Bolsa de Cincha Transparente, Bolsa de Gimnasia Transparente con Cordón, para Escuelas, Exteriores, Gimnasios, Playas (35×45cm)","Label":"Title","Locale":"es_ES"}},"Offers":{"Summaries":[{"Condition":{"Value":"New"},"LowestPrice":{"Amount":14.99,"Currency":"EUR","DisplayAmount":"14,99 €"}}]}}],"SearchURL":"https://www.amazon.es/s?k=transparente&rh=n%3A14223378031%2Cp_n_availability%3A-1&tag=topinalambricos-21&linkCode=osi","TotalResultCount":306}},"51":{"SearchResult":{"Items":[{"ASIN":"B07GBN7JMK","DetailPageURL":"https://www.amazon.es/dp/B07GBN7JMK?tag=topinalambricos-21&linkCode=osi&th=1&psc=1","Images":{"Primary":{"Small":{"Height":75,"URL":"https://m.media-amazon.com/images/I/31vHA+wxLoL._SL75_.jpg","Width":70}}},"ItemInfo":{"ByLineInfo":{"Brand":{"DisplayValue":"Lancoon","Label":"Brand","Locale":"es_ES"},"Manufacturer":{"DisplayValue":"Lancoon","Label":"Manufacturer","Locale":"es_ES"}},"Title":{"DisplayValue":"Lancoon Paraguas Cúpula Transparente Mujer, 16 Costillas TamañO Grande A Prueba De Viento AutomáTico Abierto KS10White","Label":"Title","Locale":"es_ES"}},"Offers":{"Summaries":[{"Condition":{"Value":"New"},"LowestPrice":{"Amount":24.99,"Currency":"EUR","DisplayAmount":"24,99 €"}}]}},{"ASIN":"B0C4YLL3QG","DetailPageURL":"https://www.amazon.es/dp/B0C4YLL3QG?tag=topinalambricos-21&linkCode=osi&th=1&psc=1","Images":{"Primary":{"Small":{"Height":75,"URL":"https://m.media-amazon.com/images/I/312yqV-pibL._SL75_.jpg","Width":64}}},"ItemInfo":{"ByLineInfo":{"Brand":{"DisplayValue":"Jissta","Label":"Brand","Locale":"es_ES"},"Manufacturer":{"DisplayValue":"Jissta","Label":"Manufacturer","Locale":"es_ES"}},"Title":{"DisplayValue":"Jissta 4 neceseres Transparentes 20 * 20CM, Bolsa para líquidos de avión, Neceser portátil, Neceser de Viaje para Mujeres y Hombres con asa","Label":"Title","Locale":"es_ES"}},"Offers":{"Summaries":[{"Condition":{"Value":"New"},"LowestPrice":{"Amount":7.99,"Currency":"EUR","DisplayAmount":"7,99 €"}}]}},{"ASIN":"B0B1V8QLLT","DetailPageURL":"https://www.amazon.es/dp/B0B1V8QLLT?tag=topinalambricos-21&linkCode=osi&th=1&psc=1","Images":{"Primary":{"Small":{"Height":75,"URL":"https://m.media-amazon.com/images/I/41aMcaqaMBL._SL75_.jpg","Width":75}}},"ItemInfo":{"ByLineInfo":{"Brand":{"DisplayValue":"Pinsheng","Label":"Brand","Locale":"es_ES"},"Manufacturer":{"DisplayValue":"Pinsheng","Label":"Manufacturer","Locale":"es_ES"}},"Title":{"DisplayValue":"Pinsheng Tirantes Transparentes Sujetador 4 Pares Transparente Hombro Tirantes Claro Sujetador Correas Correas Transparentes Invisibles Antideslizantes de Sujetador para Mujer","Label":"Title","Locale":"es_ES"}},"Offers":{"Summaries":[{"Condition":{"Value":"New"},"LowestPrice":{"Amount":3.99,"Currency":"EUR","DisplayAmount":"3,99 €"}}]}},{"ASIN":"B09C376BCW","DetailPageURL":"https://www.amazon.es/dp/B09C376BCW?tag=topinalambricos-21&linkCode=osi&th=1&psc=1","Images":{"Primary":{"Small":{"Height":75,"URL":"https://m.media-amazon.com/images/I/31DDHCgK0lL._SL75_.jpg","Width":75}}},"ItemInfo":{"ByLineInfo":{"Brand":{"DisplayValue":"Jiakalamo","Label":"Brand","Locale":"es_ES"},"Manufacturer":{"DisplayValue":"Jiakalamo","Label":"Manufacturer","Locale":"es_ES"}},"Title":{"DisplayValue":"Jiakalamo Paraguas transparente plegable, Paraguas transparente automático para bodas , Paraguas transparente plegable mujer antiviento niño bodas travel ,Cierre automático Paraguas","Label":"Title","Locale":"es_ES"}},"Offers":{"Summaries":[{"Condition":{"Value":"New"},"LowestPrice":{"Amount":16.3,"Currency":"EUR","DisplayAmount":"16,30 €"}}]}},{"ASIN":"B081RPLNK1","DetailPageURL":"https://www.amazon.es/dp/B081RPLNK1?tag=topinalambricos-21&linkCode=osi&th=1&psc=1","Images":{"Primary":{"Small":{"Height":75,"URL":"https://m.media-amazon.com/images/I/4146RIkJjkL._SL75_.jpg","Width":75}}},"ItemInfo":{"ByLineInfo":{"Brand":{"DisplayValue":"WENTS","Label":"Brand","Locale":"es_ES"}},"Title":{"DisplayValue":"WENTS Bolsa Transparente de PVC Bolsa Transparente con Bolsillos con Cremallera y Correa para el Hombro Desmontable Cremallera Neceser De Cosmeticos De Mano Gran Capacidad","Label":"Title","Locale":"es_ES"}},"Offers":{"Summaries":[{"Condition":{"Value":"New"},"LowestPrice":{"Amount":11.67,"Currency":"EUR","DisplayAmount":"11,67 €"}}]}},{"ASIN":"B0BNQN89QF","DetailPageURL":"https://www.amazon.es/dp/B0BNQN89QF?tag=topinalambricos-21&linkCode=osi&th=1&psc=1","Images":{"Primary":{"Small":{"Height":75,"URL":"https://m.media-amazon.com/images/I/41m+zixsAKL._SL75_.jpg","Width":75}}},"ItemInfo":{"ByLineInfo":{"Brand":{"DisplayValue":"PUERHUACI","Label":"Brand","Locale":"es_ES"}},"Title":{"DisplayValue":"Neceser Transparente Viaje Avion,Bolsa Liquidos Avion,6 Piezas Bolso Transparente,19x14cm Neceser Viaje Avion,Bolsa Transparente Multifunción con Cremallera","Label":"Title","Locale":"es_ES"}},"Offers":{"Summaries":[{"Condition":{"Value":"New"},"LowestPrice":{"Amount":13.89,"Currency":"EUR","DisplayAmount":"13,89 €"}}]}},{"ASIN":"B0BVVKZLHT","DetailPageURL":"https://www.amazon.es/dp/B0BVVKZLHT?tag=topinalambricos-21&linkCode=osi&th=1&psc=1","Images":{"Primary":{"Small":{"Height":75,"URL":"https://m.media-amazon.com/images/I/41zd76ozzyL._SL75_.jpg","Width":75}}},"ItemInfo":{"ByLineInfo":{"Brand":{"DisplayValue":"Aucuu","Label":"Brand","Locale":"es_ES"},"Manufacturer":{"DisplayValue":"Aucuu®-EU","Label":"Manufacturer","Locale":"es_ES"}},"Title":{"DisplayValue":"Aucuu 4PCS Neceser Hombre, Transparente Neceser Viaje Avion, Bolsa liquidos Avion, Bolsa de Aseo Organizador Mujer, Viajes Accesorios, 20x20cm (Gris+ Cuerda)","Label":"Title","Locale":"es_ES"}},"Offers":{"Summaries":[{"Condition":{"Value":"New"},"LowestPrice":{"Amount":7.98,"Currency":"EUR","DisplayAmount":"7,98 €"}}]}},{"ASIN":"B0BWTJMHXF","DetailPageURL":"https://www.amazon.es/dp/B0BWTJMHXF?tag=topinalambricos-21&linkCode=osi&th=1&psc=1","Images":{"Primary":{"Small":{"Height":75,"URL":"https://m.media-amazon.com/images/I/51-Gsh1xTvL._SL75_.jpg","Width":75}}},"ItemInfo":{"ByLineInfo":{"Brand":{"DisplayValue":"talifoca","Label":"Brand","Locale":"es_ES"},"Manufacturer":{"DisplayValue":"TALIFOCA","Label":"Manufacturer","Locale":"es_ES"}},"Title":{"DisplayValue":"3 Piezas Neceser de Aseo Transparente, Bolsas Transparentes de Avión,Bolsas de Aseo Transparente,Mujer Bolsa de Cosmético Organizador,Kit de Viaje para Avión, para Mujeres y Hombres","Label":"Title","Locale":"es_ES"}},"Offers":{"Summaries":[{"Condition":{"Value":"New"},"LowestPrice":{"Amount":8.99,"Currency":"EUR","DisplayAmount":"8,99 €"}}]}},{"ASIN":"B08YNGRXNK","DetailPageURL":"https://www.amazon.es/dp/B08YNGRXNK?tag=topinalambricos-21&linkCode=osi&th=1&psc=1","Images":{"Primary":{"Small":{"Height":75,"URL":"https://m.media-amazon.com/images/I/4158WjUfRlL._SL75_.jpg","Width":75}}},"ItemInfo":{"ByLineInfo":{"Brand":{"DisplayValue":"Casio","Label":"Brand","Locale":"es_ES"},"Manufacturer":{"DisplayValue":"CASIO","Label":"Manufacturer","Locale":"es_ES"}},"Title":{"DisplayValue":"Casio Unisex-adultos Digital GA-2100SKE-7AER","Label":"Title","Locale":"es_ES"}},"Offers":{"Summaries":[{"Condition":{"Value":"New"},"LowestPrice":{"Amount":83.59,"Currency":"EUR","DisplayAmount":"83,59 €"}}]}},{"ASIN":"B0CH9FT7L6","DetailPageURL":"https://www.amazon.es/dp/B0CH9FT7L6?tag=topinalambricos-21&linkCode=osi&th=1&psc=1","Images":{"Primary":{"Small":{"Height":75,"URL":"https://m.media-amazon.com/images/I/41Zy4SoABVL._SL75_.jpg","Width":75}}},"ItemInfo":{"ByLineInfo":{"Brand":{"DisplayValue":"Smilbaley","Label":"Brand","Locale":"es_ES"},"Manufacturer":{"DisplayValue":"D-22","Label":"Manufacturer","Locale":"es_ES"}},"Title":{"DisplayValue":"Smilbaley 2 Piezas Bolsa de Gimnasia Transparente, Bolsa de Cincha Transparente, Bolsa de Gimnasia Transparente con Cordón, para Escuelas, Exteriores, Gimnasios, Playas (35×45cm)","Label":"Title","Locale":"es_ES"}},"Offers":{"Summaries":[{"Condition":{"Value":"New"},"LowestPrice":{"Amount":14.99,"Currency":"EUR","DisplayAmount":"14,99 €"}}]}}],"SearchURL":"https://www.amazon.es/s?k=transparente&rh=n%3A14223378031%2Cp_n_availability%3A-1&tag=topinalambricos-21&linkCode=osi","TotalResultCount":306}},"52":{"SearchResult":{"Items":[{"ASIN":"B07GBN7JMK","DetailPageURL":"https://www.amazon.es/dp/B07GBN7JMK?tag=topinalambricos-21&linkCode=osi&th=1&psc=1","Images":{"Primary":{"Small":{"Height":75,"URL":"https://m.media-amazon.com/images/I/31vHA+wxLoL._SL75_.jpg","Width":70}}},"ItemInfo":{"ByLineInfo":{"Brand":{"DisplayValue":"Lancoon","Label":"Brand","Locale":"es_ES"},"Manufacturer":{"DisplayValue":"Lancoon","Label":"Manufacturer","Locale":"es_ES"}},"Title":{"DisplayValue":"Lancoon Paraguas Cúpula Transparente Mujer, 16 Costillas TamañO Grande A Prueba De Viento AutomáTico Abierto KS10White","Label":"Title","Locale":"es_ES"}},"Offers":{"Summaries":[{"Condition":{"Value":"New"},"LowestPrice":{"Amount":24.99,"Currency":"EUR","DisplayAmount":"24,99 €"}}]}},{"ASIN":"B0C4YLL3QG","DetailPageURL":"https://www.amazon.es/dp/B0C4YLL3QG?tag=topinalambricos-21&linkCode=osi&th=1&psc=1","Images":{"Primary":{"Small":{"Height":75,"URL":"https://m.media-amazon.com/images/I/312yqV-pibL._SL75_.jpg","Width":64}}},"ItemInfo":{"ByLineInfo":{"Brand":{"DisplayValue":"Jissta","Label":"Brand","Locale":"es_ES"},"Manufacturer":{"DisplayValue":"Jissta","Label":"Manufacturer","Locale":"es_ES"}},"Title":{"DisplayValue":"Jissta 4 neceseres Transparentes 20 * 20CM, Bolsa para líquidos de avión, Neceser portátil, Neceser de Viaje para Mujeres y Hombres con asa","Label":"Title","Locale":"es_ES"}},"Offers":{"Summaries":[{"Condition":{"Value":"New"},"LowestPrice":{"Amount":7.99,"Currency":"EUR","DisplayAmount":"7,99 €"}}]}},{"ASIN":"B0B1V8QLLT","DetailPageURL":"https://www.amazon.es/dp/B0B1V8QLLT?tag=topinalambricos-21&linkCode=osi&th=1&psc=1","Images":{"Primary":{"Small":{"Height":75,"URL":"https://m.media-amazon.com/images/I/41aMcaqaMBL._SL75_.jpg","Width":75}}},"ItemInfo":{"ByLineInfo":{"Brand":{"DisplayValue":"Pinsheng","Label":"Brand","Locale":"es_ES"},"Manufacturer":{"DisplayValue":"Pinsheng","Label":"Manufacturer","Locale":"es_ES"}},"Title":{"DisplayValue":"Pinsheng Tirantes Transparentes Sujetador 4 Pares Transparente Hombro Tirantes Claro Sujetador Correas Correas Transparentes Invisibles Antideslizantes de Sujetador para Mujer","Label":"Title","Locale":"es_ES"}},"Offers":{"Summaries":[{"Condition":{"Value":"New"},"LowestPrice":{"Amount":3.99,"Currency":"EUR","DisplayAmount":"3,99 €"}}]}},{"ASIN":"B09C376BCW","DetailPageURL":"https://www.amazon.es/dp/B09C376BCW?tag=topinalambricos-21&linkCode=osi&th=1&psc=1","Images":{"Primary":{"Small":{"Height":75,"URL":"https://m.media-amazon.com/images/I/31DDHCgK0lL._SL75_.jpg","Width":75}}},"ItemInfo":{"ByLineInfo":{"Brand":{"DisplayValue":"Jiakalamo","Label":"Brand","Locale":"es_ES"},"Manufacturer":{"DisplayValue":"Jiakalamo","Label":"Manufacturer","Locale":"es_ES"}},"Title":{"DisplayValue":"Jiakalamo Paraguas transparente plegable, Paraguas transparente automático para bodas , Paraguas transparente plegable mujer antiviento niño bodas travel ,Cierre automático Paraguas","Label":"Title","Locale":"es_ES"}},"Offers":{"Summaries":[{"Condition":{"Value":"New"},"LowestPrice":{"Amount":16.3,"Currency":"EUR","DisplayAmount":"16,30 €"}}]}},{"ASIN":"B081RPLNK1","DetailPageURL":"https://www.amazon.es/dp/B081RPLNK1?tag=topinalambricos-21&linkCode=osi&th=1&psc=1","Images":{"Primary":{"Small":{"Height":75,"URL":"https://m.media-amazon.com/images/I/4146RIkJjkL._SL75_.jpg","Width":75}}},"ItemInfo":{"ByLineInfo":{"Brand":{"DisplayValue":"WENTS","Label":"Brand","Locale":"es_ES"}},"Title":{"DisplayValue":"WENTS Bolsa Transparente de PVC Bolsa Transparente con Bolsillos con Cremallera y Correa para el Hombro Desmontable Cremallera Neceser De Cosmeticos De Mano Gran Capacidad","Label":"Title","Locale":"es_ES"}},"Offers":{"Summaries":[{"Condition":{"Value":"New"},"LowestPrice":{"Amount":11.67,"Currency":"EUR","DisplayAmount":"11,67 €"}}]}},{"ASIN":"B0BNQN89QF","DetailPageURL":"https://www.amazon.es/dp/B0BNQN89QF?tag=topinalambricos-21&linkCode=osi&th=1&psc=1","Images":{"Primary":{"Small":{"Height":75,"URL":"https://m.media-amazon.com/images/I/41m+zixsAKL._SL75_.jpg","Width":75}}},"ItemInfo":{"ByLineInfo":{"Brand":{"DisplayValue":"PUERHUACI","Label":"Brand","Locale":"es_ES"}},"Title":{"DisplayValue":"Neceser Transparente Viaje Avion,Bolsa Liquidos Avion,6 Piezas Bolso Transparente,19x14cm Neceser Viaje Avion,Bolsa Transparente Multifunción con Cremallera","Label":"Title","Locale":"es_ES"}},"Offers":{"Summaries":[{"Condition":{"Value":"New"},"LowestPrice":{"Amount":13.89,"Currency":"EUR","DisplayAmount":"13,89 €"}}]}},{"ASIN":"B0BVVKZLHT","DetailPageURL":"https://www.amazon.es/dp/B0BVVKZLHT?tag=topinalambricos-21&linkCode=osi&th=1&psc=1","Images":{"Primary":{"Small":{"Height":75,"URL":"https://m.media-amazon.com/images/I/41zd76ozzyL._SL75_.jpg","Width":75}}},"ItemInfo":{"ByLineInfo":{"Brand":{"DisplayValue":"Aucuu","Label":"Brand","Locale":"es_ES"},"Manufacturer":{"DisplayValue":"Aucuu®-EU","Label":"Manufacturer","Locale":"es_ES"}},"Title":{"DisplayValue":"Aucuu 4PCS Neceser Hombre, Transparente Neceser Viaje Avion, Bolsa liquidos Avion, Bolsa de Aseo Organizador Mujer, Viajes Accesorios, 20x20cm (Gris+ Cuerda)","Label":"Title","Locale":"es_ES"}},"Offers":{"Summaries":[{"Condition":{"Value":"New"},"LowestPrice":{"Amount":7.98,"Currency":"EUR","DisplayAmount":"7,98 €"}}]}},{"ASIN":"B0BWTJMHXF","DetailPageURL":"https://www.amazon.es/dp/B0BWTJMHXF?tag=topinalambricos-21&linkCode=osi&th=1&psc=1","Images":{"Primary":{"Small":{"Height":75,"URL":"https://m.media-amazon.com/images/I/51-Gsh1xTvL._SL75_.jpg","Width":75}}},"ItemInfo":{"ByLineInfo":{"Brand":{"DisplayValue":"talifoca","Label":"Brand","Locale":"es_ES"},"Manufacturer":{"DisplayValue":"TALIFOCA","Label":"Manufacturer","Locale":"es_ES"}},"Title":{"DisplayValue":"3 Piezas Neceser de Aseo Transparente, Bolsas Transparentes de Avión,Bolsas de Aseo Transparente,Mujer Bolsa de Cosmético Organizador,Kit de Viaje para Avión, para Mujeres y Hombres","Label":"Title","Locale":"es_ES"}},"Offers":{"Summaries":[{"Condition":{"Value":"New"},"LowestPrice":{"Amount":8.99,"Currency":"EUR","DisplayAmount":"8,99 €"}}]}},{"ASIN":"B08YNGRXNK","DetailPageURL":"https://www.amazon.es/dp/B08YNGRXNK?tag=topinalambricos-21&linkCode=osi&th=1&psc=1","Images":{"Primary":{"Small":{"Height":75,"URL":"https://m.media-amazon.com/images/I/4158WjUfRlL._SL75_.jpg","Width":75}}},"ItemInfo":{"ByLineInfo":{"Brand":{"DisplayValue":"Casio","Label":"Brand","Locale":"es_ES"},"Manufacturer":{"DisplayValue":"CASIO","Label":"Manufacturer","Locale":"es_ES"}},"Title":{"DisplayValue":"Casio Unisex-adultos Digital GA-2100SKE-7AER","Label":"Title","Locale":"es_ES"}},"Offers":{"Summaries":[{"Condition":{"Value":"New"},"LowestPrice":{"Amount":83.59,"Currency":"EUR","DisplayAmount":"83,59 €"}}]}},{"ASIN":"B0CH9FT7L6","DetailPageURL":"https://www.amazon.es/dp/B0CH9FT7L6?tag=topinalambricos-21&linkCode=osi&th=1&psc=1","Images":{"Primary":{"Small":{"Height":75,"URL":"https://m.media-amazon.com/images/I/41Zy4SoABVL._SL75_.jpg","Width":75}}},"ItemInfo":{"ByLineInfo":{"Brand":{"DisplayValue":"Smilbaley","Label":"Brand","Locale":"es_ES"},"Manufacturer":{"DisplayValue":"D-22","Label":"Manufacturer","Locale":"es_ES"}},"Title":{"DisplayValue":"Smilbaley 2 Piezas Bolsa de Gimnasia Transparente, Bolsa de Cincha Transparente, Bolsa de Gimnasia Transparente con Cordón, para Escuelas, Exteriores, Gimnasios, Playas (35×45cm)","Label":"Title","Locale":"es_ES"}},"Offers":{"Summaries":[{"Condition":{"Value":"New"},"LowestPrice":{"Amount":14.99,"Currency":"EUR","DisplayAmount":"14,99 €"}}]}}],"SearchURL":"https://www.amazon.es/s?k=transparente&rh=n%3A14223378031%2Cp_n_availability%3A-1&tag=topinalambricos-21&linkCode=osi","TotalResultCount":306}},"53":{"SearchResult":{"Items":[{"ASIN":"B07GBN7JMK","DetailPageURL":"https://www.amazon.es/dp/B07GBN7JMK?tag=topinalambricos-21&linkCode=osi&th=1&psc=1","Images":{"Primary":{"Small":{"Height":75,"URL":"https://m.media-amazon.com/images/I/31vHA+wxLoL._SL75_.jpg","Width":70}}},"ItemInfo":{"ByLineInfo":{"Brand":{"DisplayValue":"Lancoon","Label":"Brand","Locale":"es_ES"},"Manufacturer":{"DisplayValue":"Lancoon","Label":"Manufacturer","Locale":"es_ES"}},"Title":{"DisplayValue":"Lancoon Paraguas Cúpula Transparente Mujer, 16 Costillas TamañO Grande A Prueba De Viento AutomáTico Abierto KS10White","Label":"Title","Locale":"es_ES"}},"Offers":{"Summaries":[{"Condition":{"Value":"New"},"LowestPrice":{"Amount":24.99,"Currency":"EUR","DisplayAmount":"24,99 €"}}]}},{"ASIN":"B0C4YLL3QG","DetailPageURL":"https://www.amazon.es/dp/B0C4YLL3QG?tag=topinalambricos-21&linkCode=osi&th=1&psc=1","Images":{"Primary":{"Small":{"Height":75,"URL":"https://m.media-amazon.com/images/I/312yqV-pibL._SL75_.jpg","Width":64}}},"ItemInfo":{"ByLineInfo":{"Brand":{"DisplayValue":"Jissta","Label":"Brand","Locale":"es_ES"},"Manufacturer":{"DisplayValue":"Jissta","Label":"Manufacturer","Locale":"es_ES"}},"Title":{"DisplayValue":"Jissta 4 neceseres Transparentes 20 * 20CM, Bolsa para líquidos de avión, Neceser portátil, Neceser de Viaje para Mujeres y Hombres con asa","Label":"Title","Locale":"es_ES"}},"Offers":{"Summaries":[{"Condition":{"Value":"New"},"LowestPrice":{"Amount":7.99,"Currency":"EUR","DisplayAmount":"7,99 €"}}]}},{"ASIN":"B0B1V8QLLT","DetailPageURL":"https://www.amazon.es/dp/B0B1V8QLLT?tag=topinalambricos-21&linkCode=osi&th=1&psc=1","Images":{"Primary":{"Small":{"Height":75,"URL":"https://m.media-amazon.com/images/I/41aMcaqaMBL._SL75_.jpg","Width":75}}},"ItemInfo":{"ByLineInfo":{"Brand":{"DisplayValue":"Pinsheng","Label":"Brand","Locale":"es_ES"},"Manufacturer":{"DisplayValue":"Pinsheng","Label":"Manufacturer","Locale":"es_ES"}},"Title":{"DisplayValue":"Pinsheng Tirantes Transparentes Sujetador 4 Pares Transparente Hombro Tirantes Claro Sujetador Correas Correas Transparentes Invisibles Antideslizantes de Sujetador para Mujer","Label":"Title","Locale":"es_ES"}},"Offers":{"Summaries":[{"Condition":{"Value":"New"},"LowestPrice":{"Amount":3.99,"Currency":"EUR","DisplayAmount":"3,99 €"}}]}},{"ASIN":"B09C376BCW","DetailPageURL":"https://www.amazon.es/dp/B09C376BCW?tag=topinalambricos-21&linkCode=osi&th=1&psc=1","Images":{"Primary":{"Small":{"Height":75,"URL":"https://m.media-amazon.com/images/I/31DDHCgK0lL._SL75_.jpg","Width":75}}},"ItemInfo":{"ByLineInfo":{"Brand":{"DisplayValue":"Jiakalamo","Label":"Brand","Locale":"es_ES"},"Manufacturer":{"DisplayValue":"Jiakalamo","Label":"Manufacturer","Locale":"es_ES"}},"Title":{"DisplayValue":"Jiakalamo Paraguas transparente plegable, Paraguas transparente automático para bodas , Paraguas transparente plegable mujer antiviento niño bodas travel ,Cierre automático Paraguas","Label":"Title","Locale":"es_ES"}},"Offers":{"Summaries":[{"Condition":{"Value":"New"},"LowestPrice":{"Amount":16.3,"Currency":"EUR","DisplayAmount":"16,30 €"}}]}},{"ASIN":"B081RPLNK1","DetailPageURL":"https://www.amazon.es/dp/B081RPLNK1?tag=topinalambricos-21&linkCode=osi&th=1&psc=1","Images":{"Primary":{"Small":{"Height":75,"URL":"https://m.media-amazon.com/images/I/4146RIkJjkL._SL75_.jpg","Width":75}}},"ItemInfo":{"ByLineInfo":{"Brand":{"DisplayValue":"WENTS","Label":"Brand","Locale":"es_ES"}},"Title":{"DisplayValue":"WENTS Bolsa Transparente de PVC Bolsa Transparente con Bolsillos con Cremallera y Correa para el Hombro Desmontable Cremallera Neceser De Cosmeticos De Mano Gran Capacidad","Label":"Title","Locale":"es_ES"}},"Offers":{"Summaries":[{"Condition":{"Value":"New"},"LowestPrice":{"Amount":11.67,"Currency":"EUR","DisplayAmount":"11,67 €"}}]}},{"ASIN":"B0BNQN89QF","DetailPageURL":"https://www.amazon.es/dp/B0BNQN89QF?tag=topinalambricos-21&linkCode=osi&th=1&psc=1","Images":{"Primary":{"Small":{"Height":75,"URL":"https://m.media-amazon.com/images/I/41m+zixsAKL._SL75_.jpg","Width":75}}},"ItemInfo":{"ByLineInfo":{"Brand":{"DisplayValue":"PUERHUACI","Label":"Brand","Locale":"es_ES"}},"Title":{"DisplayValue":"Neceser Transparente Viaje Avion,Bolsa Liquidos Avion,6 Piezas Bolso Transparente,19x14cm Neceser Viaje Avion,Bolsa Transparente Multifunción con Cremallera","Label":"Title","Locale":"es_ES"}},"Offers":{"Summaries":[{"Condition":{"Value":"New"},"LowestPrice":{"Amount":13.89,"Currency":"EUR","DisplayAmount":"13,89 €"}}]}},{"ASIN":"B0BVVKZLHT","DetailPageURL":"https://www.amazon.es/dp/B0BVVKZLHT?tag=topinalambricos-21&linkCode=osi&th=1&psc=1","Images":{"Primary":{"Small":{"Height":75,"URL":"https://m.media-amazon.com/images/I/41zd76ozzyL._SL75_.jpg","Width":75}}},"ItemInfo":{"ByLineInfo":{"Brand":{"DisplayValue":"Aucuu","Label":"Brand","Locale":"es_ES"},"Manufacturer":{"DisplayValue":"Aucuu®-EU","Label":"Manufacturer","Locale":"es_ES"}},"Title":{"DisplayValue":"Aucuu 4PCS Neceser Hombre, Transparente Neceser Viaje Avion, Bolsa liquidos Avion, Bolsa de Aseo Organizador Mujer, Viajes Accesorios, 20x20cm (Gris+ Cuerda)","Label":"Title","Locale":"es_ES"}},"Offers":{"Summaries":[{"Condition":{"Value":"New"},"LowestPrice":{"Amount":7.98,"Currency":"EUR","DisplayAmount":"7,98 €"}}]}},{"ASIN":"B0BWTJMHXF","DetailPageURL":"https://www.amazon.es/dp/B0BWTJMHXF?tag=topinalambricos-21&linkCode=osi&th=1&psc=1","Images":{"Primary":{"Small":{"Height":75,"URL":"https://m.media-amazon.com/images/I/51-Gsh1xTvL._SL75_.jpg","Width":75}}},"ItemInfo":{"ByLineInfo":{"Brand":{"DisplayValue":"talifoca","Label":"Brand","Locale":"es_ES"},"Manufacturer":{"DisplayValue":"TALIFOCA","Label":"Manufacturer","Locale":"es_ES"}},"Title":{"DisplayValue":"3 Piezas Neceser de Aseo Transparente, Bolsas Transparentes de Avión,Bolsas de Aseo Transparente,Mujer Bolsa de Cosmético Organizador,Kit de Viaje para Avión, para Mujeres y Hombres","Label":"Title","Locale":"es_ES"}},"Offers":{"Summaries":[{"Condition":{"Value":"New"},"LowestPrice":{"Amount":8.99,"Currency":"EUR","DisplayAmount":"8,99 €"}}]}},{"ASIN":"B08YNGRXNK","DetailPageURL":"https://www.amazon.es/dp/B08YNGRXNK?tag=topinalambricos-21&linkCode=osi&th=1&psc=1","Images":{"Primary":{"Small":{"Height":75,"URL":"https://m.media-amazon.com/images/I/4158WjUfRlL._SL75_.jpg","Width":75}}},"ItemInfo":{"ByLineInfo":{"Brand":{"DisplayValue":"Casio","Label":"Brand","Locale":"es_ES"},"Manufacturer":{"DisplayValue":"CASIO","Label":"Manufacturer","Locale":"es_ES"}},"Title":{"DisplayValue":"Casio Unisex-adultos Digital GA-2100SKE-7AER","Label":"Title","Locale":"es_ES"}},"Offers":{"Summaries":[{"Condition":{"Value":"New"},"LowestPrice":{"Amount":83.59,"Currency":"EUR","DisplayAmount":"83,59 €"}}]}},{"ASIN":"B0CH9FT7L6","DetailPageURL":"https://www.amazon.es/dp/B0CH9FT7L6?tag=topinalambricos-21&linkCode=osi&th=1&psc=1","Images":{"Primary":{"Small":{"Height":75,"URL":"https://m.media-amazon.com/images/I/41Zy4SoABVL._SL75_.jpg","Width":75}}},"ItemInfo":{"ByLineInfo":{"Brand":{"DisplayValue":"Smilbaley","Label":"Brand","Locale":"es_ES"},"Manufacturer":{"DisplayValue":"D-22","Label":"Manufacturer","Locale":"es_ES"}},"Title":{"DisplayValue":"Smilbaley 2 Piezas Bolsa de Gimnasia Transparente, Bolsa de Cincha Transparente, Bolsa de Gimnasia Transparente con Cordón, para Escuelas, Exteriores, Gimnasios, Playas (35×45cm)","Label":"Title","Locale":"es_ES"}},"Offers":{"Summaries":[{"Condition":{"Value":"New"},"LowestPrice":{"Amount":14.99,"Currency":"EUR","DisplayAmount":"14,99 €"}}]}}],"SearchURL":"https://www.amazon.es/s?k=transparente&rh=n%3A14223378031%2Cp_n_availability%3A-1&tag=topinalambricos-21&linkCode=osi","TotalResultCount":306}},"54":{"SearchResult":{"Items":[{"ASIN":"B07GBN7JMK","DetailPageURL":"https://www.amazon.es/dp/B07GBN7JMK?tag=topinalambricos-21&linkCode=osi&th=1&psc=1","Images":{"Primary":{"Small":{"Height":75,"URL":"https://m.media-amazon.com/images/I/31vHA+wxLoL._SL75_.jpg","Width":70}}},"ItemInfo":{"ByLineInfo":{"Brand":{"DisplayValue":"Lancoon","Label":"Brand","Locale":"es_ES"},"Manufacturer":{"DisplayValue":"Lancoon","Label":"Manufacturer","Locale":"es_ES"}},"Title":{"DisplayValue":"Lancoon Paraguas Cúpula Transparente Mujer, 16 Costillas TamañO Grande A Prueba De Viento AutomáTico Abierto KS10White","Label":"Title","Locale":"es_ES"}},"Offers":{"Summaries":[{"Condition":{"Value":"New"},"LowestPrice":{"Amount":24.99,"Currency":"EUR","DisplayAmount":"24,99 €"}}]}},{"ASIN":"B0C4YLL3QG","DetailPageURL":"https://www.amazon.es/dp/B0C4YLL3QG?tag=topinalambricos-21&linkCode=osi&th=1&psc=1","Images":{"Primary":{"Small":{"Height":75,"URL":"https://m.media-amazon.com/images/I/312yqV-pibL._SL75_.jpg","Width":64}}},"ItemInfo":{"ByLineInfo":{"Brand":{"DisplayValue":"Jissta","Label":"Brand","Locale":"es_ES"},"Manufacturer":{"DisplayValue":"Jissta","Label":"Manufacturer","Locale":"es_ES"}},"Title":{"DisplayValue":"Jissta 4 neceseres Transparentes 20 * 20CM, Bolsa para líquidos de avión, Neceser portátil, Neceser de Viaje para Mujeres y Hombres con asa","Label":"Title","Locale":"es_ES"}},"Offers":{"Summaries":[{"Condition":{"Value":"New"},"LowestPrice":{"Amount":7.99,"Currency":"EUR","DisplayAmount":"7,99 €"}}]}},{"ASIN":"B0B1V8QLLT","DetailPageURL":"https://www.amazon.es/dp/B0B1V8QLLT?tag=topinalambricos-21&linkCode=osi&th=1&psc=1","Images":{"Primary":{"Small":{"Height":75,"URL":"https://m.media-amazon.com/images/I/41aMcaqaMBL._SL75_.jpg","Width":75}}},"ItemInfo":{"ByLineInfo":{"Brand":{"DisplayValue":"Pinsheng","Label":"Brand","Locale":"es_ES"},"Manufacturer":{"DisplayValue":"Pinsheng","Label":"Manufacturer","Locale":"es_ES"}},"Title":{"DisplayValue":"Pinsheng Tirantes Transparentes Sujetador 4 Pares Transparente Hombro Tirantes Claro Sujetador Correas Correas Transparentes Invisibles Antideslizantes de Sujetador para Mujer","Label":"Title","Locale":"es_ES"}},"Offers":{"Summaries":[{"Condition":{"Value":"New"},"LowestPrice":{"Amount":3.99,"Currency":"EUR","DisplayAmount":"3,99 €"}}]}},{"ASIN":"B09C376BCW","DetailPageURL":"https://www.amazon.es/dp/B09C376BCW?tag=topinalambricos-21&linkCode=osi&th=1&psc=1","Images":{"Primary":{"Small":{"Height":75,"URL":"https://m.media-amazon.com/images/I/31DDHCgK0lL._SL75_.jpg","Width":75}}},"ItemInfo":{"ByLineInfo":{"Brand":{"DisplayValue":"Jiakalamo","Label":"Brand","Locale":"es_ES"},"Manufacturer":{"DisplayValue":"Jiakalamo","Label":"Manufacturer","Locale":"es_ES"}},"Title":{"DisplayValue":"Jiakalamo Paraguas transparente plegable, Paraguas transparente automático para bodas , Paraguas transparente plegable mujer antiviento niño bodas travel ,Cierre automático Paraguas","Label":"Title","Locale":"es_ES"}},"Offers":{"Summaries":[{"Condition":{"Value":"New"},"LowestPrice":{"Amount":16.3,"Currency":"EUR","DisplayAmount":"16,30 €"}}]}},{"ASIN":"B081RPLNK1","DetailPageURL":"https://www.amazon.es/dp/B081RPLNK1?tag=topinalambricos-21&linkCode=osi&th=1&psc=1","Images":{"Primary":{"Small":{"Height":75,"URL":"https://m.media-amazon.com/images/I/4146RIkJjkL._SL75_.jpg","Width":75}}},"ItemInfo":{"ByLineInfo":{"Brand":{"DisplayValue":"WENTS","Label":"Brand","Locale":"es_ES"}},"Title":{"DisplayValue":"WENTS Bolsa Transparente de PVC Bolsa Transparente con Bolsillos con Cremallera y Correa para el Hombro Desmontable Cremallera Neceser De Cosmeticos De Mano Gran Capacidad","Label":"Title","Locale":"es_ES"}},"Offers":{"Summaries":[{"Condition":{"Value":"New"},"LowestPrice":{"Amount":11.67,"Currency":"EUR","DisplayAmount":"11,67 €"}}]}},{"ASIN":"B0BNQN89QF","DetailPageURL":"https://www.amazon.es/dp/B0BNQN89QF?tag=topinalambricos-21&linkCode=osi&th=1&psc=1","Images":{"Primary":{"Small":{"Height":75,"URL":"https://m.media-amazon.com/images/I/41m+zixsAKL._SL75_.jpg","Width":75}}},"ItemInfo":{"ByLineInfo":{"Brand":{"DisplayValue":"PUERHUACI","Label":"Brand","Locale":"es_ES"}},"Title":{"DisplayValue":"Neceser Transparente Viaje Avion,Bolsa Liquidos Avion,6 Piezas Bolso Transparente,19x14cm Neceser Viaje Avion,Bolsa Transparente Multifunción con Cremallera","Label":"Title","Locale":"es_ES"}},"Offers":{"Summaries":[{"Condition":{"Value":"New"},"LowestPrice":{"Amount":13.89,"Currency":"EUR","DisplayAmount":"13,89 €"}}]}},{"ASIN":"B0BVVKZLHT","DetailPageURL":"https://www.amazon.es/dp/B0BVVKZLHT?tag=topinalambricos-21&linkCode=osi&th=1&psc=1","Images":{"Primary":{"Small":{"Height":75,"URL":"https://m.media-amazon.com/images/I/41zd76ozzyL._SL75_.jpg","Width":75}}},"ItemInfo":{"ByLineInfo":{"Brand":{"DisplayValue":"Aucuu","Label":"Brand","Locale":"es_ES"},"Manufacturer":{"DisplayValue":"Aucuu®-EU","Label":"Manufacturer","Locale":"es_ES"}},"Title":{"DisplayValue":"Aucuu 4PCS Neceser Hombre, Transparente Neceser Viaje Avion, Bolsa liquidos Avion, Bolsa de Aseo Organizador Mujer, Viajes Accesorios, 20x20cm (Gris+ Cuerda)","Label":"Title","Locale":"es_ES"}},"Offers":{"Summaries":[{"Condition":{"Value":"New"},"LowestPrice":{"Amount":7.98,"Currency":"EUR","DisplayAmount":"7,98 €"}}]}},{"ASIN":"B0BWTJMHXF","DetailPageURL":"https://www.amazon.es/dp/B0BWTJMHXF?tag=topinalambricos-21&linkCode=osi&th=1&psc=1","Images":{"Primary":{"Small":{"Height":75,"URL":"https://m.media-amazon.com/images/I/51-Gsh1xTvL._SL75_.jpg","Width":75}}},"ItemInfo":{"ByLineInfo":{"Brand":{"DisplayValue":"talifoca","Label":"Brand","Locale":"es_ES"},"Manufacturer":{"DisplayValue":"TALIFOCA","Label":"Manufacturer","Locale":"es_ES"}},"Title":{"DisplayValue":"3 Piezas Neceser de Aseo Transparente, Bolsas Transparentes de Avión,Bolsas de Aseo Transparente,Mujer Bolsa de Cosmético Organizador,Kit de Viaje para Avión, para Mujeres y Hombres","Label":"Title","Locale":"es_ES"}},"Offers":{"Summaries":[{"Condition":{"Value":"New"},"LowestPrice":{"Amount":8.99,"Currency":"EUR","DisplayAmount":"8,99 €"}}]}},{"ASIN":"B08YNGRXNK","DetailPageURL":"https://www.amazon.es/dp/B08YNGRXNK?tag=topinalambricos-21&linkCode=osi&th=1&psc=1","Images":{"Primary":{"Small":{"Height":75,"URL":"https://m.media-amazon.com/images/I/4158WjUfRlL._SL75_.jpg","Width":75}}},"ItemInfo":{"ByLineInfo":{"Brand":{"DisplayValue":"Casio","Label":"Brand","Locale":"es_ES"},"Manufacturer":{"DisplayValue":"CASIO","Label":"Manufacturer","Locale":"es_ES"}},"Title":{"DisplayValue":"Casio Unisex-adultos Digital GA-2100SKE-7AER","Label":"Title","Locale":"es_ES"}},"Offers":{"Summaries":[{"Condition":{"Value":"New"},"LowestPrice":{"Amount":83.59,"Currency":"EUR","DisplayAmount":"83,59 €"}}]}},{"ASIN":"B0CH9FT7L6","DetailPageURL":"https://www.amazon.es/dp/B0CH9FT7L6?tag=topinalambricos-21&linkCode=osi&th=1&psc=1","Images":{"Primary":{"Small":{"Height":75,"URL":"https://m.media-amazon.com/images/I/41Zy4SoABVL._SL75_.jpg","Width":75}}},"ItemInfo":{"ByLineInfo":{"Brand":{"DisplayValue":"Smilbaley","Label":"Brand","Locale":"es_ES"},"Manufacturer":{"DisplayValue":"D-22","Label":"Manufacturer","Locale":"es_ES"}},"Title":{"DisplayValue":"Smilbaley 2 Piezas Bolsa de Gimnasia Transparente, Bolsa de Cincha Transparente, Bolsa de Gimnasia Transparente con Cordón, para Escuelas, Exteriores, Gimnasios, Playas (35×45cm)","Label":"Title","Locale":"es_ES"}},"Offers":{"Summaries":[{"Condition":{"Value":"New"},"LowestPrice":{"Amount":14.99,"Currency":"EUR","DisplayAmount":"14,99 €"}}]}}],"SearchURL":"https://www.amazon.es/s?k=transparente&rh=n%3A14223378031%2Cp_n_availability%3A-1&tag=topinalambricos-21&linkCode=osi","TotalResultCount":306}},"55":{"SearchResult":{"Items":[{"ASIN":"B07GBN7JMK","DetailPageURL":"https://www.amazon.es/dp/B07GBN7JMK?tag=topinalambricos-21&linkCode=osi&th=1&psc=1","Images":{"Primary":{"Small":{"Height":75,"URL":"https://m.media-amazon.com/images/I/31vHA+wxLoL._SL75_.jpg","Width":70}}},"ItemInfo":{"ByLineInfo":{"Brand":{"DisplayValue":"Lancoon","Label":"Brand","Locale":"es_ES"},"Manufacturer":{"DisplayValue":"Lancoon","Label":"Manufacturer","Locale":"es_ES"}},"Title":{"DisplayValue":"Lancoon Paraguas Cúpula Transparente Mujer, 16 Costillas TamañO Grande A Prueba De Viento AutomáTico Abierto KS10White","Label":"Title","Locale":"es_ES"}},"Offers":{"Summaries":[{"Condition":{"Value":"New"},"LowestPrice":{"Amount":24.99,"Currency":"EUR","DisplayAmount":"24,99 €"}}]}},{"ASIN":"B0C4YLL3QG","DetailPageURL":"https://www.amazon.es/dp/B0C4YLL3QG?tag=topinalambricos-21&linkCode=osi&th=1&psc=1","Images":{"Primary":{"Small":{"Height":75,"URL":"https://m.media-amazon.com/images/I/312yqV-pibL._SL75_.jpg","Width":64}}},"ItemInfo":{"ByLineInfo":{"Brand":{"DisplayValue":"Jissta","Label":"Brand","Locale":"es_ES"},"Manufacturer":{"DisplayValue":"Jissta","Label":"Manufacturer","Locale":"es_ES"}},"Title":{"DisplayValue":"Jissta 4 neceseres Transparentes 20 * 20CM, Bolsa para líquidos de avión, Neceser portátil, Neceser de Viaje para Mujeres y Hombres con asa","Label":"Title","Locale":"es_ES"}},"Offers":{"Summaries":[{"Condition":{"Value":"New"},"LowestPrice":{"Amount":7.99,"Currency":"EUR","DisplayAmount":"7,99 €"}}]}},{"ASIN":"B0B1V8QLLT","DetailPageURL":"https://www.amazon.es/dp/B0B1V8QLLT?tag=topinalambricos-21&linkCode=osi&th=1&psc=1","Images":{"Primary":{"Small":{"Height":75,"URL":"https://m.media-amazon.com/images/I/41aMcaqaMBL._SL75_.jpg","Width":75}}},"ItemInfo":{"ByLineInfo":{"Brand":{"DisplayValue":"Pinsheng","Label":"Brand","Locale":"es_ES"},"Manufacturer":{"DisplayValue":"Pinsheng","Label":"Manufacturer","Locale":"es_ES"}},"Title":{"DisplayValue":"Pinsheng Tirantes Transparentes Sujetador 4 Pares Transparente Hombro Tirantes Claro Sujetador Correas Correas Transparentes Invisibles Antideslizantes de Sujetador para Mujer","Label":"Title","Locale":"es_ES"}},"Offers":{"Summaries":[{"Condition":{"Value":"New"},"LowestPrice":{"Amount":3.99,"Currency":"EUR","DisplayAmount":"3,99 €"}}]}},{"ASIN":"B09C376BCW","DetailPageURL":"https://www.amazon.es/dp/B09C376BCW?tag=topinalambricos-21&linkCode=osi&th=1&psc=1","Images":{"Primary":{"Small":{"Height":75,"URL":"https://m.media-amazon.com/images/I/31DDHCgK0lL._SL75_.jpg","Width":75}}},"ItemInfo":{"ByLineInfo":{"Brand":{"DisplayValue":"Jiakalamo","Label":"Brand","Locale":"es_ES"},"Manufacturer":{"DisplayValue":"Jiakalamo","Label":"Manufacturer","Locale":"es_ES"}},"Title":{"DisplayValue":"Jiakalamo Paraguas transparente plegable, Paraguas transparente automático para bodas , Paraguas transparente plegable mujer antiviento niño bodas travel ,Cierre automático Paraguas","Label":"Title","Locale":"es_ES"}},"Offers":{"Summaries":[{"Condition":{"Value":"New"},"LowestPrice":{"Amount":16.3,"Currency":"EUR","DisplayAmount":"16,30 €"}}]}},{"ASIN":"B081RPLNK1","DetailPageURL":"https://www.amazon.es/dp/B081RPLNK1?tag=topinalambricos-21&linkCode=osi&th=1&psc=1","Images":{"Primary":{"Small":{"Height":75,"URL":"https://m.media-amazon.com/images/I/4146RIkJjkL._SL75_.jpg","Width":75}}},"ItemInfo":{"ByLineInfo":{"Brand":{"DisplayValue":"WENTS","Label":"Brand","Locale":"es_ES"}},"Title":{"DisplayValue":"WENTS Bolsa Transparente de PVC Bolsa Transparente con Bolsillos con Cremallera y Correa para el Hombro Desmontable Cremallera Neceser De Cosmeticos De Mano Gran Capacidad","Label":"Title","Locale":"es_ES"}},"Offers":{"Summaries":[{"Condition":{"Value":"New"},"LowestPrice":{"Amount":11.67,"Currency":"EUR","DisplayAmount":"11,67 €"}}]}},{"ASIN":"B0BNQN89QF","DetailPageURL":"https://www.amazon.es/dp/B0BNQN89QF?tag=topinalambricos-21&linkCode=osi&th=1&psc=1","Images":{"Primary":{"Small":{"Height":75,"URL":"https://m.media-amazon.com/images/I/41m+zixsAKL._SL75_.jpg","Width":75}}},"ItemInfo":{"ByLineInfo":{"Brand":{"DisplayValue":"PUERHUACI","Label":"Brand","Locale":"es_ES"}},"Title":{"DisplayValue":"Neceser Transparente Viaje Avion,Bolsa Liquidos Avion,6 Piezas Bolso Transparente,19x14cm Neceser Viaje Avion,Bolsa Transparente Multifunción con Cremallera","Label":"Title","Locale":"es_ES"}},"Offers":{"Summaries":[{"Condition":{"Value":"New"},"LowestPrice":{"Amount":13.89,"Currency":"EUR","DisplayAmount":"13,89 €"}}]}},{"ASIN":"B0BVVKZLHT","DetailPageURL":"https://www.amazon.es/dp/B0BVVKZLHT?tag=topinalambricos-21&linkCode=osi&th=1&psc=1","Images":{"Primary":{"Small":{"Height":75,"URL":"https://m.media-amazon.com/images/I/41zd76ozzyL._SL75_.jpg","Width":75}}},"ItemInfo":{"ByLineInfo":{"Brand":{"DisplayValue":"Aucuu","Label":"Brand","Locale":"es_ES"},"Manufacturer":{"DisplayValue":"Aucuu®-EU","Label":"Manufacturer","Locale":"es_ES"}},"Title":{"DisplayValue":"Aucuu 4PCS Neceser Hombre, Transparente Neceser Viaje Avion, Bolsa liquidos Avion, Bolsa de Aseo Organizador Mujer, Viajes Accesorios, 20x20cm (Gris+ Cuerda)","Label":"Title","Locale":"es_ES"}},"Offers":{"Summaries":[{"Condition":{"Value":"New"},"LowestPrice":{"Amount":7.98,"Currency":"EUR","DisplayAmount":"7,98 €"}}]}},{"ASIN":"B0BWTJMHXF","DetailPageURL":"https://www.amazon.es/dp/B0BWTJMHXF?tag=topinalambricos-21&linkCode=osi&th=1&psc=1","Images":{"Primary":{"Small":{"Height":75,"URL":"https://m.media-amazon.com/images/I/51-Gsh1xTvL._SL75_.jpg","Width":75}}},"ItemInfo":{"ByLineInfo":{"Brand":{"DisplayValue":"talifoca","Label":"Brand","Locale":"es_ES"},"Manufacturer":{"DisplayValue":"TALIFOCA","Label":"Manufacturer","Locale":"es_ES"}},"Title":{"DisplayValue":"3 Piezas Neceser de Aseo Transparente, Bolsas Transparentes de Avión,Bolsas de Aseo Transparente,Mujer Bolsa de Cosmético Organizador,Kit de Viaje para Avión, para Mujeres y Hombres","Label":"Title","Locale":"es_ES"}},"Offers":{"Summaries":[{"Condition":{"Value":"New"},"LowestPrice":{"Amount":8.99,"Currency":"EUR","DisplayAmount":"8,99 €"}}]}},{"ASIN":"B08YNGRXNK","DetailPageURL":"https://www.amazon.es/dp/B08YNGRXNK?tag=topinalambricos-21&linkCode=osi&th=1&psc=1","Images":{"Primary":{"Small":{"Height":75,"URL":"https://m.media-amazon.com/images/I/4158WjUfRlL._SL75_.jpg","Width":75}}},"ItemInfo":{"ByLineInfo":{"Brand":{"DisplayValue":"Casio","Label":"Brand","Locale":"es_ES"},"Manufacturer":{"DisplayValue":"CASIO","Label":"Manufacturer","Locale":"es_ES"}},"Title":{"DisplayValue":"Casio Unisex-adultos Digital GA-2100SKE-7AER","Label":"Title","Locale":"es_ES"}},"Offers":{"Summaries":[{"Condition":{"Value":"New"},"LowestPrice":{"Amount":83.59,"Currency":"EUR","DisplayAmount":"83,59 €"}}]}},{"ASIN":"B0CH9FT7L6","DetailPageURL":"https://www.amazon.es/dp/B0CH9FT7L6?tag=topinalambricos-21&linkCode=osi&th=1&psc=1","Images":{"Primary":{"Small":{"Height":75,"URL":"https://m.media-amazon.com/images/I/41Zy4SoABVL._SL75_.jpg","Width":75}}},"ItemInfo":{"ByLineInfo":{"Brand":{"DisplayValue":"Smilbaley","Label":"Brand","Locale":"es_ES"},"Manufacturer":{"DisplayValue":"D-22","Label":"Manufacturer","Locale":"es_ES"}},"Title":{"DisplayValue":"Smilbaley 2 Piezas Bolsa de Gimnasia Transparente, Bolsa de Cincha Transparente, Bolsa de Gimnasia Transparente con Cordón, para Escuelas, Exteriores, Gimnasios, Playas (35×45cm)","Label":"Title","Locale":"es_ES"}},"Offers":{"Summaries":[{"Condition":{"Value":"New"},"LowestPrice":{"Amount":14.99,"Currency":"EUR","DisplayAmount":"14,99 €"}}]}}],"SearchURL":"https://www.amazon.es/s?k=transparente&rh=n%3A14223378031%2Cp_n_availability%3A-1&tag=topinalambricos-21&linkCode=osi","TotalResultCount":306}},"56":{"SearchResult":{"Items":[{"ASIN":"B07GBN7JMK","DetailPageURL":"https://www.amazon.es/dp/B07GBN7JMK?tag=topinalambricos-21&linkCode=osi&th=1&psc=1","Images":{"Primary":{"Small":{"Height":75,"URL":"https://m.media-amazon.com/images/I/31vHA+wxLoL._SL75_.jpg","Width":70}}},"ItemInfo":{"ByLineInfo":{"Brand":{"DisplayValue":"Lancoon","Label":"Brand","Locale":"es_ES"},"Manufacturer":{"DisplayValue":"Lancoon","Label":"Manufacturer","Locale":"es_ES"}},"Title":{"DisplayValue":"Lancoon Paraguas Cúpula Transparente Mujer, 16 Costillas TamañO Grande A Prueba De Viento AutomáTico Abierto KS10White","Label":"Title","Locale":"es_ES"}},"Offers":{"Summaries":[{"Condition":{"Value":"New"},"LowestPrice":{"Amount":24.99,"Currency":"EUR","DisplayAmount":"24,99 €"}}]}},{"ASIN":"B0C4YLL3QG","DetailPageURL":"https://www.amazon.es/dp/B0C4YLL3QG?tag=topinalambricos-21&linkCode=osi&th=1&psc=1","Images":{"Primary":{"Small":{"Height":75,"URL":"https://m.media-amazon.com/images/I/312yqV-pibL._SL75_.jpg","Width":64}}},"ItemInfo":{"ByLineInfo":{"Brand":{"DisplayValue":"Jissta","Label":"Brand","Locale":"es_ES"},"Manufacturer":{"DisplayValue":"Jissta","Label":"Manufacturer","Locale":"es_ES"}},"Title":{"DisplayValue":"Jissta 4 neceseres Transparentes 20 * 20CM, Bolsa para líquidos de avión, Neceser portátil, Neceser de Viaje para Mujeres y Hombres con asa","Label":"Title","Locale":"es_ES"}},"Offers":{"Summaries":[{"Condition":{"Value":"New"},"LowestPrice":{"Amount":7.99,"Currency":"EUR","DisplayAmount":"7,99 €"}}]}},{"ASIN":"B0B1V8QLLT","DetailPageURL":"https://www.amazon.es/dp/B0B1V8QLLT?tag=topinalambricos-21&linkCode=osi&th=1&psc=1","Images":{"Primary":{"Small":{"Height":75,"URL":"https://m.media-amazon.com/images/I/41aMcaqaMBL._SL75_.jpg","Width":75}}},"ItemInfo":{"ByLineInfo":{"Brand":{"DisplayValue":"Pinsheng","Label":"Brand","Locale":"es_ES"},"Manufacturer":{"DisplayValue":"Pinsheng","Label":"Manufacturer","Locale":"es_ES"}},"Title":{"DisplayValue":"Pinsheng Tirantes Transparentes Sujetador 4 Pares Transparente Hombro Tirantes Claro Sujetador Correas Correas Transparentes Invisibles Antideslizantes de Sujetador para Mujer","Label":"Title","Locale":"es_ES"}},"Offers":{"Summaries":[{"Condition":{"Value":"New"},"LowestPrice":{"Amount":3.99,"Currency":"EUR","DisplayAmount":"3,99 €"}}]}},{"ASIN":"B09C376BCW","DetailPageURL":"https://www.amazon.es/dp/B09C376BCW?tag=topinalambricos-21&linkCode=osi&th=1&psc=1","Images":{"Primary":{"Small":{"Height":75,"URL":"https://m.media-amazon.com/images/I/31DDHCgK0lL._SL75_.jpg","Width":75}}},"ItemInfo":{"ByLineInfo":{"Brand":{"DisplayValue":"Jiakalamo","Label":"Brand","Locale":"es_ES"},"Manufacturer":{"DisplayValue":"Jiakalamo","Label":"Manufacturer","Locale":"es_ES"}},"Title":{"DisplayValue":"Jiakalamo Paraguas transparente plegable, Paraguas transparente automático para bodas , Paraguas transparente plegable mujer antiviento niño bodas travel ,Cierre automático Paraguas","Label":"Title","Locale":"es_ES"}},"Offers":{"Summaries":[{"Condition":{"Value":"New"},"LowestPrice":{"Amount":16.3,"Currency":"EUR","DisplayAmount":"16,30 €"}}]}},{"ASIN":"B081RPLNK1","DetailPageURL":"https://www.amazon.es/dp/B081RPLNK1?tag=topinalambricos-21&linkCode=osi&th=1&psc=1","Images":{"Primary":{"Small":{"Height":75,"URL":"https://m.media-amazon.com/images/I/4146RIkJjkL._SL75_.jpg","Width":75}}},"ItemInfo":{"ByLineInfo":{"Brand":{"DisplayValue":"WENTS","Label":"Brand","Locale":"es_ES"}},"Title":{"DisplayValue":"WENTS Bolsa Transparente de PVC Bolsa Transparente con Bolsillos con Cremallera y Correa para el Hombro Desmontable Cremallera Neceser De Cosmeticos De Mano Gran Capacidad","Label":"Title","Locale":"es_ES"}},"Offers":{"Summaries":[{"Condition":{"Value":"New"},"LowestPrice":{"Amount":11.67,"Currency":"EUR","DisplayAmount":"11,67 €"}}]}},{"ASIN":"B0BNQN89QF","DetailPageURL":"https://www.amazon.es/dp/B0BNQN89QF?tag=topinalambricos-21&linkCode=osi&th=1&psc=1","Images":{"Primary":{"Small":{"Height":75,"URL":"https://m.media-amazon.com/images/I/41m+zixsAKL._SL75_.jpg","Width":75}}},"ItemInfo":{"ByLineInfo":{"Brand":{"DisplayValue":"PUERHUACI","Label":"Brand","Locale":"es_ES"}},"Title":{"DisplayValue":"Neceser Transparente Viaje Avion,Bolsa Liquidos Avion,6 Piezas Bolso Transparente,19x14cm Neceser Viaje Avion,Bolsa Transparente Multifunción con Cremallera","Label":"Title","Locale":"es_ES"}},"Offers":{"Summaries":[{"Condition":{"Value":"New"},"LowestPrice":{"Amount":13.89,"Currency":"EUR","DisplayAmount":"13,89 €"}}]}},{"ASIN":"B0BVVKZLHT","DetailPageURL":"https://www.amazon.es/dp/B0BVVKZLHT?tag=topinalambricos-21&linkCode=osi&th=1&psc=1","Images":{"Primary":{"Small":{"Height":75,"URL":"https://m.media-amazon.com/images/I/41zd76ozzyL._SL75_.jpg","Width":75}}},"ItemInfo":{"ByLineInfo":{"Brand":{"DisplayValue":"Aucuu","Label":"Brand","Locale":"es_ES"},"Manufacturer":{"DisplayValue":"Aucuu®-EU","Label":"Manufacturer","Locale":"es_ES"}},"Title":{"DisplayValue":"Aucuu 4PCS Neceser Hombre, Transparente Neceser Viaje Avion, Bolsa liquidos Avion, Bolsa de Aseo Organizador Mujer, Viajes Accesorios, 20x20cm (Gris+ Cuerda)","Label":"Title","Locale":"es_ES"}},"Offers":{"Summaries":[{"Condition":{"Value":"New"},"LowestPrice":{"Amount":7.98,"Currency":"EUR","DisplayAmount":"7,98 €"}}]}},{"ASIN":"B0BWTJMHXF","DetailPageURL":"https://www.amazon.es/dp/B0BWTJMHXF?tag=topinalambricos-21&linkCode=osi&th=1&psc=1","Images":{"Primary":{"Small":{"Height":75,"URL":"https://m.media-amazon.com/images/I/51-Gsh1xTvL._SL75_.jpg","Width":75}}},"ItemInfo":{"ByLineInfo":{"Brand":{"DisplayValue":"talifoca","Label":"Brand","Locale":"es_ES"},"Manufacturer":{"DisplayValue":"TALIFOCA","Label":"Manufacturer","Locale":"es_ES"}},"Title":{"DisplayValue":"3 Piezas Neceser de Aseo Transparente, Bolsas Transparentes de Avión,Bolsas de Aseo Transparente,Mujer Bolsa de Cosmético Organizador,Kit de Viaje para Avión, para Mujeres y Hombres","Label":"Title","Locale":"es_ES"}},"Offers":{"Summaries":[{"Condition":{"Value":"New"},"LowestPrice":{"Amount":8.99,"Currency":"EUR","DisplayAmount":"8,99 €"}}]}},{"ASIN":"B08YNGRXNK","DetailPageURL":"https://www.amazon.es/dp/B08YNGRXNK?tag=topinalambricos-21&linkCode=osi&th=1&psc=1","Images":{"Primary":{"Small":{"Height":75,"URL":"https://m.media-amazon.com/images/I/4158WjUfRlL._SL75_.jpg","Width":75}}},"ItemInfo":{"ByLineInfo":{"Brand":{"DisplayValue":"Casio","Label":"Brand","Locale":"es_ES"},"Manufacturer":{"DisplayValue":"CASIO","Label":"Manufacturer","Locale":"es_ES"}},"Title":{"DisplayValue":"Casio Unisex-adultos Digital GA-2100SKE-7AER","Label":"Title","Locale":"es_ES"}},"Offers":{"Summaries":[{"Condition":{"Value":"New"},"LowestPrice":{"Amount":83.59,"Currency":"EUR","DisplayAmount":"83,59 €"}}]}},{"ASIN":"B0CH9FT7L6","DetailPageURL":"https://www.amazon.es/dp/B0CH9FT7L6?tag=topinalambricos-21&linkCode=osi&th=1&psc=1","Images":{"Primary":{"Small":{"Height":75,"URL":"https://m.media-amazon.com/images/I/41Zy4SoABVL._SL75_.jpg","Width":75}}},"ItemInfo":{"ByLineInfo":{"Brand":{"DisplayValue":"Smilbaley","Label":"Brand","Locale":"es_ES"},"Manufacturer":{"DisplayValue":"D-22","Label":"Manufacturer","Locale":"es_ES"}},"Title":{"DisplayValue":"Smilbaley 2 Piezas Bolsa de Gimnasia Transparente, Bolsa de Cincha Transparente, Bolsa de Gimnasia Transparente con Cordón, para Escuelas, Exteriores, Gimnasios, Playas (35×45cm)","Label":"Title","Locale":"es_ES"}},"Offers":{"Summaries":[{"Condition":{"Value":"New"},"LowestPrice":{"Amount":14.99,"Currency":"EUR","DisplayAmount":"14,99 €"}}]}}],"SearchURL":"https://www.amazon.es/s?k=transparente&rh=n%3A14223378031%2Cp_n_availability%3A-1&tag=topinalambricos-21&linkCode=osi","TotalResultCount":306}},"57":{"SearchResult":{"Items":[{"ASIN":"B07GBN7JMK","DetailPageURL":"https://www.amazon.es/dp/B07GBN7JMK?tag=topinalambricos-21&linkCode=osi&th=1&psc=1","Images":{"Primary":{"Small":{"Height":75,"URL":"https://m.media-amazon.com/images/I/31vHA+wxLoL._SL75_.jpg","Width":70}}},"ItemInfo":{"ByLineInfo":{"Brand":{"DisplayValue":"Lancoon","Label":"Brand","Locale":"es_ES"},"Manufacturer":{"DisplayValue":"Lancoon","Label":"Manufacturer","Locale":"es_ES"}},"Title":{"DisplayValue":"Lancoon Paraguas Cúpula Transparente Mujer, 16 Costillas TamañO Grande A Prueba De Viento AutomáTico Abierto KS10White","Label":"Title","Locale":"es_ES"}},"Offers":{"Summaries":[{"Condition":{"Value":"New"},"LowestPrice":{"Amount":24.99,"Currency":"EUR","DisplayAmount":"24,99 €"}}]}},{"ASIN":"B0C4YLL3QG","DetailPageURL":"https://www.amazon.es/dp/B0C4YLL3QG?tag=topinalambricos-21&linkCode=osi&th=1&psc=1","Images":{"Primary":{"Small":{"Height":75,"URL":"https://m.media-amazon.com/images/I/312yqV-pibL._SL75_.jpg","Width":64}}},"ItemInfo":{"ByLineInfo":{"Brand":{"DisplayValue":"Jissta","Label":"Brand","Locale":"es_ES"},"Manufacturer":{"DisplayValue":"Jissta","Label":"Manufacturer","Locale":"es_ES"}},"Title":{"DisplayValue":"Jissta 4 neceseres Transparentes 20 * 20CM, Bolsa para líquidos de avión, Neceser portátil, Neceser de Viaje para Mujeres y Hombres con asa","Label":"Title","Locale":"es_ES"}},"Offers":{"Summaries":[{"Condition":{"Value":"New"},"LowestPrice":{"Amount":7.99,"Currency":"EUR","DisplayAmount":"7,99 €"}}]}},{"ASIN":"B0B1V8QLLT","DetailPageURL":"https://www.amazon.es/dp/B0B1V8QLLT?tag=topinalambricos-21&linkCode=osi&th=1&psc=1","Images":{"Primary":{"Small":{"Height":75,"URL":"https://m.media-amazon.com/images/I/41aMcaqaMBL._SL75_.jpg","Width":75}}},"ItemInfo":{"ByLineInfo":{"Brand":{"DisplayValue":"Pinsheng","Label":"Brand","Locale":"es_ES"},"Manufacturer":{"DisplayValue":"Pinsheng","Label":"Manufacturer","Locale":"es_ES"}},"Title":{"DisplayValue":"Pinsheng Tirantes Transparentes Sujetador 4 Pares Transparente Hombro Tirantes Claro Sujetador Correas Correas Transparentes Invisibles Antideslizantes de Sujetador para Mujer","Label":"Title","Locale":"es_ES"}},"Offers":{"Summaries":[{"Condition":{"Value":"New"},"LowestPrice":{"Amount":3.99,"Currency":"EUR","DisplayAmount":"3,99 €"}}]}},{"ASIN":"B09C376BCW","DetailPageURL":"https://www.amazon.es/dp/B09C376BCW?tag=topinalambricos-21&linkCode=osi&th=1&psc=1","Images":{"Primary":{"Small":{"Height":75,"URL":"https://m.media-amazon.com/images/I/31DDHCgK0lL._SL75_.jpg","Width":75}}},"ItemInfo":{"ByLineInfo":{"Brand":{"DisplayValue":"Jiakalamo","Label":"Brand","Locale":"es_ES"},"Manufacturer":{"DisplayValue":"Jiakalamo","Label":"Manufacturer","Locale":"es_ES"}},"Title":{"DisplayValue":"Jiakalamo Paraguas transparente plegable, Paraguas transparente automático para bodas , Paraguas transparente plegable mujer antiviento niño bodas travel ,Cierre automático Paraguas","Label":"Title","Locale":"es_ES"}},"Offers":{"Summaries":[{"Condition":{"Value":"New"},"LowestPrice":{"Amount":16.3,"Currency":"EUR","DisplayAmount":"16,30 €"}}]}},{"ASIN":"B081RPLNK1","DetailPageURL":"https://www.amazon.es/dp/B081RPLNK1?tag=topinalambricos-21&linkCode=osi&th=1&psc=1","Images":{"Primary":{"Small":{"Height":75,"URL":"https://m.media-amazon.com/images/I/4146RIkJjkL._SL75_.jpg","Width":75}}},"ItemInfo":{"ByLineInfo":{"Brand":{"DisplayValue":"WENTS","Label":"Brand","Locale":"es_ES"}},"Title":{"DisplayValue":"WENTS Bolsa Transparente de PVC Bolsa Transparente con Bolsillos con Cremallera y Correa para el Hombro Desmontable Cremallera Neceser De Cosmeticos De Mano Gran Capacidad","Label":"Title","Locale":"es_ES"}},"Offers":{"Summaries":[{"Condition":{"Value":"New"},"LowestPrice":{"Amount":11.67,"Currency":"EUR","DisplayAmount":"11,67 €"}}]}},{"ASIN":"B0BNQN89QF","DetailPageURL":"https://www.amazon.es/dp/B0BNQN89QF?tag=topinalambricos-21&linkCode=osi&th=1&psc=1","Images":{"Primary":{"Small":{"Height":75,"URL":"https://m.media-amazon.com/images/I/41m+zixsAKL._SL75_.jpg","Width":75}}},"ItemInfo":{"ByLineInfo":{"Brand":{"DisplayValue":"PUERHUACI","Label":"Brand","Locale":"es_ES"}},"Title":{"DisplayValue":"Neceser Transparente Viaje Avion,Bolsa Liquidos Avion,6 Piezas Bolso Transparente,19x14cm Neceser Viaje Avion,Bolsa Transparente Multifunción con Cremallera","Label":"Title","Locale":"es_ES"}},"Offers":{"Summaries":[{"Condition":{"Value":"New"},"LowestPrice":{"Amount":13.89,"Currency":"EUR","DisplayAmount":"13,89 €"}}]}},{"ASIN":"B0BVVKZLHT","DetailPageURL":"https://www.amazon.es/dp/B0BVVKZLHT?tag=topinalambricos-21&linkCode=osi&th=1&psc=1","Images":{"Primary":{"Small":{"Height":75,"URL":"https://m.media-amazon.com/images/I/41zd76ozzyL._SL75_.jpg","Width":75}}},"ItemInfo":{"ByLineInfo":{"Brand":{"DisplayValue":"Aucuu","Label":"Brand","Locale":"es_ES"},"Manufacturer":{"DisplayValue":"Aucuu®-EU","Label":"Manufacturer","Locale":"es_ES"}},"Title":{"DisplayValue":"Aucuu 4PCS Neceser Hombre, Transparente Neceser Viaje Avion, Bolsa liquidos Avion, Bolsa de Aseo Organizador Mujer, Viajes Accesorios, 20x20cm (Gris+ Cuerda)","Label":"Title","Locale":"es_ES"}},"Offers":{"Summaries":[{"Condition":{"Value":"New"},"LowestPrice":{"Amount":7.98,"Currency":"EUR","DisplayAmount":"7,98 €"}}]}},{"ASIN":"B0BWTJMHXF","DetailPageURL":"https://www.amazon.es/dp/B0BWTJMHXF?tag=topinalambricos-21&linkCode=osi&th=1&psc=1","Images":{"Primary":{"Small":{"Height":75,"URL":"https://m.media-amazon.com/images/I/51-Gsh1xTvL._SL75_.jpg","Width":75}}},"ItemInfo":{"ByLineInfo":{"Brand":{"DisplayValue":"talifoca","Label":"Brand","Locale":"es_ES"},"Manufacturer":{"DisplayValue":"TALIFOCA","Label":"Manufacturer","Locale":"es_ES"}},"Title":{"DisplayValue":"3 Piezas Neceser de Aseo Transparente, Bolsas Transparentes de Avión,Bolsas de Aseo Transparente,Mujer Bolsa de Cosmético Organizador,Kit de Viaje para Avión, para Mujeres y Hombres","Label":"Title","Locale":"es_ES"}},"Offers":{"Summaries":[{"Condition":{"Value":"New"},"LowestPrice":{"Amount":8.99,"Currency":"EUR","DisplayAmount":"8,99 €"}}]}},{"ASIN":"B08YNGRXNK","DetailPageURL":"https://www.amazon.es/dp/B08YNGRXNK?tag=topinalambricos-21&linkCode=osi&th=1&psc=1","Images":{"Primary":{"Small":{"Height":75,"URL":"https://m.media-amazon.com/images/I/4158WjUfRlL._SL75_.jpg","Width":75}}},"ItemInfo":{"ByLineInfo":{"Brand":{"DisplayValue":"Casio","Label":"Brand","Locale":"es_ES"},"Manufacturer":{"DisplayValue":"CASIO","Label":"Manufacturer","Locale":"es_ES"}},"Title":{"DisplayValue":"Casio Unisex-adultos Digital GA-2100SKE-7AER","Label":"Title","Locale":"es_ES"}},"Offers":{"Summaries":[{"Condition":{"Value":"New"},"LowestPrice":{"Amount":83.59,"Currency":"EUR","DisplayAmount":"83,59 €"}}]}},{"ASIN":"B0CH9FT7L6","DetailPageURL":"https://www.amazon.es/dp/B0CH9FT7L6?tag=topinalambricos-21&linkCode=osi&th=1&psc=1","Images":{"Primary":{"Small":{"Height":75,"URL":"https://m.media-amazon.com/images/I/41Zy4SoABVL._SL75_.jpg","Width":75}}},"ItemInfo":{"ByLineInfo":{"Brand":{"DisplayValue":"Smilbaley","Label":"Brand","Locale":"es_ES"},"Manufacturer":{"DisplayValue":"D-22","Label":"Manufacturer","Locale":"es_ES"}},"Title":{"DisplayValue":"Smilbaley 2 Piezas Bolsa de Gimnasia Transparente, Bolsa de Cincha Transparente, Bolsa de Gimnasia Transparente con Cordón, para Escuelas, Exteriores, Gimnasios, Playas (35×45cm)","Label":"Title","Locale":"es_ES"}},"Offers":{"Summaries":[{"Condition":{"Value":"New"},"LowestPrice":{"Amount":14.99,"Currency":"EUR","DisplayAmount":"14,99 €"}}]}}],"SearchURL":"https://www.amazon.es/s?k=transparente&rh=n%3A14223378031%2Cp_n_availability%3A-1&tag=topinalambricos-21&linkCode=osi","TotalResultCount":306}},"58":{"SearchResult":{"Items":[{"ASIN":"B07GBN7JMK","DetailPageURL":"https://www.amazon.es/dp/B07GBN7JMK?tag=topinalambricos-21&linkCode=osi&th=1&psc=1","Images":{"Primary":{"Small":{"Height":75,"URL":"https://m.media-amazon.com/images/I/31vHA+wxLoL._SL75_.jpg","Width":70}}},"ItemInfo":{"ByLineInfo":{"Brand":{"DisplayValue":"Lancoon","Label":"Brand","Locale":"es_ES"},"Manufacturer":{"DisplayValue":"Lancoon","Label":"Manufacturer","Locale":"es_ES"}},"Title":{"DisplayValue":"Lancoon Paraguas Cúpula Transparente Mujer, 16 Costillas TamañO Grande A Prueba De Viento AutomáTico Abierto KS10White","Label":"Title","Locale":"es_ES"}},"Offers":{"Summaries":[{"Condition":{"Value":"New"},"LowestPrice":{"Amount":24.99,"Currency":"EUR","DisplayAmount":"24,99 €"}}]}},{"ASIN":"B0C4YLL3QG","DetailPageURL":"https://www.amazon.es/dp/B0C4YLL3QG?tag=topinalambricos-21&linkCode=osi&th=1&psc=1","Images":{"Primary":{"Small":{"Height":75,"URL":"https://m.media-amazon.com/images/I/312yqV-pibL._SL75_.jpg","Width":64}}},"ItemInfo":{"ByLineInfo":{"Brand":{"DisplayValue":"Jissta","Label":"Brand","Locale":"es_ES"},"Manufacturer":{"DisplayValue":"Jissta","Label":"Manufacturer","Locale":"es_ES"}},"Title":{"DisplayValue":"Jissta 4 neceseres Transparentes 20 * 20CM, Bolsa para líquidos de avión, Neceser portátil, Neceser de Viaje para Mujeres y Hombres con asa","Label":"Title","Locale":"es_ES"}},"Offers":{"Summaries":[{"Condition":{"Value":"New"},"LowestPrice":{"Amount":7.99,"Currency":"EUR","DisplayAmount":"7,99 €"}}]}},{"ASIN":"B0B1V8QLLT","DetailPageURL":"https://www.amazon.es/dp/B0B1V8QLLT?tag=topinalambricos-21&linkCode=osi&th=1&psc=1","Images":{"Primary":{"Small":{"Height":75,"URL":"https://m.media-amazon.com/images/I/41aMcaqaMBL._SL75_.jpg","Width":75}}},"ItemInfo":{"ByLineInfo":{"Brand":{"DisplayValue":"Pinsheng","Label":"Brand","Locale":"es_ES"},"Manufacturer":{"DisplayValue":"Pinsheng","Label":"Manufacturer","Locale":"es_ES"}},"Title":{"DisplayValue":"Pinsheng Tirantes Transparentes Sujetador 4 Pares Transparente Hombro Tirantes Claro Sujetador Correas Correas Transparentes Invisibles Antideslizantes de Sujetador para Mujer","Label":"Title","Locale":"es_ES"}},"Offers":{"Summaries":[{"Condition":{"Value":"New"},"LowestPrice":{"Amount":3.99,"Currency":"EUR","DisplayAmount":"3,99 €"}}]}},{"ASIN":"B09C376BCW","DetailPageURL":"https://www.amazon.es/dp/B09C376BCW?tag=topinalambricos-21&linkCode=osi&th=1&psc=1","Images":{"Primary":{"Small":{"Height":75,"URL":"https://m.media-amazon.com/images/I/31DDHCgK0lL._SL75_.jpg","Width":75}}},"ItemInfo":{"ByLineInfo":{"Brand":{"DisplayValue":"Jiakalamo","Label":"Brand","Locale":"es_ES"},"Manufacturer":{"DisplayValue":"Jiakalamo","Label":"Manufacturer","Locale":"es_ES"}},"Title":{"DisplayValue":"Jiakalamo Paraguas transparente plegable, Paraguas transparente automático para bodas , Paraguas transparente plegable mujer antiviento niño bodas travel ,Cierre automático Paraguas","Label":"Title","Locale":"es_ES"}},"Offers":{"Summaries":[{"Condition":{"Value":"New"},"LowestPrice":{"Amount":16.3,"Currency":"EUR","DisplayAmount":"16,30 €"}}]}},{"ASIN":"B081RPLNK1","DetailPageURL":"https://www.amazon.es/dp/B081RPLNK1?tag=topinalambricos-21&linkCode=osi&th=1&psc=1","Images":{"Primary":{"Small":{"Height":75,"URL":"https://m.media-amazon.com/images/I/4146RIkJjkL._SL75_.jpg","Width":75}}},"ItemInfo":{"ByLineInfo":{"Brand":{"DisplayValue":"WENTS","Label":"Brand","Locale":"es_ES"}},"Title":{"DisplayValue":"WENTS Bolsa Transparente de PVC Bolsa Transparente con Bolsillos con Cremallera y Correa para el Hombro Desmontable Cremallera Neceser De Cosmeticos De Mano Gran Capacidad","Label":"Title","Locale":"es_ES"}},"Offers":{"Summaries":[{"Condition":{"Value":"New"},"LowestPrice":{"Amount":11.67,"Currency":"EUR","DisplayAmount":"11,67 €"}}]}},{"ASIN":"B0BNQN89QF","DetailPageURL":"https://www.amazon.es/dp/B0BNQN89QF?tag=topinalambricos-21&linkCode=osi&th=1&psc=1","Images":{"Primary":{"Small":{"Height":75,"URL":"https://m.media-amazon.com/images/I/41m+zixsAKL._SL75_.jpg","Width":75}}},"ItemInfo":{"ByLineInfo":{"Brand":{"DisplayValue":"PUERHUACI","Label":"Brand","Locale":"es_ES"}},"Title":{"DisplayValue":"Neceser Transparente Viaje Avion,Bolsa Liquidos Avion,6 Piezas Bolso Transparente,19x14cm Neceser Viaje Avion,Bolsa Transparente Multifunción con Cremallera","Label":"Title","Locale":"es_ES"}},"Offers":{"Summaries":[{"Condition":{"Value":"New"},"LowestPrice":{"Amount":13.89,"Currency":"EUR","DisplayAmount":"13,89 €"}}]}},{"ASIN":"B0BVVKZLHT","DetailPageURL":"https://www.amazon.es/dp/B0BVVKZLHT?tag=topinalambricos-21&linkCode=osi&th=1&psc=1","Images":{"Primary":{"Small":{"Height":75,"URL":"https://m.media-amazon.com/images/I/41zd76ozzyL._SL75_.jpg","Width":75}}},"ItemInfo":{"ByLineInfo":{"Brand":{"DisplayValue":"Aucuu","Label":"Brand","Locale":"es_ES"},"Manufacturer":{"DisplayValue":"Aucuu®-EU","Label":"Manufacturer","Locale":"es_ES"}},"Title":{"DisplayValue":"Aucuu 4PCS Neceser Hombre, Transparente Neceser Viaje Avion, Bolsa liquidos Avion, Bolsa de Aseo Organizador Mujer, Viajes Accesorios, 20x20cm (Gris+ Cuerda)","Label":"Title","Locale":"es_ES"}},"Offers":{"Summaries":[{"Condition":{"Value":"New"},"LowestPrice":{"Amount":7.98,"Currency":"EUR","DisplayAmount":"7,98 €"}}]}},{"ASIN":"B0BWTJMHXF","DetailPageURL":"https://www.amazon.es/dp/B0BWTJMHXF?tag=topinalambricos-21&linkCode=osi&th=1&psc=1","Images":{"Primary":{"Small":{"Height":75,"URL":"https://m.media-amazon.com/images/I/51-Gsh1xTvL._SL75_.jpg","Width":75}}},"ItemInfo":{"ByLineInfo":{"Brand":{"DisplayValue":"talifoca","Label":"Brand","Locale":"es_ES"},"Manufacturer":{"DisplayValue":"TALIFOCA","Label":"Manufacturer","Locale":"es_ES"}},"Title":{"DisplayValue":"3 Piezas Neceser de Aseo Transparente, Bolsas Transparentes de Avión,Bolsas de Aseo Transparente,Mujer Bolsa de Cosmético Organizador,Kit de Viaje para Avión, para Mujeres y Hombres","Label":"Title","Locale":"es_ES"}},"Offers":{"Summaries":[{"Condition":{"Value":"New"},"LowestPrice":{"Amount":8.99,"Currency":"EUR","DisplayAmount":"8,99 €"}}]}},{"ASIN":"B08YNGRXNK","DetailPageURL":"https://www.amazon.es/dp/B08YNGRXNK?tag=topinalambricos-21&linkCode=osi&th=1&psc=1","Images":{"Primary":{"Small":{"Height":75,"URL":"https://m.media-amazon.com/images/I/4158WjUfRlL._SL75_.jpg","Width":75}}},"ItemInfo":{"ByLineInfo":{"Brand":{"DisplayValue":"Casio","Label":"Brand","Locale":"es_ES"},"Manufacturer":{"DisplayValue":"CASIO","Label":"Manufacturer","Locale":"es_ES"}},"Title":{"DisplayValue":"Casio Unisex-adultos Digital GA-2100SKE-7AER","Label":"Title","Locale":"es_ES"}},"Offers":{"Summaries":[{"Condition":{"Value":"New"},"LowestPrice":{"Amount":83.59,"Currency":"EUR","DisplayAmount":"83,59 €"}}]}},{"ASIN":"B0CH9FT7L6","DetailPageURL":"https://www.amazon.es/dp/B0CH9FT7L6?tag=topinalambricos-21&linkCode=osi&th=1&psc=1","Images":{"Primary":{"Small":{"Height":75,"URL":"https://m.media-amazon.com/images/I/41Zy4SoABVL._SL75_.jpg","Width":75}}},"ItemInfo":{"ByLineInfo":{"Brand":{"DisplayValue":"Smilbaley","Label":"Brand","Locale":"es_ES"},"Manufacturer":{"DisplayValue":"D-22","Label":"Manufacturer","Locale":"es_ES"}},"Title":{"DisplayValue":"Smilbaley 2 Piezas Bolsa de Gimnasia Transparente, Bolsa de Cincha Transparente, Bolsa de Gimnasia Transparente con Cordón, para Escuelas, Exteriores, Gimnasios, Playas (35×45cm)","Label":"Title","Locale":"es_ES"}},"Offers":{"Summaries":[{"Condition":{"Value":"New"},"LowestPrice":{"Amount":14.99,"Currency":"EUR","DisplayAmount":"14,99 €"}}]}}],"SearchURL":"https://www.amazon.es/s?k=transparente&rh=n%3A14223378031%2Cp_n_availability%3A-1&tag=topinalambricos-21&linkCode=osi","TotalResultCount":306}},"59":{"SearchResult":{"Items":[{"ASIN":"B07GBN7JMK","DetailPageURL":"https://www.amazon.es/dp/B07GBN7JMK?tag=topinalambricos-21&linkCode=osi&th=1&psc=1","Images":{"Primary":{"Small":{"Height":75,"URL":"https://m.media-amazon.com/images/I/31vHA+wxLoL._SL75_.jpg","Width":70}}},"ItemInfo":{"ByLineInfo":{"Brand":{"DisplayValue":"Lancoon","Label":"Brand","Locale":"es_ES"},"Manufacturer":{"DisplayValue":"Lancoon","Label":"Manufacturer","Locale":"es_ES"}},"Title":{"DisplayValue":"Lancoon Paraguas Cúpula Transparente Mujer, 16 Costillas TamañO Grande A Prueba De Viento AutomáTico Abierto KS10White","Label":"Title","Locale":"es_ES"}},"Offers":{"Summaries":[{"Condition":{"Value":"New"},"LowestPrice":{"Amount":24.99,"Currency":"EUR","DisplayAmount":"24,99 €"}}]}},{"ASIN":"B0C4YLL3QG","DetailPageURL":"https://www.amazon.es/dp/B0C4YLL3QG?tag=topinalambricos-21&linkCode=osi&th=1&psc=1","Images":{"Primary":{"Small":{"Height":75,"URL":"https://m.media-amazon.com/images/I/312yqV-pibL._SL75_.jpg","Width":64}}},"ItemInfo":{"ByLineInfo":{"Brand":{"DisplayValue":"Jissta","Label":"Brand","Locale":"es_ES"},"Manufacturer":{"DisplayValue":"Jissta","Label":"Manufacturer","Locale":"es_ES"}},"Title":{"DisplayValue":"Jissta 4 neceseres Transparentes 20 * 20CM, Bolsa para líquidos de avión, Neceser portátil, Neceser de Viaje para Mujeres y Hombres con asa","Label":"Title","Locale":"es_ES"}},"Offers":{"Summaries":[{"Condition":{"Value":"New"},"LowestPrice":{"Amount":7.99,"Currency":"EUR","DisplayAmount":"7,99 €"}}]}},{"ASIN":"B0B1V8QLLT","DetailPageURL":"https://www.amazon.es/dp/B0B1V8QLLT?tag=topinalambricos-21&linkCode=osi&th=1&psc=1","Images":{"Primary":{"Small":{"Height":75,"URL":"https://m.media-amazon.com/images/I/41aMcaqaMBL._SL75_.jpg","Width":75}}},"ItemInfo":{"ByLineInfo":{"Brand":{"DisplayValue":"Pinsheng","Label":"Brand","Locale":"es_ES"},"Manufacturer":{"DisplayValue":"Pinsheng","Label":"Manufacturer","Locale":"es_ES"}},"Title":{"DisplayValue":"Pinsheng Tirantes Transparentes Sujetador 4 Pares Transparente Hombro Tirantes Claro Sujetador Correas Correas Transparentes Invisibles Antideslizantes de Sujetador para Mujer","Label":"Title","Locale":"es_ES"}},"Offers":{"Summaries":[{"Condition":{"Value":"New"},"LowestPrice":{"Amount":3.99,"Currency":"EUR","DisplayAmount":"3,99 €"}}]}},{"ASIN":"B09C376BCW","DetailPageURL":"https://www.amazon.es/dp/B09C376BCW?tag=topinalambricos-21&linkCode=osi&th=1&psc=1","Images":{"Primary":{"Small":{"Height":75,"URL":"https://m.media-amazon.com/images/I/31DDHCgK0lL._SL75_.jpg","Width":75}}},"ItemInfo":{"ByLineInfo":{"Brand":{"DisplayValue":"Jiakalamo","Label":"Brand","Locale":"es_ES"},"Manufacturer":{"DisplayValue":"Jiakalamo","Label":"Manufacturer","Locale":"es_ES"}},"Title":{"DisplayValue":"Jiakalamo Paraguas transparente plegable, Paraguas transparente automático para bodas , Paraguas transparente plegable mujer antiviento niño bodas travel ,Cierre automático Paraguas","Label":"Title","Locale":"es_ES"}},"Offers":{"Summaries":[{"Condition":{"Value":"New"},"LowestPrice":{"Amount":16.3,"Currency":"EUR","DisplayAmount":"16,30 €"}}]}},{"ASIN":"B081RPLNK1","DetailPageURL":"https://www.amazon.es/dp/B081RPLNK1?tag=topinalambricos-21&linkCode=osi&th=1&psc=1","Images":{"Primary":{"Small":{"Height":75,"URL":"https://m.media-amazon.com/images/I/4146RIkJjkL._SL75_.jpg","Width":75}}},"ItemInfo":{"ByLineInfo":{"Brand":{"DisplayValue":"WENTS","Label":"Brand","Locale":"es_ES"}},"Title":{"DisplayValue":"WENTS Bolsa Transparente de PVC Bolsa Transparente con Bolsillos con Cremallera y Correa para el Hombro Desmontable Cremallera Neceser De Cosmeticos De Mano Gran Capacidad","Label":"Title","Locale":"es_ES"}},"Offers":{"Summaries":[{"Condition":{"Value":"New"},"LowestPrice":{"Amount":11.67,"Currency":"EUR","DisplayAmount":"11,67 €"}}]}},{"ASIN":"B0BNQN89QF","DetailPageURL":"https://www.amazon.es/dp/B0BNQN89QF?tag=topinalambricos-21&linkCode=osi&th=1&psc=1","Images":{"Primary":{"Small":{"Height":75,"URL":"https://m.media-amazon.com/images/I/41m+zixsAKL._SL75_.jpg","Width":75}}},"ItemInfo":{"ByLineInfo":{"Brand":{"DisplayValue":"PUERHUACI","Label":"Brand","Locale":"es_ES"}},"Title":{"DisplayValue":"Neceser Transparente Viaje Avion,Bolsa Liquidos Avion,6 Piezas Bolso Transparente,19x14cm Neceser Viaje Avion,Bolsa Transparente Multifunción con Cremallera","Label":"Title","Locale":"es_ES"}},"Offers":{"Summaries":[{"Condition":{"Value":"New"},"LowestPrice":{"Amount":13.89,"Currency":"EUR","DisplayAmount":"13,89 €"}}]}},{"ASIN":"B0BVVKZLHT","DetailPageURL":"https://www.amazon.es/dp/B0BVVKZLHT?tag=topinalambricos-21&linkCode=osi&th=1&psc=1","Images":{"Primary":{"Small":{"Height":75,"URL":"https://m.media-amazon.com/images/I/41zd76ozzyL._SL75_.jpg","Width":75}}},"ItemInfo":{"ByLineInfo":{"Brand":{"DisplayValue":"Aucuu","Label":"Brand","Locale":"es_ES"},"Manufacturer":{"DisplayValue":"Aucuu®-EU","Label":"Manufacturer","Locale":"es_ES"}},"Title":{"DisplayValue":"Aucuu 4PCS Neceser Hombre, Transparente Neceser Viaje Avion, Bolsa liquidos Avion, Bolsa de Aseo Organizador Mujer, Viajes Accesorios, 20x20cm (Gris+ Cuerda)","Label":"Title","Locale":"es_ES"}},"Offers":{"Summaries":[{"Condition":{"Value":"New"},"LowestPrice":{"Amount":7.98,"Currency":"EUR","DisplayAmount":"7,98 €"}}]}},{"ASIN":"B0BWTJMHXF","DetailPageURL":"https://www.amazon.es/dp/B0BWTJMHXF?tag=topinalambricos-21&linkCode=osi&th=1&psc=1","Images":{"Primary":{"Small":{"Height":75,"URL":"https://m.media-amazon.com/images/I/51-Gsh1xTvL._SL75_.jpg","Width":75}}},"ItemInfo":{"ByLineInfo":{"Brand":{"DisplayValue":"talifoca","Label":"Brand","Locale":"es_ES"},"Manufacturer":{"DisplayValue":"TALIFOCA","Label":"Manufacturer","Locale":"es_ES"}},"Title":{"DisplayValue":"3 Piezas Neceser de Aseo Transparente, Bolsas Transparentes de Avión,Bolsas de Aseo Transparente,Mujer Bolsa de Cosmético Organizador,Kit de Viaje para Avión, para Mujeres y Hombres","Label":"Title","Locale":"es_ES"}},"Offers":{"Summaries":[{"Condition":{"Value":"New"},"LowestPrice":{"Amount":8.99,"Currency":"EUR","DisplayAmount":"8,99 €"}}]}},{"ASIN":"B08YNGRXNK","DetailPageURL":"https://www.amazon.es/dp/B08YNGRXNK?tag=topinalambricos-21&linkCode=osi&th=1&psc=1","Images":{"Primary":{"Small":{"Height":75,"URL":"https://m.media-amazon.com/images/I/4158WjUfRlL._SL75_.jpg","Width":75}}},"ItemInfo":{"ByLineInfo":{"Brand":{"DisplayValue":"Casio","Label":"Brand","Locale":"es_ES"},"Manufacturer":{"DisplayValue":"CASIO","Label":"Manufacturer","Locale":"es_ES"}},"Title":{"DisplayValue":"Casio Unisex-adultos Digital GA-2100SKE-7AER","Label":"Title","Locale":"es_ES"}},"Offers":{"Summaries":[{"Condition":{"Value":"New"},"LowestPrice":{"Amount":83.59,"Currency":"EUR","DisplayAmount":"83,59 €"}}]}},{"ASIN":"B0CH9FT7L6","DetailPageURL":"https://www.amazon.es/dp/B0CH9FT7L6?tag=topinalambricos-21&linkCode=osi&th=1&psc=1","Images":{"Primary":{"Small":{"Height":75,"URL":"https://m.media-amazon.com/images/I/41Zy4SoABVL._SL75_.jpg","Width":75}}},"ItemInfo":{"ByLineInfo":{"Brand":{"DisplayValue":"Smilbaley","Label":"Brand","Locale":"es_ES"},"Manufacturer":{"DisplayValue":"D-22","Label":"Manufacturer","Locale":"es_ES"}},"Title":{"DisplayValue":"Smilbaley 2 Piezas Bolsa de Gimnasia Transparente, Bolsa de Cincha Transparente, Bolsa de Gimnasia Transparente con Cordón, para Escuelas, Exteriores, Gimnasios, Playas (35×45cm)","Label":"Title","Locale":"es_ES"}},"Offers":{"Summaries":[{"Condition":{"Value":"New"},"LowestPrice":{"Amount":14.99,"Currency":"EUR","DisplayAmount":"14,99 €"}}]}}],"SearchURL":"https://www.amazon.es/s?k=transparente&rh=n%3A14223378031%2Cp_n_availability%3A-1&tag=topinalambricos-21&linkCode=osi","TotalResultCount":306}},"60":{"SearchResult":{"Items":[{"ASIN":"B07GBN7JMK","DetailPageURL":"https://www.amazon.es/dp/B07GBN7JMK?tag=topinalambricos-21&linkCode=osi&th=1&psc=1","Images":{"Primary":{"Small":{"Height":75,"URL":"https://m.media-amazon.com/images/I/31vHA+wxLoL._SL75_.jpg","Width":70}}},"ItemInfo":{"ByLineInfo":{"Brand":{"DisplayValue":"Lancoon","Label":"Brand","Locale":"es_ES"},"Manufacturer":{"DisplayValue":"Lancoon","Label":"Manufacturer","Locale":"es_ES"}},"Title":{"DisplayValue":"Lancoon Paraguas Cúpula Transparente Mujer, 16 Costillas TamañO Grande A Prueba De Viento AutomáTico Abierto KS10White","Label":"Title","Locale":"es_ES"}},"Offers":{"Summaries":[{"Condition":{"Value":"New"},"LowestPrice":{"Amount":24.99,"Currency":"EUR","DisplayAmount":"24,99 €"}}]}},{"ASIN":"B0C4YLL3QG","DetailPageURL":"https://www.amazon.es/dp/B0C4YLL3QG?tag=topinalambricos-21&linkCode=osi&th=1&psc=1","Images":{"Primary":{"Small":{"Height":75,"URL":"https://m.media-amazon.com/images/I/312yqV-pibL._SL75_.jpg","Width":64}}},"ItemInfo":{"ByLineInfo":{"Brand":{"DisplayValue":"Jissta","Label":"Brand","Locale":"es_ES"},"Manufacturer":{"DisplayValue":"Jissta","Label":"Manufacturer","Locale":"es_ES"}},"Title":{"DisplayValue":"Jissta 4 neceseres Transparentes 20 * 20CM, Bolsa para líquidos de avión, Neceser portátil, Neceser de Viaje para Mujeres y Hombres con asa","Label":"Title","Locale":"es_ES"}},"Offers":{"Summaries":[{"Condition":{"Value":"New"},"LowestPrice":{"Amount":7.99,"Currency":"EUR","DisplayAmount":"7,99 €"}}]}},{"ASIN":"B0B1V8QLLT","DetailPageURL":"https://www.amazon.es/dp/B0B1V8QLLT?tag=topinalambricos-21&linkCode=osi&th=1&psc=1","Images":{"Primary":{"Small":{"Height":75,"URL":"https://m.media-amazon.com/images/I/41aMcaqaMBL._SL75_.jpg","Width":75}}},"ItemInfo":{"ByLineInfo":{"Brand":{"DisplayValue":"Pinsheng","Label":"Brand","Locale":"es_ES"},"Manufacturer":{"DisplayValue":"Pinsheng","Label":"Manufacturer","Locale":"es_ES"}},"Title":{"DisplayValue":"Pinsheng Tirantes Transparentes Sujetador 4 Pares Transparente Hombro Tirantes Claro Sujetador Correas Correas Transparentes Invisibles Antideslizantes de Sujetador para Mujer","Label":"Title","Locale":"es_ES"}},"Offers":{"Summaries":[{"Condition":{"Value":"New"},"LowestPrice":{"Amount":3.99,"Currency":"EUR","DisplayAmount":"3,99 €"}}]}},{"ASIN":"B09C376BCW","DetailPageURL":"https://www.amazon.es/dp/B09C376BCW?tag=topinalambricos-21&linkCode=osi&th=1&psc=1","Images":{"Primary":{"Small":{"Height":75,"URL":"https://m.media-amazon.com/images/I/31DDHCgK0lL._SL75_.jpg","Width":75}}},"ItemInfo":{"ByLineInfo":{"Brand":{"DisplayValue":"Jiakalamo","Label":"Brand","Locale":"es_ES"},"Manufacturer":{"DisplayValue":"Jiakalamo","Label":"Manufacturer","Locale":"es_ES"}},"Title":{"DisplayValue":"Jiakalamo Paraguas transparente plegable, Paraguas transparente automático para bodas , Paraguas transparente plegable mujer antiviento niño bodas travel ,Cierre automático Paraguas","Label":"Title","Locale":"es_ES"}},"Offers":{"Summaries":[{"Condition":{"Value":"New"},"LowestPrice":{"Amount":16.3,"Currency":"EUR","DisplayAmount":"16,30 €"}}]}},{"ASIN":"B081RPLNK1","DetailPageURL":"https://www.amazon.es/dp/B081RPLNK1?tag=topinalambricos-21&linkCode=osi&th=1&psc=1","Images":{"Primary":{"Small":{"Height":75,"URL":"https://m.media-amazon.com/images/I/4146RIkJjkL._SL75_.jpg","Width":75}}},"ItemInfo":{"ByLineInfo":{"Brand":{"DisplayValue":"WENTS","Label":"Brand","Locale":"es_ES"}},"Title":{"DisplayValue":"WENTS Bolsa Transparente de PVC Bolsa Transparente con Bolsillos con Cremallera y Correa para el Hombro Desmontable Cremallera Neceser De Cosmeticos De Mano Gran Capacidad","Label":"Title","Locale":"es_ES"}},"Offers":{"Summaries":[{"Condition":{"Value":"New"},"LowestPrice":{"Amount":11.67,"Currency":"EUR","DisplayAmount":"11,67 €"}}]}},{"ASIN":"B0BNQN89QF","DetailPageURL":"https://www.amazon.es/dp/B0BNQN89QF?tag=topinalambricos-21&linkCode=osi&th=1&psc=1","Images":{"Primary":{"Small":{"Height":75,"URL":"https://m.media-amazon.com/images/I/41m+zixsAKL._SL75_.jpg","Width":75}}},"ItemInfo":{"ByLineInfo":{"Brand":{"DisplayValue":"PUERHUACI","Label":"Brand","Locale":"es_ES"}},"Title":{"DisplayValue":"Neceser Transparente Viaje Avion,Bolsa Liquidos Avion,6 Piezas Bolso Transparente,19x14cm Neceser Viaje Avion,Bolsa Transparente Multifunción con Cremallera","Label":"Title","Locale":"es_ES"}},"Offers":{"Summaries":[{"Condition":{"Value":"New"},"LowestPrice":{"Amount":13.89,"Currency":"EUR","DisplayAmount":"13,89 €"}}]}},{"ASIN":"B0BVVKZLHT","DetailPageURL":"https://www.amazon.es/dp/B0BVVKZLHT?tag=topinalambricos-21&linkCode=osi&th=1&psc=1","Images":{"Primary":{"Small":{"Height":75,"URL":"https://m.media-amazon.com/images/I/41zd76ozzyL._SL75_.jpg","Width":75}}},"ItemInfo":{"ByLineInfo":{"Brand":{"DisplayValue":"Aucuu","Label":"Brand","Locale":"es_ES"},"Manufacturer":{"DisplayValue":"Aucuu®-EU","Label":"Manufacturer","Locale":"es_ES"}},"Title":{"DisplayValue":"Aucuu 4PCS Neceser Hombre, Transparente Neceser Viaje Avion, Bolsa liquidos Avion, Bolsa de Aseo Organizador Mujer, Viajes Accesorios, 20x20cm (Gris+ Cuerda)","Label":"Title","Locale":"es_ES"}},"Offers":{"Summaries":[{"Condition":{"Value":"New"},"LowestPrice":{"Amount":7.98,"Currency":"EUR","DisplayAmount":"7,98 €"}}]}},{"ASIN":"B0BWTJMHXF","DetailPageURL":"https://www.amazon.es/dp/B0BWTJMHXF?tag=topinalambricos-21&linkCode=osi&th=1&psc=1","Images":{"Primary":{"Small":{"Height":75,"URL":"https://m.media-amazon.com/images/I/51-Gsh1xTvL._SL75_.jpg","Width":75}}},"ItemInfo":{"ByLineInfo":{"Brand":{"DisplayValue":"talifoca","Label":"Brand","Locale":"es_ES"},"Manufacturer":{"DisplayValue":"TALIFOCA","Label":"Manufacturer","Locale":"es_ES"}},"Title":{"DisplayValue":"3 Piezas Neceser de Aseo Transparente, Bolsas Transparentes de Avión,Bolsas de Aseo Transparente,Mujer Bolsa de Cosmético Organizador,Kit de Viaje para Avión, para Mujeres y Hombres","Label":"Title","Locale":"es_ES"}},"Offers":{"Summaries":[{"Condition":{"Value":"New"},"LowestPrice":{"Amount":8.99,"Currency":"EUR","DisplayAmount":"8,99 €"}}]}},{"ASIN":"B08YNGRXNK","DetailPageURL":"https://www.amazon.es/dp/B08YNGRXNK?tag=topinalambricos-21&linkCode=osi&th=1&psc=1","Images":{"Primary":{"Small":{"Height":75,"URL":"https://m.media-amazon.com/images/I/4158WjUfRlL._SL75_.jpg","Width":75}}},"ItemInfo":{"ByLineInfo":{"Brand":{"DisplayValue":"Casio","Label":"Brand","Locale":"es_ES"},"Manufacturer":{"DisplayValue":"CASIO","Label":"Manufacturer","Locale":"es_ES"}},"Title":{"DisplayValue":"Casio Unisex-adultos Digital GA-2100SKE-7AER","Label":"Title","Locale":"es_ES"}},"Offers":{"Summaries":[{"Condition":{"Value":"New"},"LowestPrice":{"Amount":83.59,"Currency":"EUR","DisplayAmount":"83,59 €"}}]}},{"ASIN":"B0CH9FT7L6","DetailPageURL":"https://www.amazon.es/dp/B0CH9FT7L6?tag=topinalambricos-21&linkCode=osi&th=1&psc=1","Images":{"Primary":{"Small":{"Height":75,"URL":"https://m.media-amazon.com/images/I/41Zy4SoABVL._SL75_.jpg","Width":75}}},"ItemInfo":{"ByLineInfo":{"Brand":{"DisplayValue":"Smilbaley","Label":"Brand","Locale":"es_ES"},"Manufacturer":{"DisplayValue":"D-22","Label":"Manufacturer","Locale":"es_ES"}},"Title":{"DisplayValue":"Smilbaley 2 Piezas Bolsa de Gimnasia Transparente, Bolsa de Cincha Transparente, Bolsa de Gimnasia Transparente con Cordón, para Escuelas, Exteriores, Gimnasios, Playas (35×45cm)","Label":"Title","Locale":"es_ES"}},"Offers":{"Summaries":[{"Condition":{"Value":"New"},"LowestPrice":{"Amount":14.99,"Currency":"EUR","DisplayAmount":"14,99 €"}}]}}],"SearchURL":"https://www.amazon.es/s?k=transparente&rh=n%3A14223378031%2Cp_n_availability%3A-1&tag=topinalambricos-21&linkCode=osi","TotalResultCount":306}},"61":{"SearchResult":{"Items":[{"ASIN":"B07GBN7JMK","DetailPageURL":"https://www.amazon.es/dp/B07GBN7JMK?tag=topinalambricos-21&linkCode=osi&th=1&psc=1","Images":{"Primary":{"Small":{"Height":75,"URL":"https://m.media-amazon.com/images/I/31vHA+wxLoL._SL75_.jpg","Width":70}}},"ItemInfo":{"ByLineInfo":{"Brand":{"DisplayValue":"Lancoon","Label":"Brand","Locale":"es_ES"},"Manufacturer":{"DisplayValue":"Lancoon","Label":"Manufacturer","Locale":"es_ES"}},"Title":{"DisplayValue":"Lancoon Paraguas Cúpula Transparente Mujer, 16 Costillas TamañO Grande A Prueba De Viento AutomáTico Abierto KS10White","Label":"Title","Locale":"es_ES"}},"Offers":{"Summaries":[{"Condition":{"Value":"New"},"LowestPrice":{"Amount":24.99,"Currency":"EUR","DisplayAmount":"24,99 €"}}]}},{"ASIN":"B0C4YLL3QG","DetailPageURL":"https://www.amazon.es/dp/B0C4YLL3QG?tag=topinalambricos-21&linkCode=osi&th=1&psc=1","Images":{"Primary":{"Small":{"Height":75,"URL":"https://m.media-amazon.com/images/I/312yqV-pibL._SL75_.jpg","Width":64}}},"ItemInfo":{"ByLineInfo":{"Brand":{"DisplayValue":"Jissta","Label":"Brand","Locale":"es_ES"},"Manufacturer":{"DisplayValue":"Jissta","Label":"Manufacturer","Locale":"es_ES"}},"Title":{"DisplayValue":"Jissta 4 neceseres Transparentes 20 * 20CM, Bolsa para líquidos de avión, Neceser portátil, Neceser de Viaje para Mujeres y Hombres con asa","Label":"Title","Locale":"es_ES"}},"Offers":{"Summaries":[{"Condition":{"Value":"New"},"LowestPrice":{"Amount":7.99,"Currency":"EUR","DisplayAmount":"7,99 €"}}]}},{"ASIN":"B0B1V8QLLT","DetailPageURL":"https://www.amazon.es/dp/B0B1V8QLLT?tag=topinalambricos-21&linkCode=osi&th=1&psc=1","Images":{"Primary":{"Small":{"Height":75,"URL":"https://m.media-amazon.com/images/I/41aMcaqaMBL._SL75_.jpg","Width":75}}},"ItemInfo":{"ByLineInfo":{"Brand":{"DisplayValue":"Pinsheng","Label":"Brand","Locale":"es_ES"},"Manufacturer":{"DisplayValue":"Pinsheng","Label":"Manufacturer","Locale":"es_ES"}},"Title":{"DisplayValue":"Pinsheng Tirantes Transparentes Sujetador 4 Pares Transparente Hombro Tirantes Claro Sujetador Correas Correas Transparentes Invisibles Antideslizantes de Sujetador para Mujer","Label":"Title","Locale":"es_ES"}},"Offers":{"Summaries":[{"Condition":{"Value":"New"},"LowestPrice":{"Amount":3.99,"Currency":"EUR","DisplayAmount":"3,99 €"}}]}},{"ASIN":"B09C376BCW","DetailPageURL":"https://www.amazon.es/dp/B09C376BCW?tag=topinalambricos-21&linkCode=osi&th=1&psc=1","Images":{"Primary":{"Small":{"Height":75,"URL":"https://m.media-amazon.com/images/I/31DDHCgK0lL._SL75_.jpg","Width":75}}},"ItemInfo":{"ByLineInfo":{"Brand":{"DisplayValue":"Jiakalamo","Label":"Brand","Locale":"es_ES"},"Manufacturer":{"DisplayValue":"Jiakalamo","Label":"Manufacturer","Locale":"es_ES"}},"Title":{"DisplayValue":"Jiakalamo Paraguas transparente plegable, Paraguas transparente automático para bodas , Paraguas transparente plegable mujer antiviento niño bodas travel ,Cierre automático Paraguas","Label":"Title","Locale":"es_ES"}},"Offers":{"Summaries":[{"Condition":{"Value":"New"},"LowestPrice":{"Amount":16.3,"Currency":"EUR","DisplayAmount":"16,30 €"}}]}},{"ASIN":"B081RPLNK1","DetailPageURL":"https://www.amazon.es/dp/B081RPLNK1?tag=topinalambricos-21&linkCode=osi&th=1&psc=1","Images":{"Primary":{"Small":{"Height":75,"URL":"https://m.media-amazon.com/images/I/4146RIkJjkL._SL75_.jpg","Width":75}}},"ItemInfo":{"ByLineInfo":{"Brand":{"DisplayValue":"WENTS","Label":"Brand","Locale":"es_ES"}},"Title":{"DisplayValue":"WENTS Bolsa Transparente de PVC Bolsa Transparente con Bolsillos con Cremallera y Correa para el Hombro Desmontable Cremallera Neceser De Cosmeticos De Mano Gran Capacidad","Label":"Title","Locale":"es_ES"}},"Offers":{"Summaries":[{"Condition":{"Value":"New"},"LowestPrice":{"Amount":11.67,"Currency":"EUR","DisplayAmount":"11,67 €"}}]}},{"ASIN":"B0BNQN89QF","DetailPageURL":"https://www.amazon.es/dp/B0BNQN89QF?tag=topinalambricos-21&linkCode=osi&th=1&psc=1","Images":{"Primary":{"Small":{"Height":75,"URL":"https://m.media-amazon.com/images/I/41m+zixsAKL._SL75_.jpg","Width":75}}},"ItemInfo":{"ByLineInfo":{"Brand":{"DisplayValue":"PUERHUACI","Label":"Brand","Locale":"es_ES"}},"Title":{"DisplayValue":"Neceser Transparente Viaje Avion,Bolsa Liquidos Avion,6 Piezas Bolso Transparente,19x14cm Neceser Viaje Avion,Bolsa Transparente Multifunción con Cremallera","Label":"Title","Locale":"es_ES"}},"Offers":{"Summaries":[{"Condition":{"Value":"New"},"LowestPrice":{"Amount":13.89,"Currency":"EUR","DisplayAmount":"13,89 €"}}]}},{"ASIN":"B0BVVKZLHT","DetailPageURL":"https://www.amazon.es/dp/B0BVVKZLHT?tag=topinalambricos-21&linkCode=osi&th=1&psc=1","Images":{"Primary":{"Small":{"Height":75,"URL":"https://m.media-amazon.com/images/I/41zd76ozzyL._SL75_.jpg","Width":75}}},"ItemInfo":{"ByLineInfo":{"Brand":{"DisplayValue":"Aucuu","Label":"Brand","Locale":"es_ES"},"Manufacturer":{"DisplayValue":"Aucuu®-EU","Label":"Manufacturer","Locale":"es_ES"}},"Title":{"DisplayValue":"Aucuu 4PCS Neceser Hombre, Transparente Neceser Viaje Avion, Bolsa liquidos Avion, Bolsa de Aseo Organizador Mujer, Viajes Accesorios, 20x20cm (Gris+ Cuerda)","Label":"Title","Locale":"es_ES"}},"Offers":{"Summaries":[{"Condition":{"Value":"New"},"LowestPrice":{"Amount":7.98,"Currency":"EUR","DisplayAmount":"7,98 €"}}]}},{"ASIN":"B0BWTJMHXF","DetailPageURL":"https://www.amazon.es/dp/B0BWTJMHXF?tag=topinalambricos-21&linkCode=osi&th=1&psc=1","Images":{"Primary":{"Small":{"Height":75,"URL":"https://m.media-amazon.com/images/I/51-Gsh1xTvL._SL75_.jpg","Width":75}}},"ItemInfo":{"ByLineInfo":{"Brand":{"DisplayValue":"talifoca","Label":"Brand","Locale":"es_ES"},"Manufacturer":{"DisplayValue":"TALIFOCA","Label":"Manufacturer","Locale":"es_ES"}},"Title":{"DisplayValue":"3 Piezas Neceser de Aseo Transparente, Bolsas Transparentes de Avión,Bolsas de Aseo Transparente,Mujer Bolsa de Cosmético Organizador,Kit de Viaje para Avión, para Mujeres y Hombres","Label":"Title","Locale":"es_ES"}},"Offers":{"Summaries":[{"Condition":{"Value":"New"},"LowestPrice":{"Amount":8.99,"Currency":"EUR","DisplayAmount":"8,99 €"}}]}},{"ASIN":"B08YNGRXNK","DetailPageURL":"https://www.amazon.es/dp/B08YNGRXNK?tag=topinalambricos-21&linkCode=osi&th=1&psc=1","Images":{"Primary":{"Small":{"Height":75,"URL":"https://m.media-amazon.com/images/I/4158WjUfRlL._SL75_.jpg","Width":75}}},"ItemInfo":{"ByLineInfo":{"Brand":{"DisplayValue":"Casio","Label":"Brand","Locale":"es_ES"},"Manufacturer":{"DisplayValue":"CASIO","Label":"Manufacturer","Locale":"es_ES"}},"Title":{"DisplayValue":"Casio Unisex-adultos Digital GA-2100SKE-7AER","Label":"Title","Locale":"es_ES"}},"Offers":{"Summaries":[{"Condition":{"Value":"New"},"LowestPrice":{"Amount":83.59,"Currency":"EUR","DisplayAmount":"83,59 €"}}]}},{"ASIN":"B0CH9FT7L6","DetailPageURL":"https://www.amazon.es/dp/B0CH9FT7L6?tag=topinalambricos-21&linkCode=osi&th=1&psc=1","Images":{"Primary":{"Small":{"Height":75,"URL":"https://m.media-amazon.com/images/I/41Zy4SoABVL._SL75_.jpg","Width":75}}},"ItemInfo":{"ByLineInfo":{"Brand":{"DisplayValue":"Smilbaley","Label":"Brand","Locale":"es_ES"},"Manufacturer":{"DisplayValue":"D-22","Label":"Manufacturer","Locale":"es_ES"}},"Title":{"DisplayValue":"Smilbaley 2 Piezas Bolsa de Gimnasia Transparente, Bolsa de Cincha Transparente, Bolsa de Gimnasia Transparente con Cordón, para Escuelas, Exteriores, Gimnasios, Playas (35×45cm)","Label":"Title","Locale":"es_ES"}},"Offers":{"Summaries":[{"Condition":{"Value":"New"},"LowestPrice":{"Amount":14.99,"Currency":"EUR","DisplayAmount":"14,99 €"}}]}}],"SearchURL":"https://www.amazon.es/s?k=transparente&rh=n%3A14223378031%2Cp_n_availability%3A-1&tag=topinalambricos-21&linkCode=osi","TotalResultCount":306}},"63":{"SearchResult":{"Items":[{"ASIN":"B07GBN7JMK","DetailPageURL":"https://www.amazon.es/dp/B07GBN7JMK?tag=topinalambricos-21&linkCode=osi&th=1&psc=1","Images":{"Primary":{"Small":{"Height":75,"URL":"https://m.media-amazon.com/images/I/31vHA+wxLoL._SL75_.jpg","Width":70}}},"ItemInfo":{"ByLineInfo":{"Brand":{"DisplayValue":"Lancoon","Label":"Brand","Locale":"es_ES"},"Manufacturer":{"DisplayValue":"Lancoon","Label":"Manufacturer","Locale":"es_ES"}},"Title":{"DisplayValue":"Lancoon Paraguas Cúpula Transparente Mujer, 16 Costillas TamañO Grande A Prueba De Viento AutomáTico Abierto KS10White","Label":"Title","Locale":"es_ES"}},"Offers":{"Summaries":[{"Condition":{"Value":"New"},"LowestPrice":{"Amount":24.99,"Currency":"EUR","DisplayAmount":"24,99 €"}}]}},{"ASIN":"B0C4YLL3QG","DetailPageURL":"https://www.amazon.es/dp/B0C4YLL3QG?tag=topinalambricos-21&linkCode=osi&th=1&psc=1","Images":{"Primary":{"Small":{"Height":75,"URL":"https://m.media-amazon.com/images/I/312yqV-pibL._SL75_.jpg","Width":64}}},"ItemInfo":{"ByLineInfo":{"Brand":{"DisplayValue":"Jissta","Label":"Brand","Locale":"es_ES"},"Manufacturer":{"DisplayValue":"Jissta","Label":"Manufacturer","Locale":"es_ES"}},"Title":{"DisplayValue":"Jissta 4 neceseres Transparentes 20 * 20CM, Bolsa para líquidos de avión, Neceser portátil, Neceser de Viaje para Mujeres y Hombres con asa","Label":"Title","Locale":"es_ES"}},"Offers":{"Summaries":[{"Condition":{"Value":"New"},"LowestPrice":{"Amount":7.99,"Currency":"EUR","DisplayAmount":"7,99 €"}}]}},{"ASIN":"B0B1V8QLLT","DetailPageURL":"https://www.amazon.es/dp/B0B1V8QLLT?tag=topinalambricos-21&linkCode=osi&th=1&psc=1","Images":{"Primary":{"Small":{"Height":75,"URL":"https://m.media-amazon.com/images/I/41aMcaqaMBL._SL75_.jpg","Width":75}}},"ItemInfo":{"ByLineInfo":{"Brand":{"DisplayValue":"Pinsheng","Label":"Brand","Locale":"es_ES"},"Manufacturer":{"DisplayValue":"Pinsheng","Label":"Manufacturer","Locale":"es_ES"}},"Title":{"DisplayValue":"Pinsheng Tirantes Transparentes Sujetador 4 Pares Transparente Hombro Tirantes Claro Sujetador Correas Correas Transparentes Invisibles Antideslizantes de Sujetador para Mujer","Label":"Title","Locale":"es_ES"}},"Offers":{"Summaries":[{"Condition":{"Value":"New"},"LowestPrice":{"Amount":3.99,"Currency":"EUR","DisplayAmount":"3,99 €"}}]}},{"ASIN":"B09C376BCW","DetailPageURL":"https://www.amazon.es/dp/B09C376BCW?tag=topinalambricos-21&linkCode=osi&th=1&psc=1","Images":{"Primary":{"Small":{"Height":75,"URL":"https://m.media-amazon.com/images/I/31DDHCgK0lL._SL75_.jpg","Width":75}}},"ItemInfo":{"ByLineInfo":{"Brand":{"DisplayValue":"Jiakalamo","Label":"Brand","Locale":"es_ES"},"Manufacturer":{"DisplayValue":"Jiakalamo","Label":"Manufacturer","Locale":"es_ES"}},"Title":{"DisplayValue":"Jiakalamo Paraguas transparente plegable, Paraguas transparente automático para bodas , Paraguas transparente plegable mujer antiviento niño bodas travel ,Cierre automático Paraguas","Label":"Title","Locale":"es_ES"}},"Offers":{"Summaries":[{"Condition":{"Value":"New"},"LowestPrice":{"Amount":16.3,"Currency":"EUR","DisplayAmount":"16,30 €"}}]}},{"ASIN":"B081RPLNK1","DetailPageURL":"https://www.amazon.es/dp/B081RPLNK1?tag=topinalambricos-21&linkCode=osi&th=1&psc=1","Images":{"Primary":{"Small":{"Height":75,"URL":"https://m.media-amazon.com/images/I/4146RIkJjkL._SL75_.jpg","Width":75}}},"ItemInfo":{"ByLineInfo":{"Brand":{"DisplayValue":"WENTS","Label":"Brand","Locale":"es_ES"}},"Title":{"DisplayValue":"WENTS Bolsa Transparente de PVC Bolsa Transparente con Bolsillos con Cremallera y Correa para el Hombro Desmontable Cremallera Neceser De Cosmeticos De Mano Gran Capacidad","Label":"Title","Locale":"es_ES"}},"Offers":{"Summaries":[{"Condition":{"Value":"New"},"LowestPrice":{"Amount":11.67,"Currency":"EUR","DisplayAmount":"11,67 €"}}]}},{"ASIN":"B0BNQN89QF","DetailPageURL":"https://www.amazon.es/dp/B0BNQN89QF?tag=topinalambricos-21&linkCode=osi&th=1&psc=1","Images":{"Primary":{"Small":{"Height":75,"URL":"https://m.media-amazon.com/images/I/41m+zixsAKL._SL75_.jpg","Width":75}}},"ItemInfo":{"ByLineInfo":{"Brand":{"DisplayValue":"PUERHUACI","Label":"Brand","Locale":"es_ES"}},"Title":{"DisplayValue":"Neceser Transparente Viaje Avion,Bolsa Liquidos Avion,6 Piezas Bolso Transparente,19x14cm Neceser Viaje Avion,Bolsa Transparente Multifunción con Cremallera","Label":"Title","Locale":"es_ES"}},"Offers":{"Summaries":[{"Condition":{"Value":"New"},"LowestPrice":{"Amount":13.89,"Currency":"EUR","DisplayAmount":"13,89 €"}}]}},{"ASIN":"B0BVVKZLHT","DetailPageURL":"https://www.amazon.es/dp/B0BVVKZLHT?tag=topinalambricos-21&linkCode=osi&th=1&psc=1","Images":{"Primary":{"Small":{"Height":75,"URL":"https://m.media-amazon.com/images/I/41zd76ozzyL._SL75_.jpg","Width":75}}},"ItemInfo":{"ByLineInfo":{"Brand":{"DisplayValue":"Aucuu","Label":"Brand","Locale":"es_ES"},"Manufacturer":{"DisplayValue":"Aucuu®-EU","Label":"Manufacturer","Locale":"es_ES"}},"Title":{"DisplayValue":"Aucuu 4PCS Neceser Hombre, Transparente Neceser Viaje Avion, Bolsa liquidos Avion, Bolsa de Aseo Organizador Mujer, Viajes Accesorios, 20x20cm (Gris+ Cuerda)","Label":"Title","Locale":"es_ES"}},"Offers":{"Summaries":[{"Condition":{"Value":"New"},"LowestPrice":{"Amount":7.98,"Currency":"EUR","DisplayAmount":"7,98 €"}}]}},{"ASIN":"B0BWTJMHXF","DetailPageURL":"https://www.amazon.es/dp/B0BWTJMHXF?tag=topinalambricos-21&linkCode=osi&th=1&psc=1","Images":{"Primary":{"Small":{"Height":75,"URL":"https://m.media-amazon.com/images/I/51-Gsh1xTvL._SL75_.jpg","Width":75}}},"ItemInfo":{"ByLineInfo":{"Brand":{"DisplayValue":"talifoca","Label":"Brand","Locale":"es_ES"},"Manufacturer":{"DisplayValue":"TALIFOCA","Label":"Manufacturer","Locale":"es_ES"}},"Title":{"DisplayValue":"3 Piezas Neceser de Aseo Transparente, Bolsas Transparentes de Avión,Bolsas de Aseo Transparente,Mujer Bolsa de Cosmético Organizador,Kit de Viaje para Avión, para Mujeres y Hombres","Label":"Title","Locale":"es_ES"}},"Offers":{"Summaries":[{"Condition":{"Value":"New"},"LowestPrice":{"Amount":8.99,"Currency":"EUR","DisplayAmount":"8,99 €"}}]}},{"ASIN":"B08YNGRXNK","DetailPageURL":"https://www.amazon.es/dp/B08YNGRXNK?tag=topinalambricos-21&linkCode=osi&th=1&psc=1","Images":{"Primary":{"Small":{"Height":75,"URL":"https://m.media-amazon.com/images/I/4158WjUfRlL._SL75_.jpg","Width":75}}},"ItemInfo":{"ByLineInfo":{"Brand":{"DisplayValue":"Casio","Label":"Brand","Locale":"es_ES"},"Manufacturer":{"DisplayValue":"CASIO","Label":"Manufacturer","Locale":"es_ES"}},"Title":{"DisplayValue":"Casio Unisex-adultos Digital GA-2100SKE-7AER","Label":"Title","Locale":"es_ES"}},"Offers":{"Summaries":[{"Condition":{"Value":"New"},"LowestPrice":{"Amount":83.59,"Currency":"EUR","DisplayAmount":"83,59 €"}}]}},{"ASIN":"B0CH9FT7L6","DetailPageURL":"https://www.amazon.es/dp/B0CH9FT7L6?tag=topinalambricos-21&linkCode=osi&th=1&psc=1","Images":{"Primary":{"Small":{"Height":75,"URL":"https://m.media-amazon.com/images/I/41Zy4SoABVL._SL75_.jpg","Width":75}}},"ItemInfo":{"ByLineInfo":{"Brand":{"DisplayValue":"Smilbaley","Label":"Brand","Locale":"es_ES"},"Manufacturer":{"DisplayValue":"D-22","Label":"Manufacturer","Locale":"es_ES"}},"Title":{"DisplayValue":"Smilbaley 2 Piezas Bolsa de Gimnasia Transparente, Bolsa de Cincha Transparente, Bolsa de Gimnasia Transparente con Cordón, para Escuelas, Exteriores, Gimnasios, Playas (35×45cm)","Label":"Title","Locale":"es_ES"}},"Offers":{"Summaries":[{"Condition":{"Value":"New"},"LowestPrice":{"Amount":14.99,"Currency":"EUR","DisplayAmount":"14,99 €"}}]}}],"SearchURL":"https://www.amazon.es/s?k=transparente&rh=n%3A14223378031%2Cp_n_availability%3A-1&tag=topinalambricos-21&linkCode=osi","TotalResultCount":306}},"64":{"SearchResult":{"Items":[{"ASIN":"B07GBN7JMK","DetailPageURL":"https://www.amazon.es/dp/B07GBN7JMK?tag=topinalambricos-21&linkCode=osi&th=1&psc=1","Images":{"Primary":{"Small":{"Height":75,"URL":"https://m.media-amazon.com/images/I/31vHA+wxLoL._SL75_.jpg","Width":70}}},"ItemInfo":{"ByLineInfo":{"Brand":{"DisplayValue":"Lancoon","Label":"Brand","Locale":"es_ES"},"Manufacturer":{"DisplayValue":"Lancoon","Label":"Manufacturer","Locale":"es_ES"}},"Title":{"DisplayValue":"Lancoon Paraguas Cúpula Transparente Mujer, 16 Costillas TamañO Grande A Prueba De Viento AutomáTico Abierto KS10White","Label":"Title","Locale":"es_ES"}},"Offers":{"Summaries":[{"Condition":{"Value":"New"},"LowestPrice":{"Amount":24.99,"Currency":"EUR","DisplayAmount":"24,99 €"}}]}},{"ASIN":"B0C4YLL3QG","DetailPageURL":"https://www.amazon.es/dp/B0C4YLL3QG?tag=topinalambricos-21&linkCode=osi&th=1&psc=1","Images":{"Primary":{"Small":{"Height":75,"URL":"https://m.media-amazon.com/images/I/312yqV-pibL._SL75_.jpg","Width":64}}},"ItemInfo":{"ByLineInfo":{"Brand":{"DisplayValue":"Jissta","Label":"Brand","Locale":"es_ES"},"Manufacturer":{"DisplayValue":"Jissta","Label":"Manufacturer","Locale":"es_ES"}},"Title":{"DisplayValue":"Jissta 4 neceseres Transparentes 20 * 20CM, Bolsa para líquidos de avión, Neceser portátil, Neceser de Viaje para Mujeres y Hombres con asa","Label":"Title","Locale":"es_ES"}},"Offers":{"Summaries":[{"Condition":{"Value":"New"},"LowestPrice":{"Amount":7.99,"Currency":"EUR","DisplayAmount":"7,99 €"}}]}},{"ASIN":"B0B1V8QLLT","DetailPageURL":"https://www.amazon.es/dp/B0B1V8QLLT?tag=topinalambricos-21&linkCode=osi&th=1&psc=1","Images":{"Primary":{"Small":{"Height":75,"URL":"https://m.media-amazon.com/images/I/41aMcaqaMBL._SL75_.jpg","Width":75}}},"ItemInfo":{"ByLineInfo":{"Brand":{"DisplayValue":"Pinsheng","Label":"Brand","Locale":"es_ES"},"Manufacturer":{"DisplayValue":"Pinsheng","Label":"Manufacturer","Locale":"es_ES"}},"Title":{"DisplayValue":"Pinsheng Tirantes Transparentes Sujetador 4 Pares Transparente Hombro Tirantes Claro Sujetador Correas Correas Transparentes Invisibles Antideslizantes de Sujetador para Mujer","Label":"Title","Locale":"es_ES"}},"Offers":{"Summaries":[{"Condition":{"Value":"New"},"LowestPrice":{"Amount":3.99,"Currency":"EUR","DisplayAmount":"3,99 €"}}]}},{"ASIN":"B09C376BCW","DetailPageURL":"https://www.amazon.es/dp/B09C376BCW?tag=topinalambricos-21&linkCode=osi&th=1&psc=1","Images":{"Primary":{"Small":{"Height":75,"URL":"https://m.media-amazon.com/images/I/31DDHCgK0lL._SL75_.jpg","Width":75}}},"ItemInfo":{"ByLineInfo":{"Brand":{"DisplayValue":"Jiakalamo","Label":"Brand","Locale":"es_ES"},"Manufacturer":{"DisplayValue":"Jiakalamo","Label":"Manufacturer","Locale":"es_ES"}},"Title":{"DisplayValue":"Jiakalamo Paraguas transparente plegable, Paraguas transparente automático para bodas , Paraguas transparente plegable mujer antiviento niño bodas travel ,Cierre automático Paraguas","Label":"Title","Locale":"es_ES"}},"Offers":{"Summaries":[{"Condition":{"Value":"New"},"LowestPrice":{"Amount":16.3,"Currency":"EUR","DisplayAmount":"16,30 €"}}]}},{"ASIN":"B081RPLNK1","DetailPageURL":"https://www.amazon.es/dp/B081RPLNK1?tag=topinalambricos-21&linkCode=osi&th=1&psc=1","Images":{"Primary":{"Small":{"Height":75,"URL":"https://m.media-amazon.com/images/I/4146RIkJjkL._SL75_.jpg","Width":75}}},"ItemInfo":{"ByLineInfo":{"Brand":{"DisplayValue":"WENTS","Label":"Brand","Locale":"es_ES"}},"Title":{"DisplayValue":"WENTS Bolsa Transparente de PVC Bolsa Transparente con Bolsillos con Cremallera y Correa para el Hombro Desmontable Cremallera Neceser De Cosmeticos De Mano Gran Capacidad","Label":"Title","Locale":"es_ES"}},"Offers":{"Summaries":[{"Condition":{"Value":"New"},"LowestPrice":{"Amount":11.67,"Currency":"EUR","DisplayAmount":"11,67 €"}}]}},{"ASIN":"B0BNQN89QF","DetailPageURL":"https://www.amazon.es/dp/B0BNQN89QF?tag=topinalambricos-21&linkCode=osi&th=1&psc=1","Images":{"Primary":{"Small":{"Height":75,"URL":"https://m.media-amazon.com/images/I/41m+zixsAKL._SL75_.jpg","Width":75}}},"ItemInfo":{"ByLineInfo":{"Brand":{"DisplayValue":"PUERHUACI","Label":"Brand","Locale":"es_ES"}},"Title":{"DisplayValue":"Neceser Transparente Viaje Avion,Bolsa Liquidos Avion,6 Piezas Bolso Transparente,19x14cm Neceser Viaje Avion,Bolsa Transparente Multifunción con Cremallera","Label":"Title","Locale":"es_ES"}},"Offers":{"Summaries":[{"Condition":{"Value":"New"},"LowestPrice":{"Amount":13.89,"Currency":"EUR","DisplayAmount":"13,89 €"}}]}},{"ASIN":"B0BVVKZLHT","DetailPageURL":"https://www.amazon.es/dp/B0BVVKZLHT?tag=topinalambricos-21&linkCode=osi&th=1&psc=1","Images":{"Primary":{"Small":{"Height":75,"URL":"https://m.media-amazon.com/images/I/41zd76ozzyL._SL75_.jpg","Width":75}}},"ItemInfo":{"ByLineInfo":{"Brand":{"DisplayValue":"Aucuu","Label":"Brand","Locale":"es_ES"},"Manufacturer":{"DisplayValue":"Aucuu®-EU","Label":"Manufacturer","Locale":"es_ES"}},"Title":{"DisplayValue":"Aucuu 4PCS Neceser Hombre, Transparente Neceser Viaje Avion, Bolsa liquidos Avion, Bolsa de Aseo Organizador Mujer, Viajes Accesorios, 20x20cm (Gris+ Cuerda)","Label":"Title","Locale":"es_ES"}},"Offers":{"Summaries":[{"Condition":{"Value":"New"},"LowestPrice":{"Amount":7.98,"Currency":"EUR","DisplayAmount":"7,98 €"}}]}},{"ASIN":"B0BWTJMHXF","DetailPageURL":"https://www.amazon.es/dp/B0BWTJMHXF?tag=topinalambricos-21&linkCode=osi&th=1&psc=1","Images":{"Primary":{"Small":{"Height":75,"URL":"https://m.media-amazon.com/images/I/51-Gsh1xTvL._SL75_.jpg","Width":75}}},"ItemInfo":{"ByLineInfo":{"Brand":{"DisplayValue":"talifoca","Label":"Brand","Locale":"es_ES"},"Manufacturer":{"DisplayValue":"TALIFOCA","Label":"Manufacturer","Locale":"es_ES"}},"Title":{"DisplayValue":"3 Piezas Neceser de Aseo Transparente, Bolsas Transparentes de Avión,Bolsas de Aseo Transparente,Mujer Bolsa de Cosmético Organizador,Kit de Viaje para Avión, para Mujeres y Hombres","Label":"Title","Locale":"es_ES"}},"Offers":{"Summaries":[{"Condition":{"Value":"New"},"LowestPrice":{"Amount":8.99,"Currency":"EUR","DisplayAmount":"8,99 €"}}]}},{"ASIN":"B08YNGRXNK","DetailPageURL":"https://www.amazon.es/dp/B08YNGRXNK?tag=topinalambricos-21&linkCode=osi&th=1&psc=1","Images":{"Primary":{"Small":{"Height":75,"URL":"https://m.media-amazon.com/images/I/4158WjUfRlL._SL75_.jpg","Width":75}}},"ItemInfo":{"ByLineInfo":{"Brand":{"DisplayValue":"Casio","Label":"Brand","Locale":"es_ES"},"Manufacturer":{"DisplayValue":"CASIO","Label":"Manufacturer","Locale":"es_ES"}},"Title":{"DisplayValue":"Casio Unisex-adultos Digital GA-2100SKE-7AER","Label":"Title","Locale":"es_ES"}},"Offers":{"Summaries":[{"Condition":{"Value":"New"},"LowestPrice":{"Amount":83.59,"Currency":"EUR","DisplayAmount":"83,59 €"}}]}},{"ASIN":"B0CH9FT7L6","DetailPageURL":"https://www.amazon.es/dp/B0CH9FT7L6?tag=topinalambricos-21&linkCode=osi&th=1&psc=1","Images":{"Primary":{"Small":{"Height":75,"URL":"https://m.media-amazon.com/images/I/41Zy4SoABVL._SL75_.jpg","Width":75}}},"ItemInfo":{"ByLineInfo":{"Brand":{"DisplayValue":"Smilbaley","Label":"Brand","Locale":"es_ES"},"Manufacturer":{"DisplayValue":"D-22","Label":"Manufacturer","Locale":"es_ES"}},"Title":{"DisplayValue":"Smilbaley 2 Piezas Bolsa de Gimnasia Transparente, Bolsa de Cincha Transparente, Bolsa de Gimnasia Transparente con Cordón, para Escuelas, Exteriores, Gimnasios, Playas (35×45cm)","Label":"Title","Locale":"es_ES"}},"Offers":{"Summaries":[{"Condition":{"Value":"New"},"LowestPrice":{"Amount":14.99,"Currency":"EUR","DisplayAmount":"14,99 €"}}]}}],"SearchURL":"https://www.amazon.es/s?k=transparente&rh=n%3A14223378031%2Cp_n_availability%3A-1&tag=topinalambricos-21&linkCode=osi","TotalResultCount":306}},"65":{"SearchResult":{"Items":[{"ASIN":"B07GBN7JMK","DetailPageURL":"https://www.amazon.es/dp/B07GBN7JMK?tag=topinalambricos-21&linkCode=osi&th=1&psc=1","Images":{"Primary":{"Small":{"Height":75,"URL":"https://m.media-amazon.com/images/I/31vHA+wxLoL._SL75_.jpg","Width":70}}},"ItemInfo":{"ByLineInfo":{"Brand":{"DisplayValue":"Lancoon","Label":"Brand","Locale":"es_ES"},"Manufacturer":{"DisplayValue":"Lancoon","Label":"Manufacturer","Locale":"es_ES"}},"Title":{"DisplayValue":"Lancoon Paraguas Cúpula Transparente Mujer, 16 Costillas TamañO Grande A Prueba De Viento AutomáTico Abierto KS10White","Label":"Title","Locale":"es_ES"}},"Offers":{"Summaries":[{"Condition":{"Value":"New"},"LowestPrice":{"Amount":24.99,"Currency":"EUR","DisplayAmount":"24,99 €"}}]}},{"ASIN":"B0C4YLL3QG","DetailPageURL":"https://www.amazon.es/dp/B0C4YLL3QG?tag=topinalambricos-21&linkCode=osi&th=1&psc=1","Images":{"Primary":{"Small":{"Height":75,"URL":"https://m.media-amazon.com/images/I/312yqV-pibL._SL75_.jpg","Width":64}}},"ItemInfo":{"ByLineInfo":{"Brand":{"DisplayValue":"Jissta","Label":"Brand","Locale":"es_ES"},"Manufacturer":{"DisplayValue":"Jissta","Label":"Manufacturer","Locale":"es_ES"}},"Title":{"DisplayValue":"Jissta 4 neceseres Transparentes 20 * 20CM, Bolsa para líquidos de avión, Neceser portátil, Neceser de Viaje para Mujeres y Hombres con asa","Label":"Title","Locale":"es_ES"}},"Offers":{"Summaries":[{"Condition":{"Value":"New"},"LowestPrice":{"Amount":7.99,"Currency":"EUR","DisplayAmount":"7,99 €"}}]}},{"ASIN":"B0B1V8QLLT","DetailPageURL":"https://www.amazon.es/dp/B0B1V8QLLT?tag=topinalambricos-21&linkCode=osi&th=1&psc=1","Images":{"Primary":{"Small":{"Height":75,"URL":"https://m.media-amazon.com/images/I/41aMcaqaMBL._SL75_.jpg","Width":75}}},"ItemInfo":{"ByLineInfo":{"Brand":{"DisplayValue":"Pinsheng","Label":"Brand","Locale":"es_ES"},"Manufacturer":{"DisplayValue":"Pinsheng","Label":"Manufacturer","Locale":"es_ES"}},"Title":{"DisplayValue":"Pinsheng Tirantes Transparentes Sujetador 4 Pares Transparente Hombro Tirantes Claro Sujetador Correas Correas Transparentes Invisibles Antideslizantes de Sujetador para Mujer","Label":"Title","Locale":"es_ES"}},"Offers":{"Summaries":[{"Condition":{"Value":"New"},"LowestPrice":{"Amount":3.99,"Currency":"EUR","DisplayAmount":"3,99 €"}}]}},{"ASIN":"B09C376BCW","DetailPageURL":"https://www.amazon.es/dp/B09C376BCW?tag=topinalambricos-21&linkCode=osi&th=1&psc=1","Images":{"Primary":{"Small":{"Height":75,"URL":"https://m.media-amazon.com/images/I/31DDHCgK0lL._SL75_.jpg","Width":75}}},"ItemInfo":{"ByLineInfo":{"Brand":{"DisplayValue":"Jiakalamo","Label":"Brand","Locale":"es_ES"},"Manufacturer":{"DisplayValue":"Jiakalamo","Label":"Manufacturer","Locale":"es_ES"}},"Title":{"DisplayValue":"Jiakalamo Paraguas transparente plegable, Paraguas transparente automático para bodas , Paraguas transparente plegable mujer antiviento niño bodas travel ,Cierre automático Paraguas","Label":"Title","Locale":"es_ES"}},"Offers":{"Summaries":[{"Condition":{"Value":"New"},"LowestPrice":{"Amount":16.3,"Currency":"EUR","DisplayAmount":"16,30 €"}}]}},{"ASIN":"B081RPLNK1","DetailPageURL":"https://www.amazon.es/dp/B081RPLNK1?tag=topinalambricos-21&linkCode=osi&th=1&psc=1","Images":{"Primary":{"Small":{"Height":75,"URL":"https://m.media-amazon.com/images/I/4146RIkJjkL._SL75_.jpg","Width":75}}},"ItemInfo":{"ByLineInfo":{"Brand":{"DisplayValue":"WENTS","Label":"Brand","Locale":"es_ES"}},"Title":{"DisplayValue":"WENTS Bolsa Transparente de PVC Bolsa Transparente con Bolsillos con Cremallera y Correa para el Hombro Desmontable Cremallera Neceser De Cosmeticos De Mano Gran Capacidad","Label":"Title","Locale":"es_ES"}},"Offers":{"Summaries":[{"Condition":{"Value":"New"},"LowestPrice":{"Amount":11.67,"Currency":"EUR","DisplayAmount":"11,67 €"}}]}},{"ASIN":"B0BNQN89QF","DetailPageURL":"https://www.amazon.es/dp/B0BNQN89QF?tag=topinalambricos-21&linkCode=osi&th=1&psc=1","Images":{"Primary":{"Small":{"Height":75,"URL":"https://m.media-amazon.com/images/I/41m+zixsAKL._SL75_.jpg","Width":75}}},"ItemInfo":{"ByLineInfo":{"Brand":{"DisplayValue":"PUERHUACI","Label":"Brand","Locale":"es_ES"}},"Title":{"DisplayValue":"Neceser Transparente Viaje Avion,Bolsa Liquidos Avion,6 Piezas Bolso Transparente,19x14cm Neceser Viaje Avion,Bolsa Transparente Multifunción con Cremallera","Label":"Title","Locale":"es_ES"}},"Offers":{"Summaries":[{"Condition":{"Value":"New"},"LowestPrice":{"Amount":13.89,"Currency":"EUR","DisplayAmount":"13,89 €"}}]}},{"ASIN":"B0BVVKZLHT","DetailPageURL":"https://www.amazon.es/dp/B0BVVKZLHT?tag=topinalambricos-21&linkCode=osi&th=1&psc=1","Images":{"Primary":{"Small":{"Height":75,"URL":"https://m.media-amazon.com/images/I/41zd76ozzyL._SL75_.jpg","Width":75}}},"ItemInfo":{"ByLineInfo":{"Brand":{"DisplayValue":"Aucuu","Label":"Brand","Locale":"es_ES"},"Manufacturer":{"DisplayValue":"Aucuu®-EU","Label":"Manufacturer","Locale":"es_ES"}},"Title":{"DisplayValue":"Aucuu 4PCS Neceser Hombre, Transparente Neceser Viaje Avion, Bolsa liquidos Avion, Bolsa de Aseo Organizador Mujer, Viajes Accesorios, 20x20cm (Gris+ Cuerda)","Label":"Title","Locale":"es_ES"}},"Offers":{"Summaries":[{"Condition":{"Value":"New"},"LowestPrice":{"Amount":7.98,"Currency":"EUR","DisplayAmount":"7,98 €"}}]}},{"ASIN":"B0BWTJMHXF","DetailPageURL":"https://www.amazon.es/dp/B0BWTJMHXF?tag=topinalambricos-21&linkCode=osi&th=1&psc=1","Images":{"Primary":{"Small":{"Height":75,"URL":"https://m.media-amazon.com/images/I/51-Gsh1xTvL._SL75_.jpg","Width":75}}},"ItemInfo":{"ByLineInfo":{"Brand":{"DisplayValue":"talifoca","Label":"Brand","Locale":"es_ES"},"Manufacturer":{"DisplayValue":"TALIFOCA","Label":"Manufacturer","Locale":"es_ES"}},"Title":{"DisplayValue":"3 Piezas Neceser de Aseo Transparente, Bolsas Transparentes de Avión,Bolsas de Aseo Transparente,Mujer Bolsa de Cosmético Organizador,Kit de Viaje para Avión, para Mujeres y Hombres","Label":"Title","Locale":"es_ES"}},"Offers":{"Summaries":[{"Condition":{"Value":"New"},"LowestPrice":{"Amount":8.99,"Currency":"EUR","DisplayAmount":"8,99 €"}}]}},{"ASIN":"B08YNGRXNK","DetailPageURL":"https://www.amazon.es/dp/B08YNGRXNK?tag=topinalambricos-21&linkCode=osi&th=1&psc=1","Images":{"Primary":{"Small":{"Height":75,"URL":"https://m.media-amazon.com/images/I/4158WjUfRlL._SL75_.jpg","Width":75}}},"ItemInfo":{"ByLineInfo":{"Brand":{"DisplayValue":"Casio","Label":"Brand","Locale":"es_ES"},"Manufacturer":{"DisplayValue":"CASIO","Label":"Manufacturer","Locale":"es_ES"}},"Title":{"DisplayValue":"Casio Unisex-adultos Digital GA-2100SKE-7AER","Label":"Title","Locale":"es_ES"}},"Offers":{"Summaries":[{"Condition":{"Value":"New"},"LowestPrice":{"Amount":83.59,"Currency":"EUR","DisplayAmount":"83,59 €"}}]}},{"ASIN":"B0CH9FT7L6","DetailPageURL":"https://www.amazon.es/dp/B0CH9FT7L6?tag=topinalambricos-21&linkCode=osi&th=1&psc=1","Images":{"Primary":{"Small":{"Height":75,"URL":"https://m.media-amazon.com/images/I/41Zy4SoABVL._SL75_.jpg","Width":75}}},"ItemInfo":{"ByLineInfo":{"Brand":{"DisplayValue":"Smilbaley","Label":"Brand","Locale":"es_ES"},"Manufacturer":{"DisplayValue":"D-22","Label":"Manufacturer","Locale":"es_ES"}},"Title":{"DisplayValue":"Smilbaley 2 Piezas Bolsa de Gimnasia Transparente, Bolsa de Cincha Transparente, Bolsa de Gimnasia Transparente con Cordón, para Escuelas, Exteriores, Gimnasios, Playas (35×45cm)","Label":"Title","Locale":"es_ES"}},"Offers":{"Summaries":[{"Condition":{"Value":"New"},"LowestPrice":{"Amount":14.99,"Currency":"EUR","DisplayAmount":"14,99 €"}}]}}],"SearchURL":"https://www.amazon.es/s?k=transparente&rh=n%3A14223378031%2Cp_n_availability%3A-1&tag=topinalambricos-21&linkCode=osi","TotalResultCount":306}},"66":{"SearchResult":{"Items":[{"ASIN":"B07GBN7JMK","DetailPageURL":"https://www.amazon.es/dp/B07GBN7JMK?tag=topinalambricos-21&linkCode=osi&th=1&psc=1","Images":{"Primary":{"Small":{"Height":75,"URL":"https://m.media-amazon.com/images/I/31vHA+wxLoL._SL75_.jpg","Width":70}}},"ItemInfo":{"ByLineInfo":{"Brand":{"DisplayValue":"Lancoon","Label":"Brand","Locale":"es_ES"},"Manufacturer":{"DisplayValue":"Lancoon","Label":"Manufacturer","Locale":"es_ES"}},"Title":{"DisplayValue":"Lancoon Paraguas Cúpula Transparente Mujer, 16 Costillas TamañO Grande A Prueba De Viento AutomáTico Abierto KS10White","Label":"Title","Locale":"es_ES"}},"Offers":{"Summaries":[{"Condition":{"Value":"New"},"LowestPrice":{"Amount":24.99,"Currency":"EUR","DisplayAmount":"24,99 €"}}]}},{"ASIN":"B0C4YLL3QG","DetailPageURL":"https://www.amazon.es/dp/B0C4YLL3QG?tag=topinalambricos-21&linkCode=osi&th=1&psc=1","Images":{"Primary":{"Small":{"Height":75,"URL":"https://m.media-amazon.com/images/I/312yqV-pibL._SL75_.jpg","Width":64}}},"ItemInfo":{"ByLineInfo":{"Brand":{"DisplayValue":"Jissta","Label":"Brand","Locale":"es_ES"},"Manufacturer":{"DisplayValue":"Jissta","Label":"Manufacturer","Locale":"es_ES"}},"Title":{"DisplayValue":"Jissta 4 neceseres Transparentes 20 * 20CM, Bolsa para líquidos de avión, Neceser portátil, Neceser de Viaje para Mujeres y Hombres con asa","Label":"Title","Locale":"es_ES"}},"Offers":{"Summaries":[{"Condition":{"Value":"New"},"LowestPrice":{"Amount":7.99,"Currency":"EUR","DisplayAmount":"7,99 €"}}]}},{"ASIN":"B0B1V8QLLT","DetailPageURL":"https://www.amazon.es/dp/B0B1V8QLLT?tag=topinalambricos-21&linkCode=osi&th=1&psc=1","Images":{"Primary":{"Small":{"Height":75,"URL":"https://m.media-amazon.com/images/I/41aMcaqaMBL._SL75_.jpg","Width":75}}},"ItemInfo":{"ByLineInfo":{"Brand":{"DisplayValue":"Pinsheng","Label":"Brand","Locale":"es_ES"},"Manufacturer":{"DisplayValue":"Pinsheng","Label":"Manufacturer","Locale":"es_ES"}},"Title":{"DisplayValue":"Pinsheng Tirantes Transparentes Sujetador 4 Pares Transparente Hombro Tirantes Claro Sujetador Correas Correas Transparentes Invisibles Antideslizantes de Sujetador para Mujer","Label":"Title","Locale":"es_ES"}},"Offers":{"Summaries":[{"Condition":{"Value":"New"},"LowestPrice":{"Amount":3.99,"Currency":"EUR","DisplayAmount":"3,99 €"}}]}},{"ASIN":"B09C376BCW","DetailPageURL":"https://www.amazon.es/dp/B09C376BCW?tag=topinalambricos-21&linkCode=osi&th=1&psc=1","Images":{"Primary":{"Small":{"Height":75,"URL":"https://m.media-amazon.com/images/I/31DDHCgK0lL._SL75_.jpg","Width":75}}},"ItemInfo":{"ByLineInfo":{"Brand":{"DisplayValue":"Jiakalamo","Label":"Brand","Locale":"es_ES"},"Manufacturer":{"DisplayValue":"Jiakalamo","Label":"Manufacturer","Locale":"es_ES"}},"Title":{"DisplayValue":"Jiakalamo Paraguas transparente plegable, Paraguas transparente automático para bodas , Paraguas transparente plegable mujer antiviento niño bodas travel ,Cierre automático Paraguas","Label":"Title","Locale":"es_ES"}},"Offers":{"Summaries":[{"Condition":{"Value":"New"},"LowestPrice":{"Amount":16.3,"Currency":"EUR","DisplayAmount":"16,30 €"}}]}},{"ASIN":"B081RPLNK1","DetailPageURL":"https://www.amazon.es/dp/B081RPLNK1?tag=topinalambricos-21&linkCode=osi&th=1&psc=1","Images":{"Primary":{"Small":{"Height":75,"URL":"https://m.media-amazon.com/images/I/4146RIkJjkL._SL75_.jpg","Width":75}}},"ItemInfo":{"ByLineInfo":{"Brand":{"DisplayValue":"WENTS","Label":"Brand","Locale":"es_ES"}},"Title":{"DisplayValue":"WENTS Bolsa Transparente de PVC Bolsa Transparente con Bolsillos con Cremallera y Correa para el Hombro Desmontable Cremallera Neceser De Cosmeticos De Mano Gran Capacidad","Label":"Title","Locale":"es_ES"}},"Offers":{"Summaries":[{"Condition":{"Value":"New"},"LowestPrice":{"Amount":11.67,"Currency":"EUR","DisplayAmount":"11,67 €"}}]}},{"ASIN":"B0BNQN89QF","DetailPageURL":"https://www.amazon.es/dp/B0BNQN89QF?tag=topinalambricos-21&linkCode=osi&th=1&psc=1","Images":{"Primary":{"Small":{"Height":75,"URL":"https://m.media-amazon.com/images/I/41m+zixsAKL._SL75_.jpg","Width":75}}},"ItemInfo":{"ByLineInfo":{"Brand":{"DisplayValue":"PUERHUACI","Label":"Brand","Locale":"es_ES"}},"Title":{"DisplayValue":"Neceser Transparente Viaje Avion,Bolsa Liquidos Avion,6 Piezas Bolso Transparente,19x14cm Neceser Viaje Avion,Bolsa Transparente Multifunción con Cremallera","Label":"Title","Locale":"es_ES"}},"Offers":{"Summaries":[{"Condition":{"Value":"New"},"LowestPrice":{"Amount":13.89,"Currency":"EUR","DisplayAmount":"13,89 €"}}]}},{"ASIN":"B0BVVKZLHT","DetailPageURL":"https://www.amazon.es/dp/B0BVVKZLHT?tag=topinalambricos-21&linkCode=osi&th=1&psc=1","Images":{"Primary":{"Small":{"Height":75,"URL":"https://m.media-amazon.com/images/I/41zd76ozzyL._SL75_.jpg","Width":75}}},"ItemInfo":{"ByLineInfo":{"Brand":{"DisplayValue":"Aucuu","Label":"Brand","Locale":"es_ES"},"Manufacturer":{"DisplayValue":"Aucuu®-EU","Label":"Manufacturer","Locale":"es_ES"}},"Title":{"DisplayValue":"Aucuu 4PCS Neceser Hombre, Transparente Neceser Viaje Avion, Bolsa liquidos Avion, Bolsa de Aseo Organizador Mujer, Viajes Accesorios, 20x20cm (Gris+ Cuerda)","Label":"Title","Locale":"es_ES"}},"Offers":{"Summaries":[{"Condition":{"Value":"New"},"LowestPrice":{"Amount":7.98,"Currency":"EUR","DisplayAmount":"7,98 €"}}]}},{"ASIN":"B0BWTJMHXF","DetailPageURL":"https://www.amazon.es/dp/B0BWTJMHXF?tag=topinalambricos-21&linkCode=osi&th=1&psc=1","Images":{"Primary":{"Small":{"Height":75,"URL":"https://m.media-amazon.com/images/I/51-Gsh1xTvL._SL75_.jpg","Width":75}}},"ItemInfo":{"ByLineInfo":{"Brand":{"DisplayValue":"talifoca","Label":"Brand","Locale":"es_ES"},"Manufacturer":{"DisplayValue":"TALIFOCA","Label":"Manufacturer","Locale":"es_ES"}},"Title":{"DisplayValue":"3 Piezas Neceser de Aseo Transparente, Bolsas Transparentes de Avión,Bolsas de Aseo Transparente,Mujer Bolsa de Cosmético Organizador,Kit de Viaje para Avión, para Mujeres y Hombres","Label":"Title","Locale":"es_ES"}},"Offers":{"Summaries":[{"Condition":{"Value":"New"},"LowestPrice":{"Amount":8.99,"Currency":"EUR","DisplayAmount":"8,99 €"}}]}},{"ASIN":"B08YNGRXNK","DetailPageURL":"https://www.amazon.es/dp/B08YNGRXNK?tag=topinalambricos-21&linkCode=osi&th=1&psc=1","Images":{"Primary":{"Small":{"Height":75,"URL":"https://m.media-amazon.com/images/I/4158WjUfRlL._SL75_.jpg","Width":75}}},"ItemInfo":{"ByLineInfo":{"Brand":{"DisplayValue":"Casio","Label":"Brand","Locale":"es_ES"},"Manufacturer":{"DisplayValue":"CASIO","Label":"Manufacturer","Locale":"es_ES"}},"Title":{"DisplayValue":"Casio Unisex-adultos Digital GA-2100SKE-7AER","Label":"Title","Locale":"es_ES"}},"Offers":{"Summaries":[{"Condition":{"Value":"New"},"LowestPrice":{"Amount":83.59,"Currency":"EUR","DisplayAmount":"83,59 €"}}]}},{"ASIN":"B0CH9FT7L6","DetailPageURL":"https://www.amazon.es/dp/B0CH9FT7L6?tag=topinalambricos-21&linkCode=osi&th=1&psc=1","Images":{"Primary":{"Small":{"Height":75,"URL":"https://m.media-amazon.com/images/I/41Zy4SoABVL._SL75_.jpg","Width":75}}},"ItemInfo":{"ByLineInfo":{"Brand":{"DisplayValue":"Smilbaley","Label":"Brand","Locale":"es_ES"},"Manufacturer":{"DisplayValue":"D-22","Label":"Manufacturer","Locale":"es_ES"}},"Title":{"DisplayValue":"Smilbaley 2 Piezas Bolsa de Gimnasia Transparente, Bolsa de Cincha Transparente, Bolsa de Gimnasia Transparente con Cordón, para Escuelas, Exteriores, Gimnasios, Playas (35×45cm)","Label":"Title","Locale":"es_ES"}},"Offers":{"Summaries":[{"Condition":{"Value":"New"},"LowestPrice":{"Amount":14.99,"Currency":"EUR","DisplayAmount":"14,99 €"}}]}}],"SearchURL":"https://www.amazon.es/s?k=transparente&rh=n%3A14223378031%2Cp_n_availability%3A-1&tag=topinalambricos-21&linkCode=osi","TotalResultCount":306}},"67":{"SearchResult":{"Items":[{"ASIN":"B07GBN7JMK","DetailPageURL":"https://www.amazon.es/dp/B07GBN7JMK?tag=topinalambricos-21&linkCode=osi&th=1&psc=1","Images":{"Primary":{"Small":{"Height":75,"URL":"https://m.media-amazon.com/images/I/31vHA+wxLoL._SL75_.jpg","Width":70}}},"ItemInfo":{"ByLineInfo":{"Brand":{"DisplayValue":"Lancoon","Label":"Brand","Locale":"es_ES"},"Manufacturer":{"DisplayValue":"Lancoon","Label":"Manufacturer","Locale":"es_ES"}},"Title":{"DisplayValue":"Lancoon Paraguas Cúpula Transparente Mujer, 16 Costillas TamañO Grande A Prueba De Viento AutomáTico Abierto KS10White","Label":"Title","Locale":"es_ES"}},"Offers":{"Summaries":[{"Condition":{"Value":"New"},"LowestPrice":{"Amount":24.99,"Currency":"EUR","DisplayAmount":"24,99 €"}}]}},{"ASIN":"B0C4YLL3QG","DetailPageURL":"https://www.amazon.es/dp/B0C4YLL3QG?tag=topinalambricos-21&linkCode=osi&th=1&psc=1","Images":{"Primary":{"Small":{"Height":75,"URL":"https://m.media-amazon.com/images/I/312yqV-pibL._SL75_.jpg","Width":64}}},"ItemInfo":{"ByLineInfo":{"Brand":{"DisplayValue":"Jissta","Label":"Brand","Locale":"es_ES"},"Manufacturer":{"DisplayValue":"Jissta","Label":"Manufacturer","Locale":"es_ES"}},"Title":{"DisplayValue":"Jissta 4 neceseres Transparentes 20 * 20CM, Bolsa para líquidos de avión, Neceser portátil, Neceser de Viaje para Mujeres y Hombres con asa","Label":"Title","Locale":"es_ES"}},"Offers":{"Summaries":[{"Condition":{"Value":"New"},"LowestPrice":{"Amount":7.99,"Currency":"EUR","DisplayAmount":"7,99 €"}}]}},{"ASIN":"B0B1V8QLLT","DetailPageURL":"https://www.amazon.es/dp/B0B1V8QLLT?tag=topinalambricos-21&linkCode=osi&th=1&psc=1","Images":{"Primary":{"Small":{"Height":75,"URL":"https://m.media-amazon.com/images/I/41aMcaqaMBL._SL75_.jpg","Width":75}}},"ItemInfo":{"ByLineInfo":{"Brand":{"DisplayValue":"Pinsheng","Label":"Brand","Locale":"es_ES"},"Manufacturer":{"DisplayValue":"Pinsheng","Label":"Manufacturer","Locale":"es_ES"}},"Title":{"DisplayValue":"Pinsheng Tirantes Transparentes Sujetador 4 Pares Transparente Hombro Tirantes Claro Sujetador Correas Correas Transparentes Invisibles Antideslizantes de Sujetador para Mujer","Label":"Title","Locale":"es_ES"}},"Offers":{"Summaries":[{"Condition":{"Value":"New"},"LowestPrice":{"Amount":3.99,"Currency":"EUR","DisplayAmount":"3,99 €"}}]}},{"ASIN":"B09C376BCW","DetailPageURL":"https://www.amazon.es/dp/B09C376BCW?tag=topinalambricos-21&linkCode=osi&th=1&psc=1","Images":{"Primary":{"Small":{"Height":75,"URL":"https://m.media-amazon.com/images/I/31DDHCgK0lL._SL75_.jpg","Width":75}}},"ItemInfo":{"ByLineInfo":{"Brand":{"DisplayValue":"Jiakalamo","Label":"Brand","Locale":"es_ES"},"Manufacturer":{"DisplayValue":"Jiakalamo","Label":"Manufacturer","Locale":"es_ES"}},"Title":{"DisplayValue":"Jiakalamo Paraguas transparente plegable, Paraguas transparente automático para bodas , Paraguas transparente plegable mujer antiviento niño bodas travel ,Cierre automático Paraguas","Label":"Title","Locale":"es_ES"}},"Offers":{"Summaries":[{"Condition":{"Value":"New"},"LowestPrice":{"Amount":16.3,"Currency":"EUR","DisplayAmount":"16,30 €"}}]}},{"ASIN":"B081RPLNK1","DetailPageURL":"https://www.amazon.es/dp/B081RPLNK1?tag=topinalambricos-21&linkCode=osi&th=1&psc=1","Images":{"Primary":{"Small":{"Height":75,"URL":"https://m.media-amazon.com/images/I/4146RIkJjkL._SL75_.jpg","Width":75}}},"ItemInfo":{"ByLineInfo":{"Brand":{"DisplayValue":"WENTS","Label":"Brand","Locale":"es_ES"}},"Title":{"DisplayValue":"WENTS Bolsa Transparente de PVC Bolsa Transparente con Bolsillos con Cremallera y Correa para el Hombro Desmontable Cremallera Neceser De Cosmeticos De Mano Gran Capacidad","Label":"Title","Locale":"es_ES"}},"Offers":{"Summaries":[{"Condition":{"Value":"New"},"LowestPrice":{"Amount":11.67,"Currency":"EUR","DisplayAmount":"11,67 €"}}]}},{"ASIN":"B0BNQN89QF","DetailPageURL":"https://www.amazon.es/dp/B0BNQN89QF?tag=topinalambricos-21&linkCode=osi&th=1&psc=1","Images":{"Primary":{"Small":{"Height":75,"URL":"https://m.media-amazon.com/images/I/41m+zixsAKL._SL75_.jpg","Width":75}}},"ItemInfo":{"ByLineInfo":{"Brand":{"DisplayValue":"PUERHUACI","Label":"Brand","Locale":"es_ES"}},"Title":{"DisplayValue":"Neceser Transparente Viaje Avion,Bolsa Liquidos Avion,6 Piezas Bolso Transparente,19x14cm Neceser Viaje Avion,Bolsa Transparente Multifunción con Cremallera","Label":"Title","Locale":"es_ES"}},"Offers":{"Summaries":[{"Condition":{"Value":"New"},"LowestPrice":{"Amount":13.89,"Currency":"EUR","DisplayAmount":"13,89 €"}}]}},{"ASIN":"B0BVVKZLHT","DetailPageURL":"https://www.amazon.es/dp/B0BVVKZLHT?tag=topinalambricos-21&linkCode=osi&th=1&psc=1","Images":{"Primary":{"Small":{"Height":75,"URL":"https://m.media-amazon.com/images/I/41zd76ozzyL._SL75_.jpg","Width":75}}},"ItemInfo":{"ByLineInfo":{"Brand":{"DisplayValue":"Aucuu","Label":"Brand","Locale":"es_ES"},"Manufacturer":{"DisplayValue":"Aucuu®-EU","Label":"Manufacturer","Locale":"es_ES"}},"Title":{"DisplayValue":"Aucuu 4PCS Neceser Hombre, Transparente Neceser Viaje Avion, Bolsa liquidos Avion, Bolsa de Aseo Organizador Mujer, Viajes Accesorios, 20x20cm (Gris+ Cuerda)","Label":"Title","Locale":"es_ES"}},"Offers":{"Summaries":[{"Condition":{"Value":"New"},"LowestPrice":{"Amount":7.98,"Currency":"EUR","DisplayAmount":"7,98 €"}}]}},{"ASIN":"B0BWTJMHXF","DetailPageURL":"https://www.amazon.es/dp/B0BWTJMHXF?tag=topinalambricos-21&linkCode=osi&th=1&psc=1","Images":{"Primary":{"Small":{"Height":75,"URL":"https://m.media-amazon.com/images/I/51-Gsh1xTvL._SL75_.jpg","Width":75}}},"ItemInfo":{"ByLineInfo":{"Brand":{"DisplayValue":"talifoca","Label":"Brand","Locale":"es_ES"},"Manufacturer":{"DisplayValue":"TALIFOCA","Label":"Manufacturer","Locale":"es_ES"}},"Title":{"DisplayValue":"3 Piezas Neceser de Aseo Transparente, Bolsas Transparentes de Avión,Bolsas de Aseo Transparente,Mujer Bolsa de Cosmético Organizador,Kit de Viaje para Avión, para Mujeres y Hombres","Label":"Title","Locale":"es_ES"}},"Offers":{"Summaries":[{"Condition":{"Value":"New"},"LowestPrice":{"Amount":8.99,"Currency":"EUR","DisplayAmount":"8,99 €"}}]}},{"ASIN":"B08YNGRXNK","DetailPageURL":"https://www.amazon.es/dp/B08YNGRXNK?tag=topinalambricos-21&linkCode=osi&th=1&psc=1","Images":{"Primary":{"Small":{"Height":75,"URL":"https://m.media-amazon.com/images/I/4158WjUfRlL._SL75_.jpg","Width":75}}},"ItemInfo":{"ByLineInfo":{"Brand":{"DisplayValue":"Casio","Label":"Brand","Locale":"es_ES"},"Manufacturer":{"DisplayValue":"CASIO","Label":"Manufacturer","Locale":"es_ES"}},"Title":{"DisplayValue":"Casio Unisex-adultos Digital GA-2100SKE-7AER","Label":"Title","Locale":"es_ES"}},"Offers":{"Summaries":[{"Condition":{"Value":"New"},"LowestPrice":{"Amount":83.59,"Currency":"EUR","DisplayAmount":"83,59 €"}}]}},{"ASIN":"B0CH9FT7L6","DetailPageURL":"https://www.amazon.es/dp/B0CH9FT7L6?tag=topinalambricos-21&linkCode=osi&th=1&psc=1","Images":{"Primary":{"Small":{"Height":75,"URL":"https://m.media-amazon.com/images/I/41Zy4SoABVL._SL75_.jpg","Width":75}}},"ItemInfo":{"ByLineInfo":{"Brand":{"DisplayValue":"Smilbaley","Label":"Brand","Locale":"es_ES"},"Manufacturer":{"DisplayValue":"D-22","Label":"Manufacturer","Locale":"es_ES"}},"Title":{"DisplayValue":"Smilbaley 2 Piezas Bolsa de Gimnasia Transparente, Bolsa de Cincha Transparente, Bolsa de Gimnasia Transparente con Cordón, para Escuelas, Exteriores, Gimnasios, Playas (35×45cm)","Label":"Title","Locale":"es_ES"}},"Offers":{"Summaries":[{"Condition":{"Value":"New"},"LowestPrice":{"Amount":14.99,"Currency":"EUR","DisplayAmount":"14,99 €"}}]}}],"SearchURL":"https://www.amazon.es/s?k=transparente&rh=n%3A14223378031%2Cp_n_availability%3A-1&tag=topinalambricos-21&linkCode=osi","TotalResultCount":306}},"68":{"SearchResult":{"Items":[{"ASIN":"B07GBN7JMK","DetailPageURL":"https://www.amazon.es/dp/B07GBN7JMK?tag=topinalambricos-21&linkCode=osi&th=1&psc=1","Images":{"Primary":{"Small":{"Height":75,"URL":"https://m.media-amazon.com/images/I/31vHA+wxLoL._SL75_.jpg","Width":70}}},"ItemInfo":{"ByLineInfo":{"Brand":{"DisplayValue":"Lancoon","Label":"Brand","Locale":"es_ES"},"Manufacturer":{"DisplayValue":"Lancoon","Label":"Manufacturer","Locale":"es_ES"}},"Title":{"DisplayValue":"Lancoon Paraguas Cúpula Transparente Mujer, 16 Costillas TamañO Grande A Prueba De Viento AutomáTico Abierto KS10White","Label":"Title","Locale":"es_ES"}},"Offers":{"Summaries":[{"Condition":{"Value":"New"},"LowestPrice":{"Amount":24.99,"Currency":"EUR","DisplayAmount":"24,99 €"}}]}},{"ASIN":"B0C4YLL3QG","DetailPageURL":"https://www.amazon.es/dp/B0C4YLL3QG?tag=topinalambricos-21&linkCode=osi&th=1&psc=1","Images":{"Primary":{"Small":{"Height":75,"URL":"https://m.media-amazon.com/images/I/312yqV-pibL._SL75_.jpg","Width":64}}},"ItemInfo":{"ByLineInfo":{"Brand":{"DisplayValue":"Jissta","Label":"Brand","Locale":"es_ES"},"Manufacturer":{"DisplayValue":"Jissta","Label":"Manufacturer","Locale":"es_ES"}},"Title":{"DisplayValue":"Jissta 4 neceseres Transparentes 20 * 20CM, Bolsa para líquidos de avión, Neceser portátil, Neceser de Viaje para Mujeres y Hombres con asa","Label":"Title","Locale":"es_ES"}},"Offers":{"Summaries":[{"Condition":{"Value":"New"},"LowestPrice":{"Amount":7.99,"Currency":"EUR","DisplayAmount":"7,99 €"}}]}},{"ASIN":"B0B1V8QLLT","DetailPageURL":"https://www.amazon.es/dp/B0B1V8QLLT?tag=topinalambricos-21&linkCode=osi&th=1&psc=1","Images":{"Primary":{"Small":{"Height":75,"URL":"https://m.media-amazon.com/images/I/41aMcaqaMBL._SL75_.jpg","Width":75}}},"ItemInfo":{"ByLineInfo":{"Brand":{"DisplayValue":"Pinsheng","Label":"Brand","Locale":"es_ES"},"Manufacturer":{"DisplayValue":"Pinsheng","Label":"Manufacturer","Locale":"es_ES"}},"Title":{"DisplayValue":"Pinsheng Tirantes Transparentes Sujetador 4 Pares Transparente Hombro Tirantes Claro Sujetador Correas Correas Transparentes Invisibles Antideslizantes de Sujetador para Mujer","Label":"Title","Locale":"es_ES"}},"Offers":{"Summaries":[{"Condition":{"Value":"New"},"LowestPrice":{"Amount":3.99,"Currency":"EUR","DisplayAmount":"3,99 €"}}]}},{"ASIN":"B09C376BCW","DetailPageURL":"https://www.amazon.es/dp/B09C376BCW?tag=topinalambricos-21&linkCode=osi&th=1&psc=1","Images":{"Primary":{"Small":{"Height":75,"URL":"https://m.media-amazon.com/images/I/31DDHCgK0lL._SL75_.jpg","Width":75}}},"ItemInfo":{"ByLineInfo":{"Brand":{"DisplayValue":"Jiakalamo","Label":"Brand","Locale":"es_ES"},"Manufacturer":{"DisplayValue":"Jiakalamo","Label":"Manufacturer","Locale":"es_ES"}},"Title":{"DisplayValue":"Jiakalamo Paraguas transparente plegable, Paraguas transparente automático para bodas , Paraguas transparente plegable mujer antiviento niño bodas travel ,Cierre automático Paraguas","Label":"Title","Locale":"es_ES"}},"Offers":{"Summaries":[{"Condition":{"Value":"New"},"LowestPrice":{"Amount":16.3,"Currency":"EUR","DisplayAmount":"16,30 €"}}]}},{"ASIN":"B081RPLNK1","DetailPageURL":"https://www.amazon.es/dp/B081RPLNK1?tag=topinalambricos-21&linkCode=osi&th=1&psc=1","Images":{"Primary":{"Small":{"Height":75,"URL":"https://m.media-amazon.com/images/I/4146RIkJjkL._SL75_.jpg","Width":75}}},"ItemInfo":{"ByLineInfo":{"Brand":{"DisplayValue":"WENTS","Label":"Brand","Locale":"es_ES"}},"Title":{"DisplayValue":"WENTS Bolsa Transparente de PVC Bolsa Transparente con Bolsillos con Cremallera y Correa para el Hombro Desmontable Cremallera Neceser De Cosmeticos De Mano Gran Capacidad","Label":"Title","Locale":"es_ES"}},"Offers":{"Summaries":[{"Condition":{"Value":"New"},"LowestPrice":{"Amount":11.67,"Currency":"EUR","DisplayAmount":"11,67 €"}}]}},{"ASIN":"B0BNQN89QF","DetailPageURL":"https://www.amazon.es/dp/B0BNQN89QF?tag=topinalambricos-21&linkCode=osi&th=1&psc=1","Images":{"Primary":{"Small":{"Height":75,"URL":"https://m.media-amazon.com/images/I/41m+zixsAKL._SL75_.jpg","Width":75}}},"ItemInfo":{"ByLineInfo":{"Brand":{"DisplayValue":"PUERHUACI","Label":"Brand","Locale":"es_ES"}},"Title":{"DisplayValue":"Neceser Transparente Viaje Avion,Bolsa Liquidos Avion,6 Piezas Bolso Transparente,19x14cm Neceser Viaje Avion,Bolsa Transparente Multifunción con Cremallera","Label":"Title","Locale":"es_ES"}},"Offers":{"Summaries":[{"Condition":{"Value":"New"},"LowestPrice":{"Amount":13.89,"Currency":"EUR","DisplayAmount":"13,89 €"}}]}},{"ASIN":"B0BVVKZLHT","DetailPageURL":"https://www.amazon.es/dp/B0BVVKZLHT?tag=topinalambricos-21&linkCode=osi&th=1&psc=1","Images":{"Primary":{"Small":{"Height":75,"URL":"https://m.media-amazon.com/images/I/41zd76ozzyL._SL75_.jpg","Width":75}}},"ItemInfo":{"ByLineInfo":{"Brand":{"DisplayValue":"Aucuu","Label":"Brand","Locale":"es_ES"},"Manufacturer":{"DisplayValue":"Aucuu®-EU","Label":"Manufacturer","Locale":"es_ES"}},"Title":{"DisplayValue":"Aucuu 4PCS Neceser Hombre, Transparente Neceser Viaje Avion, Bolsa liquidos Avion, Bolsa de Aseo Organizador Mujer, Viajes Accesorios, 20x20cm (Gris+ Cuerda)","Label":"Title","Locale":"es_ES"}},"Offers":{"Summaries":[{"Condition":{"Value":"New"},"LowestPrice":{"Amount":7.98,"Currency":"EUR","DisplayAmount":"7,98 €"}}]}},{"ASIN":"B0BWTJMHXF","DetailPageURL":"https://www.amazon.es/dp/B0BWTJMHXF?tag=topinalambricos-21&linkCode=osi&th=1&psc=1","Images":{"Primary":{"Small":{"Height":75,"URL":"https://m.media-amazon.com/images/I/51-Gsh1xTvL._SL75_.jpg","Width":75}}},"ItemInfo":{"ByLineInfo":{"Brand":{"DisplayValue":"talifoca","Label":"Brand","Locale":"es_ES"},"Manufacturer":{"DisplayValue":"TALIFOCA","Label":"Manufacturer","Locale":"es_ES"}},"Title":{"DisplayValue":"3 Piezas Neceser de Aseo Transparente, Bolsas Transparentes de Avión,Bolsas de Aseo Transparente,Mujer Bolsa de Cosmético Organizador,Kit de Viaje para Avión, para Mujeres y Hombres","Label":"Title","Locale":"es_ES"}},"Offers":{"Summaries":[{"Condition":{"Value":"New"},"LowestPrice":{"Amount":8.99,"Currency":"EUR","DisplayAmount":"8,99 €"}}]}},{"ASIN":"B08YNGRXNK","DetailPageURL":"https://www.amazon.es/dp/B08YNGRXNK?tag=topinalambricos-21&linkCode=osi&th=1&psc=1","Images":{"Primary":{"Small":{"Height":75,"URL":"https://m.media-amazon.com/images/I/4158WjUfRlL._SL75_.jpg","Width":75}}},"ItemInfo":{"ByLineInfo":{"Brand":{"DisplayValue":"Casio","Label":"Brand","Locale":"es_ES"},"Manufacturer":{"DisplayValue":"CASIO","Label":"Manufacturer","Locale":"es_ES"}},"Title":{"DisplayValue":"Casio Unisex-adultos Digital GA-2100SKE-7AER","Label":"Title","Locale":"es_ES"}},"Offers":{"Summaries":[{"Condition":{"Value":"New"},"LowestPrice":{"Amount":83.59,"Currency":"EUR","DisplayAmount":"83,59 €"}}]}},{"ASIN":"B0CH9FT7L6","DetailPageURL":"https://www.amazon.es/dp/B0CH9FT7L6?tag=topinalambricos-21&linkCode=osi&th=1&psc=1","Images":{"Primary":{"Small":{"Height":75,"URL":"https://m.media-amazon.com/images/I/41Zy4SoABVL._SL75_.jpg","Width":75}}},"ItemInfo":{"ByLineInfo":{"Brand":{"DisplayValue":"Smilbaley","Label":"Brand","Locale":"es_ES"},"Manufacturer":{"DisplayValue":"D-22","Label":"Manufacturer","Locale":"es_ES"}},"Title":{"DisplayValue":"Smilbaley 2 Piezas Bolsa de Gimnasia Transparente, Bolsa de Cincha Transparente, Bolsa de Gimnasia Transparente con Cordón, para Escuelas, Exteriores, Gimnasios, Playas (35×45cm)","Label":"Title","Locale":"es_ES"}},"Offers":{"Summaries":[{"Condition":{"Value":"New"},"LowestPrice":{"Amount":14.99,"Currency":"EUR","DisplayAmount":"14,99 €"}}]}}],"SearchURL":"https://www.amazon.es/s?k=transparente&rh=n%3A14223378031%2Cp_n_availability%3A-1&tag=topinalambricos-21&linkCode=osi","TotalResultCount":306}},"69":{"SearchResult":{"Items":[{"ASIN":"B07GBN7JMK","DetailPageURL":"https://www.amazon.es/dp/B07GBN7JMK?tag=topinalambricos-21&linkCode=osi&th=1&psc=1","Images":{"Primary":{"Small":{"Height":75,"URL":"https://m.media-amazon.com/images/I/31vHA+wxLoL._SL75_.jpg","Width":70}}},"ItemInfo":{"ByLineInfo":{"Brand":{"DisplayValue":"Lancoon","Label":"Brand","Locale":"es_ES"},"Manufacturer":{"DisplayValue":"Lancoon","Label":"Manufacturer","Locale":"es_ES"}},"Title":{"DisplayValue":"Lancoon Paraguas Cúpula Transparente Mujer, 16 Costillas TamañO Grande A Prueba De Viento AutomáTico Abierto KS10White","Label":"Title","Locale":"es_ES"}},"Offers":{"Summaries":[{"Condition":{"Value":"New"},"LowestPrice":{"Amount":24.99,"Currency":"EUR","DisplayAmount":"24,99 €"}}]}},{"ASIN":"B0C4YLL3QG","DetailPageURL":"https://www.amazon.es/dp/B0C4YLL3QG?tag=topinalambricos-21&linkCode=osi&th=1&psc=1","Images":{"Primary":{"Small":{"Height":75,"URL":"https://m.media-amazon.com/images/I/312yqV-pibL._SL75_.jpg","Width":64}}},"ItemInfo":{"ByLineInfo":{"Brand":{"DisplayValue":"Jissta","Label":"Brand","Locale":"es_ES"},"Manufacturer":{"DisplayValue":"Jissta","Label":"Manufacturer","Locale":"es_ES"}},"Title":{"DisplayValue":"Jissta 4 neceseres Transparentes 20 * 20CM, Bolsa para líquidos de avión, Neceser portátil, Neceser de Viaje para Mujeres y Hombres con asa","Label":"Title","Locale":"es_ES"}},"Offers":{"Summaries":[{"Condition":{"Value":"New"},"LowestPrice":{"Amount":7.99,"Currency":"EUR","DisplayAmount":"7,99 €"}}]}},{"ASIN":"B0B1V8QLLT","DetailPageURL":"https://www.amazon.es/dp/B0B1V8QLLT?tag=topinalambricos-21&linkCode=osi&th=1&psc=1","Images":{"Primary":{"Small":{"Height":75,"URL":"https://m.media-amazon.com/images/I/41aMcaqaMBL._SL75_.jpg","Width":75}}},"ItemInfo":{"ByLineInfo":{"Brand":{"DisplayValue":"Pinsheng","Label":"Brand","Locale":"es_ES"},"Manufacturer":{"DisplayValue":"Pinsheng","Label":"Manufacturer","Locale":"es_ES"}},"Title":{"DisplayValue":"Pinsheng Tirantes Transparentes Sujetador 4 Pares Transparente Hombro Tirantes Claro Sujetador Correas Correas Transparentes Invisibles Antideslizantes de Sujetador para Mujer","Label":"Title","Locale":"es_ES"}},"Offers":{"Summaries":[{"Condition":{"Value":"New"},"LowestPrice":{"Amount":3.99,"Currency":"EUR","DisplayAmount":"3,99 €"}}]}},{"ASIN":"B09C376BCW","DetailPageURL":"https://www.amazon.es/dp/B09C376BCW?tag=topinalambricos-21&linkCode=osi&th=1&psc=1","Images":{"Primary":{"Small":{"Height":75,"URL":"https://m.media-amazon.com/images/I/31DDHCgK0lL._SL75_.jpg","Width":75}}},"ItemInfo":{"ByLineInfo":{"Brand":{"DisplayValue":"Jiakalamo","Label":"Brand","Locale":"es_ES"},"Manufacturer":{"DisplayValue":"Jiakalamo","Label":"Manufacturer","Locale":"es_ES"}},"Title":{"DisplayValue":"Jiakalamo Paraguas transparente plegable, Paraguas transparente automático para bodas , Paraguas transparente plegable mujer antiviento niño bodas travel ,Cierre automático Paraguas","Label":"Title","Locale":"es_ES"}},"Offers":{"Summaries":[{"Condition":{"Value":"New"},"LowestPrice":{"Amount":16.3,"Currency":"EUR","DisplayAmount":"16,30 €"}}]}},{"ASIN":"B081RPLNK1","DetailPageURL":"https://www.amazon.es/dp/B081RPLNK1?tag=topinalambricos-21&linkCode=osi&th=1&psc=1","Images":{"Primary":{"Small":{"Height":75,"URL":"https://m.media-amazon.com/images/I/4146RIkJjkL._SL75_.jpg","Width":75}}},"ItemInfo":{"ByLineInfo":{"Brand":{"DisplayValue":"WENTS","Label":"Brand","Locale":"es_ES"}},"Title":{"DisplayValue":"WENTS Bolsa Transparente de PVC Bolsa Transparente con Bolsillos con Cremallera y Correa para el Hombro Desmontable Cremallera Neceser De Cosmeticos De Mano Gran Capacidad","Label":"Title","Locale":"es_ES"}},"Offers":{"Summaries":[{"Condition":{"Value":"New"},"LowestPrice":{"Amount":11.67,"Currency":"EUR","DisplayAmount":"11,67 €"}}]}},{"ASIN":"B0BNQN89QF","DetailPageURL":"https://www.amazon.es/dp/B0BNQN89QF?tag=topinalambricos-21&linkCode=osi&th=1&psc=1","Images":{"Primary":{"Small":{"Height":75,"URL":"https://m.media-amazon.com/images/I/41m+zixsAKL._SL75_.jpg","Width":75}}},"ItemInfo":{"ByLineInfo":{"Brand":{"DisplayValue":"PUERHUACI","Label":"Brand","Locale":"es_ES"}},"Title":{"DisplayValue":"Neceser Transparente Viaje Avion,Bolsa Liquidos Avion,6 Piezas Bolso Transparente,19x14cm Neceser Viaje Avion,Bolsa Transparente Multifunción con Cremallera","Label":"Title","Locale":"es_ES"}},"Offers":{"Summaries":[{"Condition":{"Value":"New"},"LowestPrice":{"Amount":13.89,"Currency":"EUR","DisplayAmount":"13,89 €"}}]}},{"ASIN":"B0BVVKZLHT","DetailPageURL":"https://www.amazon.es/dp/B0BVVKZLHT?tag=topinalambricos-21&linkCode=osi&th=1&psc=1","Images":{"Primary":{"Small":{"Height":75,"URL":"https://m.media-amazon.com/images/I/41zd76ozzyL._SL75_.jpg","Width":75}}},"ItemInfo":{"ByLineInfo":{"Brand":{"DisplayValue":"Aucuu","Label":"Brand","Locale":"es_ES"},"Manufacturer":{"DisplayValue":"Aucuu®-EU","Label":"Manufacturer","Locale":"es_ES"}},"Title":{"DisplayValue":"Aucuu 4PCS Neceser Hombre, Transparente Neceser Viaje Avion, Bolsa liquidos Avion, Bolsa de Aseo Organizador Mujer, Viajes Accesorios, 20x20cm (Gris+ Cuerda)","Label":"Title","Locale":"es_ES"}},"Offers":{"Summaries":[{"Condition":{"Value":"New"},"LowestPrice":{"Amount":7.98,"Currency":"EUR","DisplayAmount":"7,98 €"}}]}},{"ASIN":"B0BWTJMHXF","DetailPageURL":"https://www.amazon.es/dp/B0BWTJMHXF?tag=topinalambricos-21&linkCode=osi&th=1&psc=1","Images":{"Primary":{"Small":{"Height":75,"URL":"https://m.media-amazon.com/images/I/51-Gsh1xTvL._SL75_.jpg","Width":75}}},"ItemInfo":{"ByLineInfo":{"Brand":{"DisplayValue":"talifoca","Label":"Brand","Locale":"es_ES"},"Manufacturer":{"DisplayValue":"TALIFOCA","Label":"Manufacturer","Locale":"es_ES"}},"Title":{"DisplayValue":"3 Piezas Neceser de Aseo Transparente, Bolsas Transparentes de Avión,Bolsas de Aseo Transparente,Mujer Bolsa de Cosmético Organizador,Kit de Viaje para Avión, para Mujeres y Hombres","Label":"Title","Locale":"es_ES"}},"Offers":{"Summaries":[{"Condition":{"Value":"New"},"LowestPrice":{"Amount":8.99,"Currency":"EUR","DisplayAmount":"8,99 €"}}]}},{"ASIN":"B08YNGRXNK","DetailPageURL":"https://www.amazon.es/dp/B08YNGRXNK?tag=topinalambricos-21&linkCode=osi&th=1&psc=1","Images":{"Primary":{"Small":{"Height":75,"URL":"https://m.media-amazon.com/images/I/4158WjUfRlL._SL75_.jpg","Width":75}}},"ItemInfo":{"ByLineInfo":{"Brand":{"DisplayValue":"Casio","Label":"Brand","Locale":"es_ES"},"Manufacturer":{"DisplayValue":"CASIO","Label":"Manufacturer","Locale":"es_ES"}},"Title":{"DisplayValue":"Casio Unisex-adultos Digital GA-2100SKE-7AER","Label":"Title","Locale":"es_ES"}},"Offers":{"Summaries":[{"Condition":{"Value":"New"},"LowestPrice":{"Amount":83.59,"Currency":"EUR","DisplayAmount":"83,59 €"}}]}},{"ASIN":"B0CH9FT7L6","DetailPageURL":"https://www.amazon.es/dp/B0CH9FT7L6?tag=topinalambricos-21&linkCode=osi&th=1&psc=1","Images":{"Primary":{"Small":{"Height":75,"URL":"https://m.media-amazon.com/images/I/41Zy4SoABVL._SL75_.jpg","Width":75}}},"ItemInfo":{"ByLineInfo":{"Brand":{"DisplayValue":"Smilbaley","Label":"Brand","Locale":"es_ES"},"Manufacturer":{"DisplayValue":"D-22","Label":"Manufacturer","Locale":"es_ES"}},"Title":{"DisplayValue":"Smilbaley 2 Piezas Bolsa de Gimnasia Transparente, Bolsa de Cincha Transparente, Bolsa de Gimnasia Transparente con Cordón, para Escuelas, Exteriores, Gimnasios, Playas (35×45cm)","Label":"Title","Locale":"es_ES"}},"Offers":{"Summaries":[{"Condition":{"Value":"New"},"LowestPrice":{"Amount":14.99,"Currency":"EUR","DisplayAmount":"14,99 €"}}]}}],"SearchURL":"https://www.amazon.es/s?k=transparente&rh=n%3A14223378031%2Cp_n_availability%3A-1&tag=topinalambricos-21&linkCode=osi","TotalResultCount":306}},"70":{"SearchResult":{"Items":[{"ASIN":"B07GBN7JMK","DetailPageURL":"https://www.amazon.es/dp/B07GBN7JMK?tag=topinalambricos-21&linkCode=osi&th=1&psc=1","Images":{"Primary":{"Small":{"Height":75,"URL":"https://m.media-amazon.com/images/I/31vHA+wxLoL._SL75_.jpg","Width":70}}},"ItemInfo":{"ByLineInfo":{"Brand":{"DisplayValue":"Lancoon","Label":"Brand","Locale":"es_ES"},"Manufacturer":{"DisplayValue":"Lancoon","Label":"Manufacturer","Locale":"es_ES"}},"Title":{"DisplayValue":"Lancoon Paraguas Cúpula Transparente Mujer, 16 Costillas TamañO Grande A Prueba De Viento AutomáTico Abierto KS10White","Label":"Title","Locale":"es_ES"}},"Offers":{"Summaries":[{"Condition":{"Value":"New"},"LowestPrice":{"Amount":24.99,"Currency":"EUR","DisplayAmount":"24,99 €"}}]}},{"ASIN":"B0C4YLL3QG","DetailPageURL":"https://www.amazon.es/dp/B0C4YLL3QG?tag=topinalambricos-21&linkCode=osi&th=1&psc=1","Images":{"Primary":{"Small":{"Height":75,"URL":"https://m.media-amazon.com/images/I/312yqV-pibL._SL75_.jpg","Width":64}}},"ItemInfo":{"ByLineInfo":{"Brand":{"DisplayValue":"Jissta","Label":"Brand","Locale":"es_ES"},"Manufacturer":{"DisplayValue":"Jissta","Label":"Manufacturer","Locale":"es_ES"}},"Title":{"DisplayValue":"Jissta 4 neceseres Transparentes 20 * 20CM, Bolsa para líquidos de avión, Neceser portátil, Neceser de Viaje para Mujeres y Hombres con asa","Label":"Title","Locale":"es_ES"}},"Offers":{"Summaries":[{"Condition":{"Value":"New"},"LowestPrice":{"Amount":7.99,"Currency":"EUR","DisplayAmount":"7,99 €"}}]}},{"ASIN":"B0B1V8QLLT","DetailPageURL":"https://www.amazon.es/dp/B0B1V8QLLT?tag=topinalambricos-21&linkCode=osi&th=1&psc=1","Images":{"Primary":{"Small":{"Height":75,"URL":"https://m.media-amazon.com/images/I/41aMcaqaMBL._SL75_.jpg","Width":75}}},"ItemInfo":{"ByLineInfo":{"Brand":{"DisplayValue":"Pinsheng","Label":"Brand","Locale":"es_ES"},"Manufacturer":{"DisplayValue":"Pinsheng","Label":"Manufacturer","Locale":"es_ES"}},"Title":{"DisplayValue":"Pinsheng Tirantes Transparentes Sujetador 4 Pares Transparente Hombro Tirantes Claro Sujetador Correas Correas Transparentes Invisibles Antideslizantes de Sujetador para Mujer","Label":"Title","Locale":"es_ES"}},"Offers":{"Summaries":[{"Condition":{"Value":"New"},"LowestPrice":{"Amount":3.99,"Currency":"EUR","DisplayAmount":"3,99 €"}}]}},{"ASIN":"B09C376BCW","DetailPageURL":"https://www.amazon.es/dp/B09C376BCW?tag=topinalambricos-21&linkCode=osi&th=1&psc=1","Images":{"Primary":{"Small":{"Height":75,"URL":"https://m.media-amazon.com/images/I/31DDHCgK0lL._SL75_.jpg","Width":75}}},"ItemInfo":{"ByLineInfo":{"Brand":{"DisplayValue":"Jiakalamo","Label":"Brand","Locale":"es_ES"},"Manufacturer":{"DisplayValue":"Jiakalamo","Label":"Manufacturer","Locale":"es_ES"}},"Title":{"DisplayValue":"Jiakalamo Paraguas transparente plegable, Paraguas transparente automático para bodas , Paraguas transparente plegable mujer antiviento niño bodas travel ,Cierre automático Paraguas","Label":"Title","Locale":"es_ES"}},"Offers":{"Summaries":[{"Condition":{"Value":"New"},"LowestPrice":{"Amount":16.3,"Currency":"EUR","DisplayAmount":"16,30 €"}}]}},{"ASIN":"B081RPLNK1","DetailPageURL":"https://www.amazon.es/dp/B081RPLNK1?tag=topinalambricos-21&linkCode=osi&th=1&psc=1","Images":{"Primary":{"Small":{"Height":75,"URL":"https://m.media-amazon.com/images/I/4146RIkJjkL._SL75_.jpg","Width":75}}},"ItemInfo":{"ByLineInfo":{"Brand":{"DisplayValue":"WENTS","Label":"Brand","Locale":"es_ES"}},"Title":{"DisplayValue":"WENTS Bolsa Transparente de PVC Bolsa Transparente con Bolsillos con Cremallera y Correa para el Hombro Desmontable Cremallera Neceser De Cosmeticos De Mano Gran Capacidad","Label":"Title","Locale":"es_ES"}},"Offers":{"Summaries":[{"Condition":{"Value":"New"},"LowestPrice":{"Amount":11.67,"Currency":"EUR","DisplayAmount":"11,67 €"}}]}},{"ASIN":"B0BNQN89QF","DetailPageURL":"https://www.amazon.es/dp/B0BNQN89QF?tag=topinalambricos-21&linkCode=osi&th=1&psc=1","Images":{"Primary":{"Small":{"Height":75,"URL":"https://m.media-amazon.com/images/I/41m+zixsAKL._SL75_.jpg","Width":75}}},"ItemInfo":{"ByLineInfo":{"Brand":{"DisplayValue":"PUERHUACI","Label":"Brand","Locale":"es_ES"}},"Title":{"DisplayValue":"Neceser Transparente Viaje Avion,Bolsa Liquidos Avion,6 Piezas Bolso Transparente,19x14cm Neceser Viaje Avion,Bolsa Transparente Multifunción con Cremallera","Label":"Title","Locale":"es_ES"}},"Offers":{"Summaries":[{"Condition":{"Value":"New"},"LowestPrice":{"Amount":13.89,"Currency":"EUR","DisplayAmount":"13,89 €"}}]}},{"ASIN":"B0BVVKZLHT","DetailPageURL":"https://www.amazon.es/dp/B0BVVKZLHT?tag=topinalambricos-21&linkCode=osi&th=1&psc=1","Images":{"Primary":{"Small":{"Height":75,"URL":"https://m.media-amazon.com/images/I/41zd76ozzyL._SL75_.jpg","Width":75}}},"ItemInfo":{"ByLineInfo":{"Brand":{"DisplayValue":"Aucuu","Label":"Brand","Locale":"es_ES"},"Manufacturer":{"DisplayValue":"Aucuu®-EU","Label":"Manufacturer","Locale":"es_ES"}},"Title":{"DisplayValue":"Aucuu 4PCS Neceser Hombre, Transparente Neceser Viaje Avion, Bolsa liquidos Avion, Bolsa de Aseo Organizador Mujer, Viajes Accesorios, 20x20cm (Gris+ Cuerda)","Label":"Title","Locale":"es_ES"}},"Offers":{"Summaries":[{"Condition":{"Value":"New"},"LowestPrice":{"Amount":7.98,"Currency":"EUR","DisplayAmount":"7,98 €"}}]}},{"ASIN":"B0BWTJMHXF","DetailPageURL":"https://www.amazon.es/dp/B0BWTJMHXF?tag=topinalambricos-21&linkCode=osi&th=1&psc=1","Images":{"Primary":{"Small":{"Height":75,"URL":"https://m.media-amazon.com/images/I/51-Gsh1xTvL._SL75_.jpg","Width":75}}},"ItemInfo":{"ByLineInfo":{"Brand":{"DisplayValue":"talifoca","Label":"Brand","Locale":"es_ES"},"Manufacturer":{"DisplayValue":"TALIFOCA","Label":"Manufacturer","Locale":"es_ES"}},"Title":{"DisplayValue":"3 Piezas Neceser de Aseo Transparente, Bolsas Transparentes de Avión,Bolsas de Aseo Transparente,Mujer Bolsa de Cosmético Organizador,Kit de Viaje para Avión, para Mujeres y Hombres","Label":"Title","Locale":"es_ES"}},"Offers":{"Summaries":[{"Condition":{"Value":"New"},"LowestPrice":{"Amount":8.99,"Currency":"EUR","DisplayAmount":"8,99 €"}}]}},{"ASIN":"B08YNGRXNK","DetailPageURL":"https://www.amazon.es/dp/B08YNGRXNK?tag=topinalambricos-21&linkCode=osi&th=1&psc=1","Images":{"Primary":{"Small":{"Height":75,"URL":"https://m.media-amazon.com/images/I/4158WjUfRlL._SL75_.jpg","Width":75}}},"ItemInfo":{"ByLineInfo":{"Brand":{"DisplayValue":"Casio","Label":"Brand","Locale":"es_ES"},"Manufacturer":{"DisplayValue":"CASIO","Label":"Manufacturer","Locale":"es_ES"}},"Title":{"DisplayValue":"Casio Unisex-adultos Digital GA-2100SKE-7AER","Label":"Title","Locale":"es_ES"}},"Offers":{"Summaries":[{"Condition":{"Value":"New"},"LowestPrice":{"Amount":83.59,"Currency":"EUR","DisplayAmount":"83,59 €"}}]}},{"ASIN":"B0CH9FT7L6","DetailPageURL":"https://www.amazon.es/dp/B0CH9FT7L6?tag=topinalambricos-21&linkCode=osi&th=1&psc=1","Images":{"Primary":{"Small":{"Height":75,"URL":"https://m.media-amazon.com/images/I/41Zy4SoABVL._SL75_.jpg","Width":75}}},"ItemInfo":{"ByLineInfo":{"Brand":{"DisplayValue":"Smilbaley","Label":"Brand","Locale":"es_ES"},"Manufacturer":{"DisplayValue":"D-22","Label":"Manufacturer","Locale":"es_ES"}},"Title":{"DisplayValue":"Smilbaley 2 Piezas Bolsa de Gimnasia Transparente, Bolsa de Cincha Transparente, Bolsa de Gimnasia Transparente con Cordón, para Escuelas, Exteriores, Gimnasios, Playas (35×45cm)","Label":"Title","Locale":"es_ES"}},"Offers":{"Summaries":[{"Condition":{"Value":"New"},"LowestPrice":{"Amount":14.99,"Currency":"EUR","DisplayAmount":"14,99 €"}}]}}],"SearchURL":"https://www.amazon.es/s?k=transparente&rh=n%3A14223378031%2Cp_n_availability%3A-1&tag=topinalambricos-21&linkCode=osi","TotalResultCount":306}},"71":{"SearchResult":{"Items":[{"ASIN":"B07GBN7JMK","DetailPageURL":"https://www.amazon.es/dp/B07GBN7JMK?tag=topinalambricos-21&linkCode=osi&th=1&psc=1","Images":{"Primary":{"Small":{"Height":75,"URL":"https://m.media-amazon.com/images/I/31vHA+wxLoL._SL75_.jpg","Width":70}}},"ItemInfo":{"ByLineInfo":{"Brand":{"DisplayValue":"Lancoon","Label":"Brand","Locale":"es_ES"},"Manufacturer":{"DisplayValue":"Lancoon","Label":"Manufacturer","Locale":"es_ES"}},"Title":{"DisplayValue":"Lancoon Paraguas Cúpula Transparente Mujer, 16 Costillas TamañO Grande A Prueba De Viento AutomáTico Abierto KS10White","Label":"Title","Locale":"es_ES"}},"Offers":{"Summaries":[{"Condition":{"Value":"New"},"LowestPrice":{"Amount":24.99,"Currency":"EUR","DisplayAmount":"24,99 €"}}]}},{"ASIN":"B0C4YLL3QG","DetailPageURL":"https://www.amazon.es/dp/B0C4YLL3QG?tag=topinalambricos-21&linkCode=osi&th=1&psc=1","Images":{"Primary":{"Small":{"Height":75,"URL":"https://m.media-amazon.com/images/I/312yqV-pibL._SL75_.jpg","Width":64}}},"ItemInfo":{"ByLineInfo":{"Brand":{"DisplayValue":"Jissta","Label":"Brand","Locale":"es_ES"},"Manufacturer":{"DisplayValue":"Jissta","Label":"Manufacturer","Locale":"es_ES"}},"Title":{"DisplayValue":"Jissta 4 neceseres Transparentes 20 * 20CM, Bolsa para líquidos de avión, Neceser portátil, Neceser de Viaje para Mujeres y Hombres con asa","Label":"Title","Locale":"es_ES"}},"Offers":{"Summaries":[{"Condition":{"Value":"New"},"LowestPrice":{"Amount":7.99,"Currency":"EUR","DisplayAmount":"7,99 €"}}]}},{"ASIN":"B0B1V8QLLT","DetailPageURL":"https://www.amazon.es/dp/B0B1V8QLLT?tag=topinalambricos-21&linkCode=osi&th=1&psc=1","Images":{"Primary":{"Small":{"Height":75,"URL":"https://m.media-amazon.com/images/I/41aMcaqaMBL._SL75_.jpg","Width":75}}},"ItemInfo":{"ByLineInfo":{"Brand":{"DisplayValue":"Pinsheng","Label":"Brand","Locale":"es_ES"},"Manufacturer":{"DisplayValue":"Pinsheng","Label":"Manufacturer","Locale":"es_ES"}},"Title":{"DisplayValue":"Pinsheng Tirantes Transparentes Sujetador 4 Pares Transparente Hombro Tirantes Claro Sujetador Correas Correas Transparentes Invisibles Antideslizantes de Sujetador para Mujer","Label":"Title","Locale":"es_ES"}},"Offers":{"Summaries":[{"Condition":{"Value":"New"},"LowestPrice":{"Amount":3.99,"Currency":"EUR","DisplayAmount":"3,99 €"}}]}},{"ASIN":"B09C376BCW","DetailPageURL":"https://www.amazon.es/dp/B09C376BCW?tag=topinalambricos-21&linkCode=osi&th=1&psc=1","Images":{"Primary":{"Small":{"Height":75,"URL":"https://m.media-amazon.com/images/I/31DDHCgK0lL._SL75_.jpg","Width":75}}},"ItemInfo":{"ByLineInfo":{"Brand":{"DisplayValue":"Jiakalamo","Label":"Brand","Locale":"es_ES"},"Manufacturer":{"DisplayValue":"Jiakalamo","Label":"Manufacturer","Locale":"es_ES"}},"Title":{"DisplayValue":"Jiakalamo Paraguas transparente plegable, Paraguas transparente automático para bodas , Paraguas transparente plegable mujer antiviento niño bodas travel ,Cierre automático Paraguas","Label":"Title","Locale":"es_ES"}},"Offers":{"Summaries":[{"Condition":{"Value":"New"},"LowestPrice":{"Amount":16.3,"Currency":"EUR","DisplayAmount":"16,30 €"}}]}},{"ASIN":"B081RPLNK1","DetailPageURL":"https://www.amazon.es/dp/B081RPLNK1?tag=topinalambricos-21&linkCode=osi&th=1&psc=1","Images":{"Primary":{"Small":{"Height":75,"URL":"https://m.media-amazon.com/images/I/4146RIkJjkL._SL75_.jpg","Width":75}}},"ItemInfo":{"ByLineInfo":{"Brand":{"DisplayValue":"WENTS","Label":"Brand","Locale":"es_ES"}},"Title":{"DisplayValue":"WENTS Bolsa Transparente de PVC Bolsa Transparente con Bolsillos con Cremallera y Correa para el Hombro Desmontable Cremallera Neceser De Cosmeticos De Mano Gran Capacidad","Label":"Title","Locale":"es_ES"}},"Offers":{"Summaries":[{"Condition":{"Value":"New"},"LowestPrice":{"Amount":11.67,"Currency":"EUR","DisplayAmount":"11,67 €"}}]}},{"ASIN":"B0BNQN89QF","DetailPageURL":"https://www.amazon.es/dp/B0BNQN89QF?tag=topinalambricos-21&linkCode=osi&th=1&psc=1","Images":{"Primary":{"Small":{"Height":75,"URL":"https://m.media-amazon.com/images/I/41m+zixsAKL._SL75_.jpg","Width":75}}},"ItemInfo":{"ByLineInfo":{"Brand":{"DisplayValue":"PUERHUACI","Label":"Brand","Locale":"es_ES"}},"Title":{"DisplayValue":"Neceser Transparente Viaje Avion,Bolsa Liquidos Avion,6 Piezas Bolso Transparente,19x14cm Neceser Viaje Avion,Bolsa Transparente Multifunción con Cremallera","Label":"Title","Locale":"es_ES"}},"Offers":{"Summaries":[{"Condition":{"Value":"New"},"LowestPrice":{"Amount":13.89,"Currency":"EUR","DisplayAmount":"13,89 €"}}]}},{"ASIN":"B0BVVKZLHT","DetailPageURL":"https://www.amazon.es/dp/B0BVVKZLHT?tag=topinalambricos-21&linkCode=osi&th=1&psc=1","Images":{"Primary":{"Small":{"Height":75,"URL":"https://m.media-amazon.com/images/I/41zd76ozzyL._SL75_.jpg","Width":75}}},"ItemInfo":{"ByLineInfo":{"Brand":{"DisplayValue":"Aucuu","Label":"Brand","Locale":"es_ES"},"Manufacturer":{"DisplayValue":"Aucuu®-EU","Label":"Manufacturer","Locale":"es_ES"}},"Title":{"DisplayValue":"Aucuu 4PCS Neceser Hombre, Transparente Neceser Viaje Avion, Bolsa liquidos Avion, Bolsa de Aseo Organizador Mujer, Viajes Accesorios, 20x20cm (Gris+ Cuerda)","Label":"Title","Locale":"es_ES"}},"Offers":{"Summaries":[{"Condition":{"Value":"New"},"LowestPrice":{"Amount":7.98,"Currency":"EUR","DisplayAmount":"7,98 €"}}]}},{"ASIN":"B0BWTJMHXF","DetailPageURL":"https://www.amazon.es/dp/B0BWTJMHXF?tag=topinalambricos-21&linkCode=osi&th=1&psc=1","Images":{"Primary":{"Small":{"Height":75,"URL":"https://m.media-amazon.com/images/I/51-Gsh1xTvL._SL75_.jpg","Width":75}}},"ItemInfo":{"ByLineInfo":{"Brand":{"DisplayValue":"talifoca","Label":"Brand","Locale":"es_ES"},"Manufacturer":{"DisplayValue":"TALIFOCA","Label":"Manufacturer","Locale":"es_ES"}},"Title":{"DisplayValue":"3 Piezas Neceser de Aseo Transparente, Bolsas Transparentes de Avión,Bolsas de Aseo Transparente,Mujer Bolsa de Cosmético Organizador,Kit de Viaje para Avión, para Mujeres y Hombres","Label":"Title","Locale":"es_ES"}},"Offers":{"Summaries":[{"Condition":{"Value":"New"},"LowestPrice":{"Amount":8.99,"Currency":"EUR","DisplayAmount":"8,99 €"}}]}},{"ASIN":"B08YNGRXNK","DetailPageURL":"https://www.amazon.es/dp/B08YNGRXNK?tag=topinalambricos-21&linkCode=osi&th=1&psc=1","Images":{"Primary":{"Small":{"Height":75,"URL":"https://m.media-amazon.com/images/I/4158WjUfRlL._SL75_.jpg","Width":75}}},"ItemInfo":{"ByLineInfo":{"Brand":{"DisplayValue":"Casio","Label":"Brand","Locale":"es_ES"},"Manufacturer":{"DisplayValue":"CASIO","Label":"Manufacturer","Locale":"es_ES"}},"Title":{"DisplayValue":"Casio Unisex-adultos Digital GA-2100SKE-7AER","Label":"Title","Locale":"es_ES"}},"Offers":{"Summaries":[{"Condition":{"Value":"New"},"LowestPrice":{"Amount":83.59,"Currency":"EUR","DisplayAmount":"83,59 €"}}]}},{"ASIN":"B0CH9FT7L6","DetailPageURL":"https://www.amazon.es/dp/B0CH9FT7L6?tag=topinalambricos-21&linkCode=osi&th=1&psc=1","Images":{"Primary":{"Small":{"Height":75,"URL":"https://m.media-amazon.com/images/I/41Zy4SoABVL._SL75_.jpg","Width":75}}},"ItemInfo":{"ByLineInfo":{"Brand":{"DisplayValue":"Smilbaley","Label":"Brand","Locale":"es_ES"},"Manufacturer":{"DisplayValue":"D-22","Label":"Manufacturer","Locale":"es_ES"}},"Title":{"DisplayValue":"Smilbaley 2 Piezas Bolsa de Gimnasia Transparente, Bolsa de Cincha Transparente, Bolsa de Gimnasia Transparente con Cordón, para Escuelas, Exteriores, Gimnasios, Playas (35×45cm)","Label":"Title","Locale":"es_ES"}},"Offers":{"Summaries":[{"Condition":{"Value":"New"},"LowestPrice":{"Amount":14.99,"Currency":"EUR","DisplayAmount":"14,99 €"}}]}}],"SearchURL":"https://www.amazon.es/s?k=transparente&rh=n%3A14223378031%2Cp_n_availability%3A-1&tag=topinalambricos-21&linkCode=osi","TotalResultCount":306}},"72":{"SearchResult":{"Items":[{"ASIN":"B07GBN7JMK","DetailPageURL":"https://www.amazon.es/dp/B07GBN7JMK?tag=topinalambricos-21&linkCode=osi&th=1&psc=1","Images":{"Primary":{"Small":{"Height":75,"URL":"https://m.media-amazon.com/images/I/31vHA+wxLoL._SL75_.jpg","Width":70}}},"ItemInfo":{"ByLineInfo":{"Brand":{"DisplayValue":"Lancoon","Label":"Brand","Locale":"es_ES"},"Manufacturer":{"DisplayValue":"Lancoon","Label":"Manufacturer","Locale":"es_ES"}},"Title":{"DisplayValue":"Lancoon Paraguas Cúpula Transparente Mujer, 16 Costillas TamañO Grande A Prueba De Viento AutomáTico Abierto KS10White","Label":"Title","Locale":"es_ES"}},"Offers":{"Summaries":[{"Condition":{"Value":"New"},"LowestPrice":{"Amount":24.99,"Currency":"EUR","DisplayAmount":"24,99 €"}}]}},{"ASIN":"B0C4YLL3QG","DetailPageURL":"https://www.amazon.es/dp/B0C4YLL3QG?tag=topinalambricos-21&linkCode=osi&th=1&psc=1","Images":{"Primary":{"Small":{"Height":75,"URL":"https://m.media-amazon.com/images/I/312yqV-pibL._SL75_.jpg","Width":64}}},"ItemInfo":{"ByLineInfo":{"Brand":{"DisplayValue":"Jissta","Label":"Brand","Locale":"es_ES"},"Manufacturer":{"DisplayValue":"Jissta","Label":"Manufacturer","Locale":"es_ES"}},"Title":{"DisplayValue":"Jissta 4 neceseres Transparentes 20 * 20CM, Bolsa para líquidos de avión, Neceser portátil, Neceser de Viaje para Mujeres y Hombres con asa","Label":"Title","Locale":"es_ES"}},"Offers":{"Summaries":[{"Condition":{"Value":"New"},"LowestPrice":{"Amount":7.99,"Currency":"EUR","DisplayAmount":"7,99 €"}}]}},{"ASIN":"B0B1V8QLLT","DetailPageURL":"https://www.amazon.es/dp/B0B1V8QLLT?tag=topinalambricos-21&linkCode=osi&th=1&psc=1","Images":{"Primary":{"Small":{"Height":75,"URL":"https://m.media-amazon.com/images/I/41aMcaqaMBL._SL75_.jpg","Width":75}}},"ItemInfo":{"ByLineInfo":{"Brand":{"DisplayValue":"Pinsheng","Label":"Brand","Locale":"es_ES"},"Manufacturer":{"DisplayValue":"Pinsheng","Label":"Manufacturer","Locale":"es_ES"}},"Title":{"DisplayValue":"Pinsheng Tirantes Transparentes Sujetador 4 Pares Transparente Hombro Tirantes Claro Sujetador Correas Correas Transparentes Invisibles Antideslizantes de Sujetador para Mujer","Label":"Title","Locale":"es_ES"}},"Offers":{"Summaries":[{"Condition":{"Value":"New"},"LowestPrice":{"Amount":3.99,"Currency":"EUR","DisplayAmount":"3,99 €"}}]}},{"ASIN":"B09C376BCW","DetailPageURL":"https://www.amazon.es/dp/B09C376BCW?tag=topinalambricos-21&linkCode=osi&th=1&psc=1","Images":{"Primary":{"Small":{"Height":75,"URL":"https://m.media-amazon.com/images/I/31DDHCgK0lL._SL75_.jpg","Width":75}}},"ItemInfo":{"ByLineInfo":{"Brand":{"DisplayValue":"Jiakalamo","Label":"Brand","Locale":"es_ES"},"Manufacturer":{"DisplayValue":"Jiakalamo","Label":"Manufacturer","Locale":"es_ES"}},"Title":{"DisplayValue":"Jiakalamo Paraguas transparente plegable, Paraguas transparente automático para bodas , Paraguas transparente plegable mujer antiviento niño bodas travel ,Cierre automático Paraguas","Label":"Title","Locale":"es_ES"}},"Offers":{"Summaries":[{"Condition":{"Value":"New"},"LowestPrice":{"Amount":16.3,"Currency":"EUR","DisplayAmount":"16,30 €"}}]}},{"ASIN":"B081RPLNK1","DetailPageURL":"https://www.amazon.es/dp/B081RPLNK1?tag=topinalambricos-21&linkCode=osi&th=1&psc=1","Images":{"Primary":{"Small":{"Height":75,"URL":"https://m.media-amazon.com/images/I/4146RIkJjkL._SL75_.jpg","Width":75}}},"ItemInfo":{"ByLineInfo":{"Brand":{"DisplayValue":"WENTS","Label":"Brand","Locale":"es_ES"}},"Title":{"DisplayValue":"WENTS Bolsa Transparente de PVC Bolsa Transparente con Bolsillos con Cremallera y Correa para el Hombro Desmontable Cremallera Neceser De Cosmeticos De Mano Gran Capacidad","Label":"Title","Locale":"es_ES"}},"Offers":{"Summaries":[{"Condition":{"Value":"New"},"LowestPrice":{"Amount":11.67,"Currency":"EUR","DisplayAmount":"11,67 €"}}]}},{"ASIN":"B0BNQN89QF","DetailPageURL":"https://www.amazon.es/dp/B0BNQN89QF?tag=topinalambricos-21&linkCode=osi&th=1&psc=1","Images":{"Primary":{"Small":{"Height":75,"URL":"https://m.media-amazon.com/images/I/41m+zixsAKL._SL75_.jpg","Width":75}}},"ItemInfo":{"ByLineInfo":{"Brand":{"DisplayValue":"PUERHUACI","Label":"Brand","Locale":"es_ES"}},"Title":{"DisplayValue":"Neceser Transparente Viaje Avion,Bolsa Liquidos Avion,6 Piezas Bolso Transparente,19x14cm Neceser Viaje Avion,Bolsa Transparente Multifunción con Cremallera","Label":"Title","Locale":"es_ES"}},"Offers":{"Summaries":[{"Condition":{"Value":"New"},"LowestPrice":{"Amount":13.89,"Currency":"EUR","DisplayAmount":"13,89 €"}}]}},{"ASIN":"B0BVVKZLHT","DetailPageURL":"https://www.amazon.es/dp/B0BVVKZLHT?tag=topinalambricos-21&linkCode=osi&th=1&psc=1","Images":{"Primary":{"Small":{"Height":75,"URL":"https://m.media-amazon.com/images/I/41zd76ozzyL._SL75_.jpg","Width":75}}},"ItemInfo":{"ByLineInfo":{"Brand":{"DisplayValue":"Aucuu","Label":"Brand","Locale":"es_ES"},"Manufacturer":{"DisplayValue":"Aucuu®-EU","Label":"Manufacturer","Locale":"es_ES"}},"Title":{"DisplayValue":"Aucuu 4PCS Neceser Hombre, Transparente Neceser Viaje Avion, Bolsa liquidos Avion, Bolsa de Aseo Organizador Mujer, Viajes Accesorios, 20x20cm (Gris+ Cuerda)","Label":"Title","Locale":"es_ES"}},"Offers":{"Summaries":[{"Condition":{"Value":"New"},"LowestPrice":{"Amount":7.98,"Currency":"EUR","DisplayAmount":"7,98 €"}}]}},{"ASIN":"B0BWTJMHXF","DetailPageURL":"https://www.amazon.es/dp/B0BWTJMHXF?tag=topinalambricos-21&linkCode=osi&th=1&psc=1","Images":{"Primary":{"Small":{"Height":75,"URL":"https://m.media-amazon.com/images/I/51-Gsh1xTvL._SL75_.jpg","Width":75}}},"ItemInfo":{"ByLineInfo":{"Brand":{"DisplayValue":"talifoca","Label":"Brand","Locale":"es_ES"},"Manufacturer":{"DisplayValue":"TALIFOCA","Label":"Manufacturer","Locale":"es_ES"}},"Title":{"DisplayValue":"3 Piezas Neceser de Aseo Transparente, Bolsas Transparentes de Avión,Bolsas de Aseo Transparente,Mujer Bolsa de Cosmético Organizador,Kit de Viaje para Avión, para Mujeres y Hombres","Label":"Title","Locale":"es_ES"}},"Offers":{"Summaries":[{"Condition":{"Value":"New"},"LowestPrice":{"Amount":8.99,"Currency":"EUR","DisplayAmount":"8,99 €"}}]}},{"ASIN":"B08YNGRXNK","DetailPageURL":"https://www.amazon.es/dp/B08YNGRXNK?tag=topinalambricos-21&linkCode=osi&th=1&psc=1","Images":{"Primary":{"Small":{"Height":75,"URL":"https://m.media-amazon.com/images/I/4158WjUfRlL._SL75_.jpg","Width":75}}},"ItemInfo":{"ByLineInfo":{"Brand":{"DisplayValue":"Casio","Label":"Brand","Locale":"es_ES"},"Manufacturer":{"DisplayValue":"CASIO","Label":"Manufacturer","Locale":"es_ES"}},"Title":{"DisplayValue":"Casio Unisex-adultos Digital GA-2100SKE-7AER","Label":"Title","Locale":"es_ES"}},"Offers":{"Summaries":[{"Condition":{"Value":"New"},"LowestPrice":{"Amount":83.59,"Currency":"EUR","DisplayAmount":"83,59 €"}}]}},{"ASIN":"B0CH9FT7L6","DetailPageURL":"https://www.amazon.es/dp/B0CH9FT7L6?tag=topinalambricos-21&linkCode=osi&th=1&psc=1","Images":{"Primary":{"Small":{"Height":75,"URL":"https://m.media-amazon.com/images/I/41Zy4SoABVL._SL75_.jpg","Width":75}}},"ItemInfo":{"ByLineInfo":{"Brand":{"DisplayValue":"Smilbaley","Label":"Brand","Locale":"es_ES"},"Manufacturer":{"DisplayValue":"D-22","Label":"Manufacturer","Locale":"es_ES"}},"Title":{"DisplayValue":"Smilbaley 2 Piezas Bolsa de Gimnasia Transparente, Bolsa de Cincha Transparente, Bolsa de Gimnasia Transparente con Cordón, para Escuelas, Exteriores, Gimnasios, Playas (35×45cm)","Label":"Title","Locale":"es_ES"}},"Offers":{"Summaries":[{"Condition":{"Value":"New"},"LowestPrice":{"Amount":14.99,"Currency":"EUR","DisplayAmount":"14,99 €"}}]}}],"SearchURL":"https://www.amazon.es/s?k=transparente&rh=n%3A14223378031%2Cp_n_availability%3A-1&tag=topinalambricos-21&linkCode=osi","TotalResultCount":306}},"73":{"SearchResult":{"Items":[{"ASIN":"B07GBN7JMK","DetailPageURL":"https://www.amazon.es/dp/B07GBN7JMK?tag=topinalambricos-21&linkCode=osi&th=1&psc=1","Images":{"Primary":{"Small":{"Height":75,"URL":"https://m.media-amazon.com/images/I/31vHA+wxLoL._SL75_.jpg","Width":70}}},"ItemInfo":{"ByLineInfo":{"Brand":{"DisplayValue":"Lancoon","Label":"Brand","Locale":"es_ES"},"Manufacturer":{"DisplayValue":"Lancoon","Label":"Manufacturer","Locale":"es_ES"}},"Title":{"DisplayValue":"Lancoon Paraguas Cúpula Transparente Mujer, 16 Costillas TamañO Grande A Prueba De Viento AutomáTico Abierto KS10White","Label":"Title","Locale":"es_ES"}},"Offers":{"Summaries":[{"Condition":{"Value":"New"},"LowestPrice":{"Amount":24.99,"Currency":"EUR","DisplayAmount":"24,99 €"}}]}},{"ASIN":"B0C4YLL3QG","DetailPageURL":"https://www.amazon.es/dp/B0C4YLL3QG?tag=topinalambricos-21&linkCode=osi&th=1&psc=1","Images":{"Primary":{"Small":{"Height":75,"URL":"https://m.media-amazon.com/images/I/312yqV-pibL._SL75_.jpg","Width":64}}},"ItemInfo":{"ByLineInfo":{"Brand":{"DisplayValue":"Jissta","Label":"Brand","Locale":"es_ES"},"Manufacturer":{"DisplayValue":"Jissta","Label":"Manufacturer","Locale":"es_ES"}},"Title":{"DisplayValue":"Jissta 4 neceseres Transparentes 20 * 20CM, Bolsa para líquidos de avión, Neceser portátil, Neceser de Viaje para Mujeres y Hombres con asa","Label":"Title","Locale":"es_ES"}},"Offers":{"Summaries":[{"Condition":{"Value":"New"},"LowestPrice":{"Amount":7.99,"Currency":"EUR","DisplayAmount":"7,99 €"}}]}},{"ASIN":"B0B1V8QLLT","DetailPageURL":"https://www.amazon.es/dp/B0B1V8QLLT?tag=topinalambricos-21&linkCode=osi&th=1&psc=1","Images":{"Primary":{"Small":{"Height":75,"URL":"https://m.media-amazon.com/images/I/41aMcaqaMBL._SL75_.jpg","Width":75}}},"ItemInfo":{"ByLineInfo":{"Brand":{"DisplayValue":"Pinsheng","Label":"Brand","Locale":"es_ES"},"Manufacturer":{"DisplayValue":"Pinsheng","Label":"Manufacturer","Locale":"es_ES"}},"Title":{"DisplayValue":"Pinsheng Tirantes Transparentes Sujetador 4 Pares Transparente Hombro Tirantes Claro Sujetador Correas Correas Transparentes Invisibles Antideslizantes de Sujetador para Mujer","Label":"Title","Locale":"es_ES"}},"Offers":{"Summaries":[{"Condition":{"Value":"New"},"LowestPrice":{"Amount":3.99,"Currency":"EUR","DisplayAmount":"3,99 €"}}]}},{"ASIN":"B09C376BCW","DetailPageURL":"https://www.amazon.es/dp/B09C376BCW?tag=topinalambricos-21&linkCode=osi&th=1&psc=1","Images":{"Primary":{"Small":{"Height":75,"URL":"https://m.media-amazon.com/images/I/31DDHCgK0lL._SL75_.jpg","Width":75}}},"ItemInfo":{"ByLineInfo":{"Brand":{"DisplayValue":"Jiakalamo","Label":"Brand","Locale":"es_ES"},"Manufacturer":{"DisplayValue":"Jiakalamo","Label":"Manufacturer","Locale":"es_ES"}},"Title":{"DisplayValue":"Jiakalamo Paraguas transparente plegable, Paraguas transparente automático para bodas , Paraguas transparente plegable mujer antiviento niño bodas travel ,Cierre automático Paraguas","Label":"Title","Locale":"es_ES"}},"Offers":{"Summaries":[{"Condition":{"Value":"New"},"LowestPrice":{"Amount":16.3,"Currency":"EUR","DisplayAmount":"16,30 €"}}]}},{"ASIN":"B081RPLNK1","DetailPageURL":"https://www.amazon.es/dp/B081RPLNK1?tag=topinalambricos-21&linkCode=osi&th=1&psc=1","Images":{"Primary":{"Small":{"Height":75,"URL":"https://m.media-amazon.com/images/I/4146RIkJjkL._SL75_.jpg","Width":75}}},"ItemInfo":{"ByLineInfo":{"Brand":{"DisplayValue":"WENTS","Label":"Brand","Locale":"es_ES"}},"Title":{"DisplayValue":"WENTS Bolsa Transparente de PVC Bolsa Transparente con Bolsillos con Cremallera y Correa para el Hombro Desmontable Cremallera Neceser De Cosmeticos De Mano Gran Capacidad","Label":"Title","Locale":"es_ES"}},"Offers":{"Summaries":[{"Condition":{"Value":"New"},"LowestPrice":{"Amount":11.67,"Currency":"EUR","DisplayAmount":"11,67 €"}}]}},{"ASIN":"B0BNQN89QF","DetailPageURL":"https://www.amazon.es/dp/B0BNQN89QF?tag=topinalambricos-21&linkCode=osi&th=1&psc=1","Images":{"Primary":{"Small":{"Height":75,"URL":"https://m.media-amazon.com/images/I/41m+zixsAKL._SL75_.jpg","Width":75}}},"ItemInfo":{"ByLineInfo":{"Brand":{"DisplayValue":"PUERHUACI","Label":"Brand","Locale":"es_ES"}},"Title":{"DisplayValue":"Neceser Transparente Viaje Avion,Bolsa Liquidos Avion,6 Piezas Bolso Transparente,19x14cm Neceser Viaje Avion,Bolsa Transparente Multifunción con Cremallera","Label":"Title","Locale":"es_ES"}},"Offers":{"Summaries":[{"Condition":{"Value":"New"},"LowestPrice":{"Amount":13.89,"Currency":"EUR","DisplayAmount":"13,89 €"}}]}},{"ASIN":"B0BVVKZLHT","DetailPageURL":"https://www.amazon.es/dp/B0BVVKZLHT?tag=topinalambricos-21&linkCode=osi&th=1&psc=1","Images":{"Primary":{"Small":{"Height":75,"URL":"https://m.media-amazon.com/images/I/41zd76ozzyL._SL75_.jpg","Width":75}}},"ItemInfo":{"ByLineInfo":{"Brand":{"DisplayValue":"Aucuu","Label":"Brand","Locale":"es_ES"},"Manufacturer":{"DisplayValue":"Aucuu®-EU","Label":"Manufacturer","Locale":"es_ES"}},"Title":{"DisplayValue":"Aucuu 4PCS Neceser Hombre, Transparente Neceser Viaje Avion, Bolsa liquidos Avion, Bolsa de Aseo Organizador Mujer, Viajes Accesorios, 20x20cm (Gris+ Cuerda)","Label":"Title","Locale":"es_ES"}},"Offers":{"Summaries":[{"Condition":{"Value":"New"},"LowestPrice":{"Amount":7.98,"Currency":"EUR","DisplayAmount":"7,98 €"}}]}},{"ASIN":"B0BWTJMHXF","DetailPageURL":"https://www.amazon.es/dp/B0BWTJMHXF?tag=topinalambricos-21&linkCode=osi&th=1&psc=1","Images":{"Primary":{"Small":{"Height":75,"URL":"https://m.media-amazon.com/images/I/51-Gsh1xTvL._SL75_.jpg","Width":75}}},"ItemInfo":{"ByLineInfo":{"Brand":{"DisplayValue":"talifoca","Label":"Brand","Locale":"es_ES"},"Manufacturer":{"DisplayValue":"TALIFOCA","Label":"Manufacturer","Locale":"es_ES"}},"Title":{"DisplayValue":"3 Piezas Neceser de Aseo Transparente, Bolsas Transparentes de Avión,Bolsas de Aseo Transparente,Mujer Bolsa de Cosmético Organizador,Kit de Viaje para Avión, para Mujeres y Hombres","Label":"Title","Locale":"es_ES"}},"Offers":{"Summaries":[{"Condition":{"Value":"New"},"LowestPrice":{"Amount":8.99,"Currency":"EUR","DisplayAmount":"8,99 €"}}]}},{"ASIN":"B08YNGRXNK","DetailPageURL":"https://www.amazon.es/dp/B08YNGRXNK?tag=topinalambricos-21&linkCode=osi&th=1&psc=1","Images":{"Primary":{"Small":{"Height":75,"URL":"https://m.media-amazon.com/images/I/4158WjUfRlL._SL75_.jpg","Width":75}}},"ItemInfo":{"ByLineInfo":{"Brand":{"DisplayValue":"Casio","Label":"Brand","Locale":"es_ES"},"Manufacturer":{"DisplayValue":"CASIO","Label":"Manufacturer","Locale":"es_ES"}},"Title":{"DisplayValue":"Casio Unisex-adultos Digital GA-2100SKE-7AER","Label":"Title","Locale":"es_ES"}},"Offers":{"Summaries":[{"Condition":{"Value":"New"},"LowestPrice":{"Amount":83.59,"Currency":"EUR","DisplayAmount":"83,59 €"}}]}},{"ASIN":"B0CH9FT7L6","DetailPageURL":"https://www.amazon.es/dp/B0CH9FT7L6?tag=topinalambricos-21&linkCode=osi&th=1&psc=1","Images":{"Primary":{"Small":{"Height":75,"URL":"https://m.media-amazon.com/images/I/41Zy4SoABVL._SL75_.jpg","Width":75}}},"ItemInfo":{"ByLineInfo":{"Brand":{"DisplayValue":"Smilbaley","Label":"Brand","Locale":"es_ES"},"Manufacturer":{"DisplayValue":"D-22","Label":"Manufacturer","Locale":"es_ES"}},"Title":{"DisplayValue":"Smilbaley 2 Piezas Bolsa de Gimnasia Transparente, Bolsa de Cincha Transparente, Bolsa de Gimnasia Transparente con Cordón, para Escuelas, Exteriores, Gimnasios, Playas (35×45cm)","Label":"Title","Locale":"es_ES"}},"Offers":{"Summaries":[{"Condition":{"Value":"New"},"LowestPrice":{"Amount":14.99,"Currency":"EUR","DisplayAmount":"14,99 €"}}]}}],"SearchURL":"https://www.amazon.es/s?k=transparente&rh=n%3A14223378031%2Cp_n_availability%3A-1&tag=topinalambricos-21&linkCode=osi","TotalResultCount":306}},"74":{"SearchResult":{"Items":[{"ASIN":"B07GBN7JMK","DetailPageURL":"https://www.amazon.es/dp/B07GBN7JMK?tag=topinalambricos-21&linkCode=osi&th=1&psc=1","Images":{"Primary":{"Small":{"Height":75,"URL":"https://m.media-amazon.com/images/I/31vHA+wxLoL._SL75_.jpg","Width":70}}},"ItemInfo":{"ByLineInfo":{"Brand":{"DisplayValue":"Lancoon","Label":"Brand","Locale":"es_ES"},"Manufacturer":{"DisplayValue":"Lancoon","Label":"Manufacturer","Locale":"es_ES"}},"Title":{"DisplayValue":"Lancoon Paraguas Cúpula Transparente Mujer, 16 Costillas TamañO Grande A Prueba De Viento AutomáTico Abierto KS10White","Label":"Title","Locale":"es_ES"}},"Offers":{"Summaries":[{"Condition":{"Value":"New"},"LowestPrice":{"Amount":24.99,"Currency":"EUR","DisplayAmount":"24,99 €"}}]}},{"ASIN":"B0C4YLL3QG","DetailPageURL":"https://www.amazon.es/dp/B0C4YLL3QG?tag=topinalambricos-21&linkCode=osi&th=1&psc=1","Images":{"Primary":{"Small":{"Height":75,"URL":"https://m.media-amazon.com/images/I/312yqV-pibL._SL75_.jpg","Width":64}}},"ItemInfo":{"ByLineInfo":{"Brand":{"DisplayValue":"Jissta","Label":"Brand","Locale":"es_ES"},"Manufacturer":{"DisplayValue":"Jissta","Label":"Manufacturer","Locale":"es_ES"}},"Title":{"DisplayValue":"Jissta 4 neceseres Transparentes 20 * 20CM, Bolsa para líquidos de avión, Neceser portátil, Neceser de Viaje para Mujeres y Hombres con asa","Label":"Title","Locale":"es_ES"}},"Offers":{"Summaries":[{"Condition":{"Value":"New"},"LowestPrice":{"Amount":7.99,"Currency":"EUR","DisplayAmount":"7,99 €"}}]}},{"ASIN":"B0B1V8QLLT","DetailPageURL":"https://www.amazon.es/dp/B0B1V8QLLT?tag=topinalambricos-21&linkCode=osi&th=1&psc=1","Images":{"Primary":{"Small":{"Height":75,"URL":"https://m.media-amazon.com/images/I/41aMcaqaMBL._SL75_.jpg","Width":75}}},"ItemInfo":{"ByLineInfo":{"Brand":{"DisplayValue":"Pinsheng","Label":"Brand","Locale":"es_ES"},"Manufacturer":{"DisplayValue":"Pinsheng","Label":"Manufacturer","Locale":"es_ES"}},"Title":{"DisplayValue":"Pinsheng Tirantes Transparentes Sujetador 4 Pares Transparente Hombro Tirantes Claro Sujetador Correas Correas Transparentes Invisibles Antideslizantes de Sujetador para Mujer","Label":"Title","Locale":"es_ES"}},"Offers":{"Summaries":[{"Condition":{"Value":"New"},"LowestPrice":{"Amount":3.99,"Currency":"EUR","DisplayAmount":"3,99 €"}}]}},{"ASIN":"B09C376BCW","DetailPageURL":"https://www.amazon.es/dp/B09C376BCW?tag=topinalambricos-21&linkCode=osi&th=1&psc=1","Images":{"Primary":{"Small":{"Height":75,"URL":"https://m.media-amazon.com/images/I/31DDHCgK0lL._SL75_.jpg","Width":75}}},"ItemInfo":{"ByLineInfo":{"Brand":{"DisplayValue":"Jiakalamo","Label":"Brand","Locale":"es_ES"},"Manufacturer":{"DisplayValue":"Jiakalamo","Label":"Manufacturer","Locale":"es_ES"}},"Title":{"DisplayValue":"Jiakalamo Paraguas transparente plegable, Paraguas transparente automático para bodas , Paraguas transparente plegable mujer antiviento niño bodas travel ,Cierre automático Paraguas","Label":"Title","Locale":"es_ES"}},"Offers":{"Summaries":[{"Condition":{"Value":"New"},"LowestPrice":{"Amount":16.3,"Currency":"EUR","DisplayAmount":"16,30 €"}}]}},{"ASIN":"B081RPLNK1","DetailPageURL":"https://www.amazon.es/dp/B081RPLNK1?tag=topinalambricos-21&linkCode=osi&th=1&psc=1","Images":{"Primary":{"Small":{"Height":75,"URL":"https://m.media-amazon.com/images/I/4146RIkJjkL._SL75_.jpg","Width":75}}},"ItemInfo":{"ByLineInfo":{"Brand":{"DisplayValue":"WENTS","Label":"Brand","Locale":"es_ES"}},"Title":{"DisplayValue":"WENTS Bolsa Transparente de PVC Bolsa Transparente con Bolsillos con Cremallera y Correa para el Hombro Desmontable Cremallera Neceser De Cosmeticos De Mano Gran Capacidad","Label":"Title","Locale":"es_ES"}},"Offers":{"Summaries":[{"Condition":{"Value":"New"},"LowestPrice":{"Amount":11.67,"Currency":"EUR","DisplayAmount":"11,67 €"}}]}},{"ASIN":"B0BNQN89QF","DetailPageURL":"https://www.amazon.es/dp/B0BNQN89QF?tag=topinalambricos-21&linkCode=osi&th=1&psc=1","Images":{"Primary":{"Small":{"Height":75,"URL":"https://m.media-amazon.com/images/I/41m+zixsAKL._SL75_.jpg","Width":75}}},"ItemInfo":{"ByLineInfo":{"Brand":{"DisplayValue":"PUERHUACI","Label":"Brand","Locale":"es_ES"}},"Title":{"DisplayValue":"Neceser Transparente Viaje Avion,Bolsa Liquidos Avion,6 Piezas Bolso Transparente,19x14cm Neceser Viaje Avion,Bolsa Transparente Multifunción con Cremallera","Label":"Title","Locale":"es_ES"}},"Offers":{"Summaries":[{"Condition":{"Value":"New"},"LowestPrice":{"Amount":13.89,"Currency":"EUR","DisplayAmount":"13,89 €"}}]}},{"ASIN":"B0BVVKZLHT","DetailPageURL":"https://www.amazon.es/dp/B0BVVKZLHT?tag=topinalambricos-21&linkCode=osi&th=1&psc=1","Images":{"Primary":{"Small":{"Height":75,"URL":"https://m.media-amazon.com/images/I/41zd76ozzyL._SL75_.jpg","Width":75}}},"ItemInfo":{"ByLineInfo":{"Brand":{"DisplayValue":"Aucuu","Label":"Brand","Locale":"es_ES"},"Manufacturer":{"DisplayValue":"Aucuu®-EU","Label":"Manufacturer","Locale":"es_ES"}},"Title":{"DisplayValue":"Aucuu 4PCS Neceser Hombre, Transparente Neceser Viaje Avion, Bolsa liquidos Avion, Bolsa de Aseo Organizador Mujer, Viajes Accesorios, 20x20cm (Gris+ Cuerda)","Label":"Title","Locale":"es_ES"}},"Offers":{"Summaries":[{"Condition":{"Value":"New"},"LowestPrice":{"Amount":7.98,"Currency":"EUR","DisplayAmount":"7,98 €"}}]}},{"ASIN":"B0BWTJMHXF","DetailPageURL":"https://www.amazon.es/dp/B0BWTJMHXF?tag=topinalambricos-21&linkCode=osi&th=1&psc=1","Images":{"Primary":{"Small":{"Height":75,"URL":"https://m.media-amazon.com/images/I/51-Gsh1xTvL._SL75_.jpg","Width":75}}},"ItemInfo":{"ByLineInfo":{"Brand":{"DisplayValue":"talifoca","Label":"Brand","Locale":"es_ES"},"Manufacturer":{"DisplayValue":"TALIFOCA","Label":"Manufacturer","Locale":"es_ES"}},"Title":{"DisplayValue":"3 Piezas Neceser de Aseo Transparente, Bolsas Transparentes de Avión,Bolsas de Aseo Transparente,Mujer Bolsa de Cosmético Organizador,Kit de Viaje para Avión, para Mujeres y Hombres","Label":"Title","Locale":"es_ES"}},"Offers":{"Summaries":[{"Condition":{"Value":"New"},"LowestPrice":{"Amount":8.99,"Currency":"EUR","DisplayAmount":"8,99 €"}}]}},{"ASIN":"B08YNGRXNK","DetailPageURL":"https://www.amazon.es/dp/B08YNGRXNK?tag=topinalambricos-21&linkCode=osi&th=1&psc=1","Images":{"Primary":{"Small":{"Height":75,"URL":"https://m.media-amazon.com/images/I/4158WjUfRlL._SL75_.jpg","Width":75}}},"ItemInfo":{"ByLineInfo":{"Brand":{"DisplayValue":"Casio","Label":"Brand","Locale":"es_ES"},"Manufacturer":{"DisplayValue":"CASIO","Label":"Manufacturer","Locale":"es_ES"}},"Title":{"DisplayValue":"Casio Unisex-adultos Digital GA-2100SKE-7AER","Label":"Title","Locale":"es_ES"}},"Offers":{"Summaries":[{"Condition":{"Value":"New"},"LowestPrice":{"Amount":83.59,"Currency":"EUR","DisplayAmount":"83,59 €"}}]}},{"ASIN":"B0CH9FT7L6","DetailPageURL":"https://www.amazon.es/dp/B0CH9FT7L6?tag=topinalambricos-21&linkCode=osi&th=1&psc=1","Images":{"Primary":{"Small":{"Height":75,"URL":"https://m.media-amazon.com/images/I/41Zy4SoABVL._SL75_.jpg","Width":75}}},"ItemInfo":{"ByLineInfo":{"Brand":{"DisplayValue":"Smilbaley","Label":"Brand","Locale":"es_ES"},"Manufacturer":{"DisplayValue":"D-22","Label":"Manufacturer","Locale":"es_ES"}},"Title":{"DisplayValue":"Smilbaley 2 Piezas Bolsa de Gimnasia Transparente, Bolsa de Cincha Transparente, Bolsa de Gimnasia Transparente con Cordón, para Escuelas, Exteriores, Gimnasios, Playas (35×45cm)","Label":"Title","Locale":"es_ES"}},"Offers":{"Summaries":[{"Condition":{"Value":"New"},"LowestPrice":{"Amount":14.99,"Currency":"EUR","DisplayAmount":"14,99 €"}}]}}],"SearchURL":"https://www.amazon.es/s?k=transparente&rh=n%3A14223378031%2Cp_n_availability%3A-1&tag=topinalambricos-21&linkCode=osi","TotalResultCount":306}},"75":{"SearchResult":{"Items":[{"ASIN":"B07GBN7JMK","DetailPageURL":"https://www.amazon.es/dp/B07GBN7JMK?tag=topinalambricos-21&linkCode=osi&th=1&psc=1","Images":{"Primary":{"Small":{"Height":75,"URL":"https://m.media-amazon.com/images/I/31vHA+wxLoL._SL75_.jpg","Width":70}}},"ItemInfo":{"ByLineInfo":{"Brand":{"DisplayValue":"Lancoon","Label":"Brand","Locale":"es_ES"},"Manufacturer":{"DisplayValue":"Lancoon","Label":"Manufacturer","Locale":"es_ES"}},"Title":{"DisplayValue":"Lancoon Paraguas Cúpula Transparente Mujer, 16 Costillas TamañO Grande A Prueba De Viento AutomáTico Abierto KS10White","Label":"Title","Locale":"es_ES"}},"Offers":{"Summaries":[{"Condition":{"Value":"New"},"LowestPrice":{"Amount":24.99,"Currency":"EUR","DisplayAmount":"24,99 €"}}]}},{"ASIN":"B0C4YLL3QG","DetailPageURL":"https://www.amazon.es/dp/B0C4YLL3QG?tag=topinalambricos-21&linkCode=osi&th=1&psc=1","Images":{"Primary":{"Small":{"Height":75,"URL":"https://m.media-amazon.com/images/I/312yqV-pibL._SL75_.jpg","Width":64}}},"ItemInfo":{"ByLineInfo":{"Brand":{"DisplayValue":"Jissta","Label":"Brand","Locale":"es_ES"},"Manufacturer":{"DisplayValue":"Jissta","Label":"Manufacturer","Locale":"es_ES"}},"Title":{"DisplayValue":"Jissta 4 neceseres Transparentes 20 * 20CM, Bolsa para líquidos de avión, Neceser portátil, Neceser de Viaje para Mujeres y Hombres con asa","Label":"Title","Locale":"es_ES"}},"Offers":{"Summaries":[{"Condition":{"Value":"New"},"LowestPrice":{"Amount":7.99,"Currency":"EUR","DisplayAmount":"7,99 €"}}]}},{"ASIN":"B0B1V8QLLT","DetailPageURL":"https://www.amazon.es/dp/B0B1V8QLLT?tag=topinalambricos-21&linkCode=osi&th=1&psc=1","Images":{"Primary":{"Small":{"Height":75,"URL":"https://m.media-amazon.com/images/I/41aMcaqaMBL._SL75_.jpg","Width":75}}},"ItemInfo":{"ByLineInfo":{"Brand":{"DisplayValue":"Pinsheng","Label":"Brand","Locale":"es_ES"},"Manufacturer":{"DisplayValue":"Pinsheng","Label":"Manufacturer","Locale":"es_ES"}},"Title":{"DisplayValue":"Pinsheng Tirantes Transparentes Sujetador 4 Pares Transparente Hombro Tirantes Claro Sujetador Correas Correas Transparentes Invisibles Antideslizantes de Sujetador para Mujer","Label":"Title","Locale":"es_ES"}},"Offers":{"Summaries":[{"Condition":{"Value":"New"},"LowestPrice":{"Amount":3.99,"Currency":"EUR","DisplayAmount":"3,99 €"}}]}},{"ASIN":"B09C376BCW","DetailPageURL":"https://www.amazon.es/dp/B09C376BCW?tag=topinalambricos-21&linkCode=osi&th=1&psc=1","Images":{"Primary":{"Small":{"Height":75,"URL":"https://m.media-amazon.com/images/I/31DDHCgK0lL._SL75_.jpg","Width":75}}},"ItemInfo":{"ByLineInfo":{"Brand":{"DisplayValue":"Jiakalamo","Label":"Brand","Locale":"es_ES"},"Manufacturer":{"DisplayValue":"Jiakalamo","Label":"Manufacturer","Locale":"es_ES"}},"Title":{"DisplayValue":"Jiakalamo Paraguas transparente plegable, Paraguas transparente automático para bodas , Paraguas transparente plegable mujer antiviento niño bodas travel ,Cierre automático Paraguas","Label":"Title","Locale":"es_ES"}},"Offers":{"Summaries":[{"Condition":{"Value":"New"},"LowestPrice":{"Amount":16.3,"Currency":"EUR","DisplayAmount":"16,30 €"}}]}},{"ASIN":"B081RPLNK1","DetailPageURL":"https://www.amazon.es/dp/B081RPLNK1?tag=topinalambricos-21&linkCode=osi&th=1&psc=1","Images":{"Primary":{"Small":{"Height":75,"URL":"https://m.media-amazon.com/images/I/4146RIkJjkL._SL75_.jpg","Width":75}}},"ItemInfo":{"ByLineInfo":{"Brand":{"DisplayValue":"WENTS","Label":"Brand","Locale":"es_ES"}},"Title":{"DisplayValue":"WENTS Bolsa Transparente de PVC Bolsa Transparente con Bolsillos con Cremallera y Correa para el Hombro Desmontable Cremallera Neceser De Cosmeticos De Mano Gran Capacidad","Label":"Title","Locale":"es_ES"}},"Offers":{"Summaries":[{"Condition":{"Value":"New"},"LowestPrice":{"Amount":11.67,"Currency":"EUR","DisplayAmount":"11,67 €"}}]}},{"ASIN":"B0BNQN89QF","DetailPageURL":"https://www.amazon.es/dp/B0BNQN89QF?tag=topinalambricos-21&linkCode=osi&th=1&psc=1","Images":{"Primary":{"Small":{"Height":75,"URL":"https://m.media-amazon.com/images/I/41m+zixsAKL._SL75_.jpg","Width":75}}},"ItemInfo":{"ByLineInfo":{"Brand":{"DisplayValue":"PUERHUACI","Label":"Brand","Locale":"es_ES"}},"Title":{"DisplayValue":"Neceser Transparente Viaje Avion,Bolsa Liquidos Avion,6 Piezas Bolso Transparente,19x14cm Neceser Viaje Avion,Bolsa Transparente Multifunción con Cremallera","Label":"Title","Locale":"es_ES"}},"Offers":{"Summaries":[{"Condition":{"Value":"New"},"LowestPrice":{"Amount":13.89,"Currency":"EUR","DisplayAmount":"13,89 €"}}]}},{"ASIN":"B0BVVKZLHT","DetailPageURL":"https://www.amazon.es/dp/B0BVVKZLHT?tag=topinalambricos-21&linkCode=osi&th=1&psc=1","Images":{"Primary":{"Small":{"Height":75,"URL":"https://m.media-amazon.com/images/I/41zd76ozzyL._SL75_.jpg","Width":75}}},"ItemInfo":{"ByLineInfo":{"Brand":{"DisplayValue":"Aucuu","Label":"Brand","Locale":"es_ES"},"Manufacturer":{"DisplayValue":"Aucuu®-EU","Label":"Manufacturer","Locale":"es_ES"}},"Title":{"DisplayValue":"Aucuu 4PCS Neceser Hombre, Transparente Neceser Viaje Avion, Bolsa liquidos Avion, Bolsa de Aseo Organizador Mujer, Viajes Accesorios, 20x20cm (Gris+ Cuerda)","Label":"Title","Locale":"es_ES"}},"Offers":{"Summaries":[{"Condition":{"Value":"New"},"LowestPrice":{"Amount":7.98,"Currency":"EUR","DisplayAmount":"7,98 €"}}]}},{"ASIN":"B0BWTJMHXF","DetailPageURL":"https://www.amazon.es/dp/B0BWTJMHXF?tag=topinalambricos-21&linkCode=osi&th=1&psc=1","Images":{"Primary":{"Small":{"Height":75,"URL":"https://m.media-amazon.com/images/I/51-Gsh1xTvL._SL75_.jpg","Width":75}}},"ItemInfo":{"ByLineInfo":{"Brand":{"DisplayValue":"talifoca","Label":"Brand","Locale":"es_ES"},"Manufacturer":{"DisplayValue":"TALIFOCA","Label":"Manufacturer","Locale":"es_ES"}},"Title":{"DisplayValue":"3 Piezas Neceser de Aseo Transparente, Bolsas Transparentes de Avión,Bolsas de Aseo Transparente,Mujer Bolsa de Cosmético Organizador,Kit de Viaje para Avión, para Mujeres y Hombres","Label":"Title","Locale":"es_ES"}},"Offers":{"Summaries":[{"Condition":{"Value":"New"},"LowestPrice":{"Amount":8.99,"Currency":"EUR","DisplayAmount":"8,99 €"}}]}},{"ASIN":"B08YNGRXNK","DetailPageURL":"https://www.amazon.es/dp/B08YNGRXNK?tag=topinalambricos-21&linkCode=osi&th=1&psc=1","Images":{"Primary":{"Small":{"Height":75,"URL":"https://m.media-amazon.com/images/I/4158WjUfRlL._SL75_.jpg","Width":75}}},"ItemInfo":{"ByLineInfo":{"Brand":{"DisplayValue":"Casio","Label":"Brand","Locale":"es_ES"},"Manufacturer":{"DisplayValue":"CASIO","Label":"Manufacturer","Locale":"es_ES"}},"Title":{"DisplayValue":"Casio Unisex-adultos Digital GA-2100SKE-7AER","Label":"Title","Locale":"es_ES"}},"Offers":{"Summaries":[{"Condition":{"Value":"New"},"LowestPrice":{"Amount":83.59,"Currency":"EUR","DisplayAmount":"83,59 €"}}]}},{"ASIN":"B0CH9FT7L6","DetailPageURL":"https://www.amazon.es/dp/B0CH9FT7L6?tag=topinalambricos-21&linkCode=osi&th=1&psc=1","Images":{"Primary":{"Small":{"Height":75,"URL":"https://m.media-amazon.com/images/I/41Zy4SoABVL._SL75_.jpg","Width":75}}},"ItemInfo":{"ByLineInfo":{"Brand":{"DisplayValue":"Smilbaley","Label":"Brand","Locale":"es_ES"},"Manufacturer":{"DisplayValue":"D-22","Label":"Manufacturer","Locale":"es_ES"}},"Title":{"DisplayValue":"Smilbaley 2 Piezas Bolsa de Gimnasia Transparente, Bolsa de Cincha Transparente, Bolsa de Gimnasia Transparente con Cordón, para Escuelas, Exteriores, Gimnasios, Playas (35×45cm)","Label":"Title","Locale":"es_ES"}},"Offers":{"Summaries":[{"Condition":{"Value":"New"},"LowestPrice":{"Amount":14.99,"Currency":"EUR","DisplayAmount":"14,99 €"}}]}}],"SearchURL":"https://www.amazon.es/s?k=transparente&rh=n%3A14223378031%2Cp_n_availability%3A-1&tag=topinalambricos-21&linkCode=osi","TotalResultCount":306}},"76":{"SearchResult":{"Items":[{"ASIN":"B07GBN7JMK","DetailPageURL":"https://www.amazon.es/dp/B07GBN7JMK?tag=topinalambricos-21&linkCode=osi&th=1&psc=1","Images":{"Primary":{"Small":{"Height":75,"URL":"https://m.media-amazon.com/images/I/31vHA+wxLoL._SL75_.jpg","Width":70}}},"ItemInfo":{"ByLineInfo":{"Brand":{"DisplayValue":"Lancoon","Label":"Brand","Locale":"es_ES"},"Manufacturer":{"DisplayValue":"Lancoon","Label":"Manufacturer","Locale":"es_ES"}},"Title":{"DisplayValue":"Lancoon Paraguas Cúpula Transparente Mujer, 16 Costillas TamañO Grande A Prueba De Viento AutomáTico Abierto KS10White","Label":"Title","Locale":"es_ES"}},"Offers":{"Summaries":[{"Condition":{"Value":"New"},"LowestPrice":{"Amount":24.99,"Currency":"EUR","DisplayAmount":"24,99 €"}}]}},{"ASIN":"B0C4YLL3QG","DetailPageURL":"https://www.amazon.es/dp/B0C4YLL3QG?tag=topinalambricos-21&linkCode=osi&th=1&psc=1","Images":{"Primary":{"Small":{"Height":75,"URL":"https://m.media-amazon.com/images/I/312yqV-pibL._SL75_.jpg","Width":64}}},"ItemInfo":{"ByLineInfo":{"Brand":{"DisplayValue":"Jissta","Label":"Brand","Locale":"es_ES"},"Manufacturer":{"DisplayValue":"Jissta","Label":"Manufacturer","Locale":"es_ES"}},"Title":{"DisplayValue":"Jissta 4 neceseres Transparentes 20 * 20CM, Bolsa para líquidos de avión, Neceser portátil, Neceser de Viaje para Mujeres y Hombres con asa","Label":"Title","Locale":"es_ES"}},"Offers":{"Summaries":[{"Condition":{"Value":"New"},"LowestPrice":{"Amount":7.99,"Currency":"EUR","DisplayAmount":"7,99 €"}}]}},{"ASIN":"B0B1V8QLLT","DetailPageURL":"https://www.amazon.es/dp/B0B1V8QLLT?tag=topinalambricos-21&linkCode=osi&th=1&psc=1","Images":{"Primary":{"Small":{"Height":75,"URL":"https://m.media-amazon.com/images/I/41aMcaqaMBL._SL75_.jpg","Width":75}}},"ItemInfo":{"ByLineInfo":{"Brand":{"DisplayValue":"Pinsheng","Label":"Brand","Locale":"es_ES"},"Manufacturer":{"DisplayValue":"Pinsheng","Label":"Manufacturer","Locale":"es_ES"}},"Title":{"DisplayValue":"Pinsheng Tirantes Transparentes Sujetador 4 Pares Transparente Hombro Tirantes Claro Sujetador Correas Correas Transparentes Invisibles Antideslizantes de Sujetador para Mujer","Label":"Title","Locale":"es_ES"}},"Offers":{"Summaries":[{"Condition":{"Value":"New"},"LowestPrice":{"Amount":3.99,"Currency":"EUR","DisplayAmount":"3,99 €"}}]}},{"ASIN":"B09C376BCW","DetailPageURL":"https://www.amazon.es/dp/B09C376BCW?tag=topinalambricos-21&linkCode=osi&th=1&psc=1","Images":{"Primary":{"Small":{"Height":75,"URL":"https://m.media-amazon.com/images/I/31DDHCgK0lL._SL75_.jpg","Width":75}}},"ItemInfo":{"ByLineInfo":{"Brand":{"DisplayValue":"Jiakalamo","Label":"Brand","Locale":"es_ES"},"Manufacturer":{"DisplayValue":"Jiakalamo","Label":"Manufacturer","Locale":"es_ES"}},"Title":{"DisplayValue":"Jiakalamo Paraguas transparente plegable, Paraguas transparente automático para bodas , Paraguas transparente plegable mujer antiviento niño bodas travel ,Cierre automático Paraguas","Label":"Title","Locale":"es_ES"}},"Offers":{"Summaries":[{"Condition":{"Value":"New"},"LowestPrice":{"Amount":16.3,"Currency":"EUR","DisplayAmount":"16,30 €"}}]}},{"ASIN":"B081RPLNK1","DetailPageURL":"https://www.amazon.es/dp/B081RPLNK1?tag=topinalambricos-21&linkCode=osi&th=1&psc=1","Images":{"Primary":{"Small":{"Height":75,"URL":"https://m.media-amazon.com/images/I/4146RIkJjkL._SL75_.jpg","Width":75}}},"ItemInfo":{"ByLineInfo":{"Brand":{"DisplayValue":"WENTS","Label":"Brand","Locale":"es_ES"}},"Title":{"DisplayValue":"WENTS Bolsa Transparente de PVC Bolsa Transparente con Bolsillos con Cremallera y Correa para el Hombro Desmontable Cremallera Neceser De Cosmeticos De Mano Gran Capacidad","Label":"Title","Locale":"es_ES"}},"Offers":{"Summaries":[{"Condition":{"Value":"New"},"LowestPrice":{"Amount":11.67,"Currency":"EUR","DisplayAmount":"11,67 €"}}]}},{"ASIN":"B0BNQN89QF","DetailPageURL":"https://www.amazon.es/dp/B0BNQN89QF?tag=topinalambricos-21&linkCode=osi&th=1&psc=1","Images":{"Primary":{"Small":{"Height":75,"URL":"https://m.media-amazon.com/images/I/41m+zixsAKL._SL75_.jpg","Width":75}}},"ItemInfo":{"ByLineInfo":{"Brand":{"DisplayValue":"PUERHUACI","Label":"Brand","Locale":"es_ES"}},"Title":{"DisplayValue":"Neceser Transparente Viaje Avion,Bolsa Liquidos Avion,6 Piezas Bolso Transparente,19x14cm Neceser Viaje Avion,Bolsa Transparente Multifunción con Cremallera","Label":"Title","Locale":"es_ES"}},"Offers":{"Summaries":[{"Condition":{"Value":"New"},"LowestPrice":{"Amount":13.89,"Currency":"EUR","DisplayAmount":"13,89 €"}}]}},{"ASIN":"B0BVVKZLHT","DetailPageURL":"https://www.amazon.es/dp/B0BVVKZLHT?tag=topinalambricos-21&linkCode=osi&th=1&psc=1","Images":{"Primary":{"Small":{"Height":75,"URL":"https://m.media-amazon.com/images/I/41zd76ozzyL._SL75_.jpg","Width":75}}},"ItemInfo":{"ByLineInfo":{"Brand":{"DisplayValue":"Aucuu","Label":"Brand","Locale":"es_ES"},"Manufacturer":{"DisplayValue":"Aucuu®-EU","Label":"Manufacturer","Locale":"es_ES"}},"Title":{"DisplayValue":"Aucuu 4PCS Neceser Hombre, Transparente Neceser Viaje Avion, Bolsa liquidos Avion, Bolsa de Aseo Organizador Mujer, Viajes Accesorios, 20x20cm (Gris+ Cuerda)","Label":"Title","Locale":"es_ES"}},"Offers":{"Summaries":[{"Condition":{"Value":"New"},"LowestPrice":{"Amount":7.98,"Currency":"EUR","DisplayAmount":"7,98 €"}}]}},{"ASIN":"B0BWTJMHXF","DetailPageURL":"https://www.amazon.es/dp/B0BWTJMHXF?tag=topinalambricos-21&linkCode=osi&th=1&psc=1","Images":{"Primary":{"Small":{"Height":75,"URL":"https://m.media-amazon.com/images/I/51-Gsh1xTvL._SL75_.jpg","Width":75}}},"ItemInfo":{"ByLineInfo":{"Brand":{"DisplayValue":"talifoca","Label":"Brand","Locale":"es_ES"},"Manufacturer":{"DisplayValue":"TALIFOCA","Label":"Manufacturer","Locale":"es_ES"}},"Title":{"DisplayValue":"3 Piezas Neceser de Aseo Transparente, Bolsas Transparentes de Avión,Bolsas de Aseo Transparente,Mujer Bolsa de Cosmético Organizador,Kit de Viaje para Avión, para Mujeres y Hombres","Label":"Title","Locale":"es_ES"}},"Offers":{"Summaries":[{"Condition":{"Value":"New"},"LowestPrice":{"Amount":8.99,"Currency":"EUR","DisplayAmount":"8,99 €"}}]}},{"ASIN":"B08YNGRXNK","DetailPageURL":"https://www.amazon.es/dp/B08YNGRXNK?tag=topinalambricos-21&linkCode=osi&th=1&psc=1","Images":{"Primary":{"Small":{"Height":75,"URL":"https://m.media-amazon.com/images/I/4158WjUfRlL._SL75_.jpg","Width":75}}},"ItemInfo":{"ByLineInfo":{"Brand":{"DisplayValue":"Casio","Label":"Brand","Locale":"es_ES"},"Manufacturer":{"DisplayValue":"CASIO","Label":"Manufacturer","Locale":"es_ES"}},"Title":{"DisplayValue":"Casio Unisex-adultos Digital GA-2100SKE-7AER","Label":"Title","Locale":"es_ES"}},"Offers":{"Summaries":[{"Condition":{"Value":"New"},"LowestPrice":{"Amount":83.59,"Currency":"EUR","DisplayAmount":"83,59 €"}}]}},{"ASIN":"B0CH9FT7L6","DetailPageURL":"https://www.amazon.es/dp/B0CH9FT7L6?tag=topinalambricos-21&linkCode=osi&th=1&psc=1","Images":{"Primary":{"Small":{"Height":75,"URL":"https://m.media-amazon.com/images/I/41Zy4SoABVL._SL75_.jpg","Width":75}}},"ItemInfo":{"ByLineInfo":{"Brand":{"DisplayValue":"Smilbaley","Label":"Brand","Locale":"es_ES"},"Manufacturer":{"DisplayValue":"D-22","Label":"Manufacturer","Locale":"es_ES"}},"Title":{"DisplayValue":"Smilbaley 2 Piezas Bolsa de Gimnasia Transparente, Bolsa de Cincha Transparente, Bolsa de Gimnasia Transparente con Cordón, para Escuelas, Exteriores, Gimnasios, Playas (35×45cm)","Label":"Title","Locale":"es_ES"}},"Offers":{"Summaries":[{"Condition":{"Value":"New"},"LowestPrice":{"Amount":14.99,"Currency":"EUR","DisplayAmount":"14,99 €"}}]}}],"SearchURL":"https://www.amazon.es/s?k=transparente&rh=n%3A14223378031%2Cp_n_availability%3A-1&tag=topinalambricos-21&linkCode=osi","TotalResultCount":306}},"77":{"SearchResult":{"Items":[{"ASIN":"B07GBN7JMK","DetailPageURL":"https://www.amazon.es/dp/B07GBN7JMK?tag=topinalambricos-21&linkCode=osi&th=1&psc=1","Images":{"Primary":{"Small":{"Height":75,"URL":"https://m.media-amazon.com/images/I/31vHA+wxLoL._SL75_.jpg","Width":70}}},"ItemInfo":{"ByLineInfo":{"Brand":{"DisplayValue":"Lancoon","Label":"Brand","Locale":"es_ES"},"Manufacturer":{"DisplayValue":"Lancoon","Label":"Manufacturer","Locale":"es_ES"}},"Title":{"DisplayValue":"Lancoon Paraguas Cúpula Transparente Mujer, 16 Costillas TamañO Grande A Prueba De Viento AutomáTico Abierto KS10White","Label":"Title","Locale":"es_ES"}},"Offers":{"Summaries":[{"Condition":{"Value":"New"},"LowestPrice":{"Amount":24.99,"Currency":"EUR","DisplayAmount":"24,99 €"}}]}},{"ASIN":"B0C4YLL3QG","DetailPageURL":"https://www.amazon.es/dp/B0C4YLL3QG?tag=topinalambricos-21&linkCode=osi&th=1&psc=1","Images":{"Primary":{"Small":{"Height":75,"URL":"https://m.media-amazon.com/images/I/312yqV-pibL._SL75_.jpg","Width":64}}},"ItemInfo":{"ByLineInfo":{"Brand":{"DisplayValue":"Jissta","Label":"Brand","Locale":"es_ES"},"Manufacturer":{"DisplayValue":"Jissta","Label":"Manufacturer","Locale":"es_ES"}},"Title":{"DisplayValue":"Jissta 4 neceseres Transparentes 20 * 20CM, Bolsa para líquidos de avión, Neceser portátil, Neceser de Viaje para Mujeres y Hombres con asa","Label":"Title","Locale":"es_ES"}},"Offers":{"Summaries":[{"Condition":{"Value":"New"},"LowestPrice":{"Amount":7.99,"Currency":"EUR","DisplayAmount":"7,99 €"}}]}},{"ASIN":"B0B1V8QLLT","DetailPageURL":"https://www.amazon.es/dp/B0B1V8QLLT?tag=topinalambricos-21&linkCode=osi&th=1&psc=1","Images":{"Primary":{"Small":{"Height":75,"URL":"https://m.media-amazon.com/images/I/41aMcaqaMBL._SL75_.jpg","Width":75}}},"ItemInfo":{"ByLineInfo":{"Brand":{"DisplayValue":"Pinsheng","Label":"Brand","Locale":"es_ES"},"Manufacturer":{"DisplayValue":"Pinsheng","Label":"Manufacturer","Locale":"es_ES"}},"Title":{"DisplayValue":"Pinsheng Tirantes Transparentes Sujetador 4 Pares Transparente Hombro Tirantes Claro Sujetador Correas Correas Transparentes Invisibles Antideslizantes de Sujetador para Mujer","Label":"Title","Locale":"es_ES"}},"Offers":{"Summaries":[{"Condition":{"Value":"New"},"LowestPrice":{"Amount":3.99,"Currency":"EUR","DisplayAmount":"3,99 €"}}]}},{"ASIN":"B09C376BCW","DetailPageURL":"https://www.amazon.es/dp/B09C376BCW?tag=topinalambricos-21&linkCode=osi&th=1&psc=1","Images":{"Primary":{"Small":{"Height":75,"URL":"https://m.media-amazon.com/images/I/31DDHCgK0lL._SL75_.jpg","Width":75}}},"ItemInfo":{"ByLineInfo":{"Brand":{"DisplayValue":"Jiakalamo","Label":"Brand","Locale":"es_ES"},"Manufacturer":{"DisplayValue":"Jiakalamo","Label":"Manufacturer","Locale":"es_ES"}},"Title":{"DisplayValue":"Jiakalamo Paraguas transparente plegable, Paraguas transparente automático para bodas , Paraguas transparente plegable mujer antiviento niño bodas travel ,Cierre automático Paraguas","Label":"Title","Locale":"es_ES"}},"Offers":{"Summaries":[{"Condition":{"Value":"New"},"LowestPrice":{"Amount":16.3,"Currency":"EUR","DisplayAmount":"16,30 €"}}]}},{"ASIN":"B081RPLNK1","DetailPageURL":"https://www.amazon.es/dp/B081RPLNK1?tag=topinalambricos-21&linkCode=osi&th=1&psc=1","Images":{"Primary":{"Small":{"Height":75,"URL":"https://m.media-amazon.com/images/I/4146RIkJjkL._SL75_.jpg","Width":75}}},"ItemInfo":{"ByLineInfo":{"Brand":{"DisplayValue":"WENTS","Label":"Brand","Locale":"es_ES"}},"Title":{"DisplayValue":"WENTS Bolsa Transparente de PVC Bolsa Transparente con Bolsillos con Cremallera y Correa para el Hombro Desmontable Cremallera Neceser De Cosmeticos De Mano Gran Capacidad","Label":"Title","Locale":"es_ES"}},"Offers":{"Summaries":[{"Condition":{"Value":"New"},"LowestPrice":{"Amount":11.67,"Currency":"EUR","DisplayAmount":"11,67 €"}}]}},{"ASIN":"B0BNQN89QF","DetailPageURL":"https://www.amazon.es/dp/B0BNQN89QF?tag=topinalambricos-21&linkCode=osi&th=1&psc=1","Images":{"Primary":{"Small":{"Height":75,"URL":"https://m.media-amazon.com/images/I/41m+zixsAKL._SL75_.jpg","Width":75}}},"ItemInfo":{"ByLineInfo":{"Brand":{"DisplayValue":"PUERHUACI","Label":"Brand","Locale":"es_ES"}},"Title":{"DisplayValue":"Neceser Transparente Viaje Avion,Bolsa Liquidos Avion,6 Piezas Bolso Transparente,19x14cm Neceser Viaje Avion,Bolsa Transparente Multifunción con Cremallera","Label":"Title","Locale":"es_ES"}},"Offers":{"Summaries":[{"Condition":{"Value":"New"},"LowestPrice":{"Amount":13.89,"Currency":"EUR","DisplayAmount":"13,89 €"}}]}},{"ASIN":"B0BVVKZLHT","DetailPageURL":"https://www.amazon.es/dp/B0BVVKZLHT?tag=topinalambricos-21&linkCode=osi&th=1&psc=1","Images":{"Primary":{"Small":{"Height":75,"URL":"https://m.media-amazon.com/images/I/41zd76ozzyL._SL75_.jpg","Width":75}}},"ItemInfo":{"ByLineInfo":{"Brand":{"DisplayValue":"Aucuu","Label":"Brand","Locale":"es_ES"},"Manufacturer":{"DisplayValue":"Aucuu®-EU","Label":"Manufacturer","Locale":"es_ES"}},"Title":{"DisplayValue":"Aucuu 4PCS Neceser Hombre, Transparente Neceser Viaje Avion, Bolsa liquidos Avion, Bolsa de Aseo Organizador Mujer, Viajes Accesorios, 20x20cm (Gris+ Cuerda)","Label":"Title","Locale":"es_ES"}},"Offers":{"Summaries":[{"Condition":{"Value":"New"},"LowestPrice":{"Amount":7.98,"Currency":"EUR","DisplayAmount":"7,98 €"}}]}},{"ASIN":"B0BWTJMHXF","DetailPageURL":"https://www.amazon.es/dp/B0BWTJMHXF?tag=topinalambricos-21&linkCode=osi&th=1&psc=1","Images":{"Primary":{"Small":{"Height":75,"URL":"https://m.media-amazon.com/images/I/51-Gsh1xTvL._SL75_.jpg","Width":75}}},"ItemInfo":{"ByLineInfo":{"Brand":{"DisplayValue":"talifoca","Label":"Brand","Locale":"es_ES"},"Manufacturer":{"DisplayValue":"TALIFOCA","Label":"Manufacturer","Locale":"es_ES"}},"Title":{"DisplayValue":"3 Piezas Neceser de Aseo Transparente, Bolsas Transparentes de Avión,Bolsas de Aseo Transparente,Mujer Bolsa de Cosmético Organizador,Kit de Viaje para Avión, para Mujeres y Hombres","Label":"Title","Locale":"es_ES"}},"Offers":{"Summaries":[{"Condition":{"Value":"New"},"LowestPrice":{"Amount":8.99,"Currency":"EUR","DisplayAmount":"8,99 €"}}]}},{"ASIN":"B08YNGRXNK","DetailPageURL":"https://www.amazon.es/dp/B08YNGRXNK?tag=topinalambricos-21&linkCode=osi&th=1&psc=1","Images":{"Primary":{"Small":{"Height":75,"URL":"https://m.media-amazon.com/images/I/4158WjUfRlL._SL75_.jpg","Width":75}}},"ItemInfo":{"ByLineInfo":{"Brand":{"DisplayValue":"Casio","Label":"Brand","Locale":"es_ES"},"Manufacturer":{"DisplayValue":"CASIO","Label":"Manufacturer","Locale":"es_ES"}},"Title":{"DisplayValue":"Casio Unisex-adultos Digital GA-2100SKE-7AER","Label":"Title","Locale":"es_ES"}},"Offers":{"Summaries":[{"Condition":{"Value":"New"},"LowestPrice":{"Amount":83.59,"Currency":"EUR","DisplayAmount":"83,59 €"}}]}},{"ASIN":"B0CH9FT7L6","DetailPageURL":"https://www.amazon.es/dp/B0CH9FT7L6?tag=topinalambricos-21&linkCode=osi&th=1&psc=1","Images":{"Primary":{"Small":{"Height":75,"URL":"https://m.media-amazon.com/images/I/41Zy4SoABVL._SL75_.jpg","Width":75}}},"ItemInfo":{"ByLineInfo":{"Brand":{"DisplayValue":"Smilbaley","Label":"Brand","Locale":"es_ES"},"Manufacturer":{"DisplayValue":"D-22","Label":"Manufacturer","Locale":"es_ES"}},"Title":{"DisplayValue":"Smilbaley 2 Piezas Bolsa de Gimnasia Transparente, Bolsa de Cincha Transparente, Bolsa de Gimnasia Transparente con Cordón, para Escuelas, Exteriores, Gimnasios, Playas (35×45cm)","Label":"Title","Locale":"es_ES"}},"Offers":{"Summaries":[{"Condition":{"Value":"New"},"LowestPrice":{"Amount":14.99,"Currency":"EUR","DisplayAmount":"14,99 €"}}]}}],"SearchURL":"https://www.amazon.es/s?k=transparente&rh=n%3A14223378031%2Cp_n_availability%3A-1&tag=topinalambricos-21&linkCode=osi","TotalResultCount":306}},"78":{"SearchResult":{"Items":[{"ASIN":"B07GBN7JMK","DetailPageURL":"https://www.amazon.es/dp/B07GBN7JMK?tag=topinalambricos-21&linkCode=osi&th=1&psc=1","Images":{"Primary":{"Small":{"Height":75,"URL":"https://m.media-amazon.com/images/I/31vHA+wxLoL._SL75_.jpg","Width":70}}},"ItemInfo":{"ByLineInfo":{"Brand":{"DisplayValue":"Lancoon","Label":"Brand","Locale":"es_ES"},"Manufacturer":{"DisplayValue":"Lancoon","Label":"Manufacturer","Locale":"es_ES"}},"Title":{"DisplayValue":"Lancoon Paraguas Cúpula Transparente Mujer, 16 Costillas TamañO Grande A Prueba De Viento AutomáTico Abierto KS10White","Label":"Title","Locale":"es_ES"}},"Offers":{"Summaries":[{"Condition":{"Value":"New"},"LowestPrice":{"Amount":24.99,"Currency":"EUR","DisplayAmount":"24,99 €"}}]}},{"ASIN":"B0C4YLL3QG","DetailPageURL":"https://www.amazon.es/dp/B0C4YLL3QG?tag=topinalambricos-21&linkCode=osi&th=1&psc=1","Images":{"Primary":{"Small":{"Height":75,"URL":"https://m.media-amazon.com/images/I/312yqV-pibL._SL75_.jpg","Width":64}}},"ItemInfo":{"ByLineInfo":{"Brand":{"DisplayValue":"Jissta","Label":"Brand","Locale":"es_ES"},"Manufacturer":{"DisplayValue":"Jissta","Label":"Manufacturer","Locale":"es_ES"}},"Title":{"DisplayValue":"Jissta 4 neceseres Transparentes 20 * 20CM, Bolsa para líquidos de avión, Neceser portátil, Neceser de Viaje para Mujeres y Hombres con asa","Label":"Title","Locale":"es_ES"}},"Offers":{"Summaries":[{"Condition":{"Value":"New"},"LowestPrice":{"Amount":7.99,"Currency":"EUR","DisplayAmount":"7,99 €"}}]}},{"ASIN":"B0B1V8QLLT","DetailPageURL":"https://www.amazon.es/dp/B0B1V8QLLT?tag=topinalambricos-21&linkCode=osi&th=1&psc=1","Images":{"Primary":{"Small":{"Height":75,"URL":"https://m.media-amazon.com/images/I/41aMcaqaMBL._SL75_.jpg","Width":75}}},"ItemInfo":{"ByLineInfo":{"Brand":{"DisplayValue":"Pinsheng","Label":"Brand","Locale":"es_ES"},"Manufacturer":{"DisplayValue":"Pinsheng","Label":"Manufacturer","Locale":"es_ES"}},"Title":{"DisplayValue":"Pinsheng Tirantes Transparentes Sujetador 4 Pares Transparente Hombro Tirantes Claro Sujetador Correas Correas Transparentes Invisibles Antideslizantes de Sujetador para Mujer","Label":"Title","Locale":"es_ES"}},"Offers":{"Summaries":[{"Condition":{"Value":"New"},"LowestPrice":{"Amount":3.99,"Currency":"EUR","DisplayAmount":"3,99 €"}}]}},{"ASIN":"B09C376BCW","DetailPageURL":"https://www.amazon.es/dp/B09C376BCW?tag=topinalambricos-21&linkCode=osi&th=1&psc=1","Images":{"Primary":{"Small":{"Height":75,"URL":"https://m.media-amazon.com/images/I/31DDHCgK0lL._SL75_.jpg","Width":75}}},"ItemInfo":{"ByLineInfo":{"Brand":{"DisplayValue":"Jiakalamo","Label":"Brand","Locale":"es_ES"},"Manufacturer":{"DisplayValue":"Jiakalamo","Label":"Manufacturer","Locale":"es_ES"}},"Title":{"DisplayValue":"Jiakalamo Paraguas transparente plegable, Paraguas transparente automático para bodas , Paraguas transparente plegable mujer antiviento niño bodas travel ,Cierre automático Paraguas","Label":"Title","Locale":"es_ES"}},"Offers":{"Summaries":[{"Condition":{"Value":"New"},"LowestPrice":{"Amount":16.3,"Currency":"EUR","DisplayAmount":"16,30 €"}}]}},{"ASIN":"B081RPLNK1","DetailPageURL":"https://www.amazon.es/dp/B081RPLNK1?tag=topinalambricos-21&linkCode=osi&th=1&psc=1","Images":{"Primary":{"Small":{"Height":75,"URL":"https://m.media-amazon.com/images/I/4146RIkJjkL._SL75_.jpg","Width":75}}},"ItemInfo":{"ByLineInfo":{"Brand":{"DisplayValue":"WENTS","Label":"Brand","Locale":"es_ES"}},"Title":{"DisplayValue":"WENTS Bolsa Transparente de PVC Bolsa Transparente con Bolsillos con Cremallera y Correa para el Hombro Desmontable Cremallera Neceser De Cosmeticos De Mano Gran Capacidad","Label":"Title","Locale":"es_ES"}},"Offers":{"Summaries":[{"Condition":{"Value":"New"},"LowestPrice":{"Amount":11.67,"Currency":"EUR","DisplayAmount":"11,67 €"}}]}},{"ASIN":"B0BNQN89QF","DetailPageURL":"https://www.amazon.es/dp/B0BNQN89QF?tag=topinalambricos-21&linkCode=osi&th=1&psc=1","Images":{"Primary":{"Small":{"Height":75,"URL":"https://m.media-amazon.com/images/I/41m+zixsAKL._SL75_.jpg","Width":75}}},"ItemInfo":{"ByLineInfo":{"Brand":{"DisplayValue":"PUERHUACI","Label":"Brand","Locale":"es_ES"}},"Title":{"DisplayValue":"Neceser Transparente Viaje Avion,Bolsa Liquidos Avion,6 Piezas Bolso Transparente,19x14cm Neceser Viaje Avion,Bolsa Transparente Multifunción con Cremallera","Label":"Title","Locale":"es_ES"}},"Offers":{"Summaries":[{"Condition":{"Value":"New"},"LowestPrice":{"Amount":13.89,"Currency":"EUR","DisplayAmount":"13,89 €"}}]}},{"ASIN":"B0BVVKZLHT","DetailPageURL":"https://www.amazon.es/dp/B0BVVKZLHT?tag=topinalambricos-21&linkCode=osi&th=1&psc=1","Images":{"Primary":{"Small":{"Height":75,"URL":"https://m.media-amazon.com/images/I/41zd76ozzyL._SL75_.jpg","Width":75}}},"ItemInfo":{"ByLineInfo":{"Brand":{"DisplayValue":"Aucuu","Label":"Brand","Locale":"es_ES"},"Manufacturer":{"DisplayValue":"Aucuu®-EU","Label":"Manufacturer","Locale":"es_ES"}},"Title":{"DisplayValue":"Aucuu 4PCS Neceser Hombre, Transparente Neceser Viaje Avion, Bolsa liquidos Avion, Bolsa de Aseo Organizador Mujer, Viajes Accesorios, 20x20cm (Gris+ Cuerda)","Label":"Title","Locale":"es_ES"}},"Offers":{"Summaries":[{"Condition":{"Value":"New"},"LowestPrice":{"Amount":7.98,"Currency":"EUR","DisplayAmount":"7,98 €"}}]}},{"ASIN":"B0BWTJMHXF","DetailPageURL":"https://www.amazon.es/dp/B0BWTJMHXF?tag=topinalambricos-21&linkCode=osi&th=1&psc=1","Images":{"Primary":{"Small":{"Height":75,"URL":"https://m.media-amazon.com/images/I/51-Gsh1xTvL._SL75_.jpg","Width":75}}},"ItemInfo":{"ByLineInfo":{"Brand":{"DisplayValue":"talifoca","Label":"Brand","Locale":"es_ES"},"Manufacturer":{"DisplayValue":"TALIFOCA","Label":"Manufacturer","Locale":"es_ES"}},"Title":{"DisplayValue":"3 Piezas Neceser de Aseo Transparente, Bolsas Transparentes de Avión,Bolsas de Aseo Transparente,Mujer Bolsa de Cosmético Organizador,Kit de Viaje para Avión, para Mujeres y Hombres","Label":"Title","Locale":"es_ES"}},"Offers":{"Summaries":[{"Condition":{"Value":"New"},"LowestPrice":{"Amount":8.99,"Currency":"EUR","DisplayAmount":"8,99 €"}}]}},{"ASIN":"B08YNGRXNK","DetailPageURL":"https://www.amazon.es/dp/B08YNGRXNK?tag=topinalambricos-21&linkCode=osi&th=1&psc=1","Images":{"Primary":{"Small":{"Height":75,"URL":"https://m.media-amazon.com/images/I/4158WjUfRlL._SL75_.jpg","Width":75}}},"ItemInfo":{"ByLineInfo":{"Brand":{"DisplayValue":"Casio","Label":"Brand","Locale":"es_ES"},"Manufacturer":{"DisplayValue":"CASIO","Label":"Manufacturer","Locale":"es_ES"}},"Title":{"DisplayValue":"Casio Unisex-adultos Digital GA-2100SKE-7AER","Label":"Title","Locale":"es_ES"}},"Offers":{"Summaries":[{"Condition":{"Value":"New"},"LowestPrice":{"Amount":83.59,"Currency":"EUR","DisplayAmount":"83,59 €"}}]}},{"ASIN":"B0CH9FT7L6","DetailPageURL":"https://www.amazon.es/dp/B0CH9FT7L6?tag=topinalambricos-21&linkCode=osi&th=1&psc=1","Images":{"Primary":{"Small":{"Height":75,"URL":"https://m.media-amazon.com/images/I/41Zy4SoABVL._SL75_.jpg","Width":75}}},"ItemInfo":{"ByLineInfo":{"Brand":{"DisplayValue":"Smilbaley","Label":"Brand","Locale":"es_ES"},"Manufacturer":{"DisplayValue":"D-22","Label":"Manufacturer","Locale":"es_ES"}},"Title":{"DisplayValue":"Smilbaley 2 Piezas Bolsa de Gimnasia Transparente, Bolsa de Cincha Transparente, Bolsa de Gimnasia Transparente con Cordón, para Escuelas, Exteriores, Gimnasios, Playas (35×45cm)","Label":"Title","Locale":"es_ES"}},"Offers":{"Summaries":[{"Condition":{"Value":"New"},"LowestPrice":{"Amount":14.99,"Currency":"EUR","DisplayAmount":"14,99 €"}}]}}],"SearchURL":"https://www.amazon.es/s?k=transparente&rh=n%3A14223378031%2Cp_n_availability%3A-1&tag=topinalambricos-21&linkCode=osi","TotalResultCount":306}},"80":{"SearchResult":{"Items":[{"ASIN":"B07GBN7JMK","DetailPageURL":"https://www.amazon.es/dp/B07GBN7JMK?tag=topinalambricos-21&linkCode=osi&th=1&psc=1","Images":{"Primary":{"Small":{"Height":75,"URL":"https://m.media-amazon.com/images/I/31vHA+wxLoL._SL75_.jpg","Width":70}}},"ItemInfo":{"ByLineInfo":{"Brand":{"DisplayValue":"Lancoon","Label":"Brand","Locale":"es_ES"},"Manufacturer":{"DisplayValue":"Lancoon","Label":"Manufacturer","Locale":"es_ES"}},"Title":{"DisplayValue":"Lancoon Paraguas Cúpula Transparente Mujer, 16 Costillas TamañO Grande A Prueba De Viento AutomáTico Abierto KS10White","Label":"Title","Locale":"es_ES"}},"Offers":{"Summaries":[{"Condition":{"Value":"New"},"LowestPrice":{"Amount":24.99,"Currency":"EUR","DisplayAmount":"24,99 €"}}]}},{"ASIN":"B0C4YLL3QG","DetailPageURL":"https://www.amazon.es/dp/B0C4YLL3QG?tag=topinalambricos-21&linkCode=osi&th=1&psc=1","Images":{"Primary":{"Small":{"Height":75,"URL":"https://m.media-amazon.com/images/I/312yqV-pibL._SL75_.jpg","Width":64}}},"ItemInfo":{"ByLineInfo":{"Brand":{"DisplayValue":"Jissta","Label":"Brand","Locale":"es_ES"},"Manufacturer":{"DisplayValue":"Jissta","Label":"Manufacturer","Locale":"es_ES"}},"Title":{"DisplayValue":"Jissta 4 neceseres Transparentes 20 * 20CM, Bolsa para líquidos de avión, Neceser portátil, Neceser de Viaje para Mujeres y Hombres con asa","Label":"Title","Locale":"es_ES"}},"Offers":{"Summaries":[{"Condition":{"Value":"New"},"LowestPrice":{"Amount":7.99,"Currency":"EUR","DisplayAmount":"7,99 €"}}]}},{"ASIN":"B0B1V8QLLT","DetailPageURL":"https://www.amazon.es/dp/B0B1V8QLLT?tag=topinalambricos-21&linkCode=osi&th=1&psc=1","Images":{"Primary":{"Small":{"Height":75,"URL":"https://m.media-amazon.com/images/I/41aMcaqaMBL._SL75_.jpg","Width":75}}},"ItemInfo":{"ByLineInfo":{"Brand":{"DisplayValue":"Pinsheng","Label":"Brand","Locale":"es_ES"},"Manufacturer":{"DisplayValue":"Pinsheng","Label":"Manufacturer","Locale":"es_ES"}},"Title":{"DisplayValue":"Pinsheng Tirantes Transparentes Sujetador 4 Pares Transparente Hombro Tirantes Claro Sujetador Correas Correas Transparentes Invisibles Antideslizantes de Sujetador para Mujer","Label":"Title","Locale":"es_ES"}},"Offers":{"Summaries":[{"Condition":{"Value":"New"},"LowestPrice":{"Amount":3.99,"Currency":"EUR","DisplayAmount":"3,99 €"}}]}},{"ASIN":"B09C376BCW","DetailPageURL":"https://www.amazon.es/dp/B09C376BCW?tag=topinalambricos-21&linkCode=osi&th=1&psc=1","Images":{"Primary":{"Small":{"Height":75,"URL":"https://m.media-amazon.com/images/I/31DDHCgK0lL._SL75_.jpg","Width":75}}},"ItemInfo":{"ByLineInfo":{"Brand":{"DisplayValue":"Jiakalamo","Label":"Brand","Locale":"es_ES"},"Manufacturer":{"DisplayValue":"Jiakalamo","Label":"Manufacturer","Locale":"es_ES"}},"Title":{"DisplayValue":"Jiakalamo Paraguas transparente plegable, Paraguas transparente automático para bodas , Paraguas transparente plegable mujer antiviento niño bodas travel ,Cierre automático Paraguas","Label":"Title","Locale":"es_ES"}},"Offers":{"Summaries":[{"Condition":{"Value":"New"},"LowestPrice":{"Amount":16.3,"Currency":"EUR","DisplayAmount":"16,30 €"}}]}},{"ASIN":"B081RPLNK1","DetailPageURL":"https://www.amazon.es/dp/B081RPLNK1?tag=topinalambricos-21&linkCode=osi&th=1&psc=1","Images":{"Primary":{"Small":{"Height":75,"URL":"https://m.media-amazon.com/images/I/4146RIkJjkL._SL75_.jpg","Width":75}}},"ItemInfo":{"ByLineInfo":{"Brand":{"DisplayValue":"WENTS","Label":"Brand","Locale":"es_ES"}},"Title":{"DisplayValue":"WENTS Bolsa Transparente de PVC Bolsa Transparente con Bolsillos con Cremallera y Correa para el Hombro Desmontable Cremallera Neceser De Cosmeticos De Mano Gran Capacidad","Label":"Title","Locale":"es_ES"}},"Offers":{"Summaries":[{"Condition":{"Value":"New"},"LowestPrice":{"Amount":11.67,"Currency":"EUR","DisplayAmount":"11,67 €"}}]}},{"ASIN":"B0BNQN89QF","DetailPageURL":"https://www.amazon.es/dp/B0BNQN89QF?tag=topinalambricos-21&linkCode=osi&th=1&psc=1","Images":{"Primary":{"Small":{"Height":75,"URL":"https://m.media-amazon.com/images/I/41m+zixsAKL._SL75_.jpg","Width":75}}},"ItemInfo":{"ByLineInfo":{"Brand":{"DisplayValue":"PUERHUACI","Label":"Brand","Locale":"es_ES"}},"Title":{"DisplayValue":"Neceser Transparente Viaje Avion,Bolsa Liquidos Avion,6 Piezas Bolso Transparente,19x14cm Neceser Viaje Avion,Bolsa Transparente Multifunción con Cremallera","Label":"Title","Locale":"es_ES"}},"Offers":{"Summaries":[{"Condition":{"Value":"New"},"LowestPrice":{"Amount":13.89,"Currency":"EUR","DisplayAmount":"13,89 €"}}]}},{"ASIN":"B0BVVKZLHT","DetailPageURL":"https://www.amazon.es/dp/B0BVVKZLHT?tag=topinalambricos-21&linkCode=osi&th=1&psc=1","Images":{"Primary":{"Small":{"Height":75,"URL":"https://m.media-amazon.com/images/I/41zd76ozzyL._SL75_.jpg","Width":75}}},"ItemInfo":{"ByLineInfo":{"Brand":{"DisplayValue":"Aucuu","Label":"Brand","Locale":"es_ES"},"Manufacturer":{"DisplayValue":"Aucuu®-EU","Label":"Manufacturer","Locale":"es_ES"}},"Title":{"DisplayValue":"Aucuu 4PCS Neceser Hombre, Transparente Neceser Viaje Avion, Bolsa liquidos Avion, Bolsa de Aseo Organizador Mujer, Viajes Accesorios, 20x20cm (Gris+ Cuerda)","Label":"Title","Locale":"es_ES"}},"Offers":{"Summaries":[{"Condition":{"Value":"New"},"LowestPrice":{"Amount":7.98,"Currency":"EUR","DisplayAmount":"7,98 €"}}]}},{"ASIN":"B0BWTJMHXF","DetailPageURL":"https://www.amazon.es/dp/B0BWTJMHXF?tag=topinalambricos-21&linkCode=osi&th=1&psc=1","Images":{"Primary":{"Small":{"Height":75,"URL":"https://m.media-amazon.com/images/I/51-Gsh1xTvL._SL75_.jpg","Width":75}}},"ItemInfo":{"ByLineInfo":{"Brand":{"DisplayValue":"talifoca","Label":"Brand","Locale":"es_ES"},"Manufacturer":{"DisplayValue":"TALIFOCA","Label":"Manufacturer","Locale":"es_ES"}},"Title":{"DisplayValue":"3 Piezas Neceser de Aseo Transparente, Bolsas Transparentes de Avión,Bolsas de Aseo Transparente,Mujer Bolsa de Cosmético Organizador,Kit de Viaje para Avión, para Mujeres y Hombres","Label":"Title","Locale":"es_ES"}},"Offers":{"Summaries":[{"Condition":{"Value":"New"},"LowestPrice":{"Amount":8.99,"Currency":"EUR","DisplayAmount":"8,99 €"}}]}},{"ASIN":"B08YNGRXNK","DetailPageURL":"https://www.amazon.es/dp/B08YNGRXNK?tag=topinalambricos-21&linkCode=osi&th=1&psc=1","Images":{"Primary":{"Small":{"Height":75,"URL":"https://m.media-amazon.com/images/I/4158WjUfRlL._SL75_.jpg","Width":75}}},"ItemInfo":{"ByLineInfo":{"Brand":{"DisplayValue":"Casio","Label":"Brand","Locale":"es_ES"},"Manufacturer":{"DisplayValue":"CASIO","Label":"Manufacturer","Locale":"es_ES"}},"Title":{"DisplayValue":"Casio Unisex-adultos Digital GA-2100SKE-7AER","Label":"Title","Locale":"es_ES"}},"Offers":{"Summaries":[{"Condition":{"Value":"New"},"LowestPrice":{"Amount":83.59,"Currency":"EUR","DisplayAmount":"83,59 €"}}]}},{"ASIN":"B0CH9FT7L6","DetailPageURL":"https://www.amazon.es/dp/B0CH9FT7L6?tag=topinalambricos-21&linkCode=osi&th=1&psc=1","Images":{"Primary":{"Small":{"Height":75,"URL":"https://m.media-amazon.com/images/I/41Zy4SoABVL._SL75_.jpg","Width":75}}},"ItemInfo":{"ByLineInfo":{"Brand":{"DisplayValue":"Smilbaley","Label":"Brand","Locale":"es_ES"},"Manufacturer":{"DisplayValue":"D-22","Label":"Manufacturer","Locale":"es_ES"}},"Title":{"DisplayValue":"Smilbaley 2 Piezas Bolsa de Gimnasia Transparente, Bolsa de Cincha Transparente, Bolsa de Gimnasia Transparente con Cordón, para Escuelas, Exteriores, Gimnasios, Playas (35×45cm)","Label":"Title","Locale":"es_ES"}},"Offers":{"Summaries":[{"Condition":{"Value":"New"},"LowestPrice":{"Amount":14.99,"Currency":"EUR","DisplayAmount":"14,99 €"}}]}}],"SearchURL":"https://www.amazon.es/s?k=transparente&rh=n%3A14223378031%2Cp_n_availability%3A-1&tag=topinalambricos-21&linkCode=osi","TotalResultCount":306}},"81":{"SearchResult":{"Items":[{"ASIN":"B07GBN7JMK","DetailPageURL":"https://www.amazon.es/dp/B07GBN7JMK?tag=topinalambricos-21&linkCode=osi&th=1&psc=1","Images":{"Primary":{"Small":{"Height":75,"URL":"https://m.media-amazon.com/images/I/31vHA+wxLoL._SL75_.jpg","Width":70}}},"ItemInfo":{"ByLineInfo":{"Brand":{"DisplayValue":"Lancoon","Label":"Brand","Locale":"es_ES"},"Manufacturer":{"DisplayValue":"Lancoon","Label":"Manufacturer","Locale":"es_ES"}},"Title":{"DisplayValue":"Lancoon Paraguas Cúpula Transparente Mujer, 16 Costillas TamañO Grande A Prueba De Viento AutomáTico Abierto KS10White","Label":"Title","Locale":"es_ES"}},"Offers":{"Summaries":[{"Condition":{"Value":"New"},"LowestPrice":{"Amount":24.99,"Currency":"EUR","DisplayAmount":"24,99 €"}}]}},{"ASIN":"B0C4YLL3QG","DetailPageURL":"https://www.amazon.es/dp/B0C4YLL3QG?tag=topinalambricos-21&linkCode=osi&th=1&psc=1","Images":{"Primary":{"Small":{"Height":75,"URL":"https://m.media-amazon.com/images/I/312yqV-pibL._SL75_.jpg","Width":64}}},"ItemInfo":{"ByLineInfo":{"Brand":{"DisplayValue":"Jissta","Label":"Brand","Locale":"es_ES"},"Manufacturer":{"DisplayValue":"Jissta","Label":"Manufacturer","Locale":"es_ES"}},"Title":{"DisplayValue":"Jissta 4 neceseres Transparentes 20 * 20CM, Bolsa para líquidos de avión, Neceser portátil, Neceser de Viaje para Mujeres y Hombres con asa","Label":"Title","Locale":"es_ES"}},"Offers":{"Summaries":[{"Condition":{"Value":"New"},"LowestPrice":{"Amount":7.99,"Currency":"EUR","DisplayAmount":"7,99 €"}}]}},{"ASIN":"B0B1V8QLLT","DetailPageURL":"https://www.amazon.es/dp/B0B1V8QLLT?tag=topinalambricos-21&linkCode=osi&th=1&psc=1","Images":{"Primary":{"Small":{"Height":75,"URL":"https://m.media-amazon.com/images/I/41aMcaqaMBL._SL75_.jpg","Width":75}}},"ItemInfo":{"ByLineInfo":{"Brand":{"DisplayValue":"Pinsheng","Label":"Brand","Locale":"es_ES"},"Manufacturer":{"DisplayValue":"Pinsheng","Label":"Manufacturer","Locale":"es_ES"}},"Title":{"DisplayValue":"Pinsheng Tirantes Transparentes Sujetador 4 Pares Transparente Hombro Tirantes Claro Sujetador Correas Correas Transparentes Invisibles Antideslizantes de Sujetador para Mujer","Label":"Title","Locale":"es_ES"}},"Offers":{"Summaries":[{"Condition":{"Value":"New"},"LowestPrice":{"Amount":3.99,"Currency":"EUR","DisplayAmount":"3,99 €"}}]}},{"ASIN":"B09C376BCW","DetailPageURL":"https://www.amazon.es/dp/B09C376BCW?tag=topinalambricos-21&linkCode=osi&th=1&psc=1","Images":{"Primary":{"Small":{"Height":75,"URL":"https://m.media-amazon.com/images/I/31DDHCgK0lL._SL75_.jpg","Width":75}}},"ItemInfo":{"ByLineInfo":{"Brand":{"DisplayValue":"Jiakalamo","Label":"Brand","Locale":"es_ES"},"Manufacturer":{"DisplayValue":"Jiakalamo","Label":"Manufacturer","Locale":"es_ES"}},"Title":{"DisplayValue":"Jiakalamo Paraguas transparente plegable, Paraguas transparente automático para bodas , Paraguas transparente plegable mujer antiviento niño bodas travel ,Cierre automático Paraguas","Label":"Title","Locale":"es_ES"}},"Offers":{"Summaries":[{"Condition":{"Value":"New"},"LowestPrice":{"Amount":16.3,"Currency":"EUR","DisplayAmount":"16,30 €"}}]}},{"ASIN":"B081RPLNK1","DetailPageURL":"https://www.amazon.es/dp/B081RPLNK1?tag=topinalambricos-21&linkCode=osi&th=1&psc=1","Images":{"Primary":{"Small":{"Height":75,"URL":"https://m.media-amazon.com/images/I/4146RIkJjkL._SL75_.jpg","Width":75}}},"ItemInfo":{"ByLineInfo":{"Brand":{"DisplayValue":"WENTS","Label":"Brand","Locale":"es_ES"}},"Title":{"DisplayValue":"WENTS Bolsa Transparente de PVC Bolsa Transparente con Bolsillos con Cremallera y Correa para el Hombro Desmontable Cremallera Neceser De Cosmeticos De Mano Gran Capacidad","Label":"Title","Locale":"es_ES"}},"Offers":{"Summaries":[{"Condition":{"Value":"New"},"LowestPrice":{"Amount":11.67,"Currency":"EUR","DisplayAmount":"11,67 €"}}]}},{"ASIN":"B0BNQN89QF","DetailPageURL":"https://www.amazon.es/dp/B0BNQN89QF?tag=topinalambricos-21&linkCode=osi&th=1&psc=1","Images":{"Primary":{"Small":{"Height":75,"URL":"https://m.media-amazon.com/images/I/41m+zixsAKL._SL75_.jpg","Width":75}}},"ItemInfo":{"ByLineInfo":{"Brand":{"DisplayValue":"PUERHUACI","Label":"Brand","Locale":"es_ES"}},"Title":{"DisplayValue":"Neceser Transparente Viaje Avion,Bolsa Liquidos Avion,6 Piezas Bolso Transparente,19x14cm Neceser Viaje Avion,Bolsa Transparente Multifunción con Cremallera","Label":"Title","Locale":"es_ES"}},"Offers":{"Summaries":[{"Condition":{"Value":"New"},"LowestPrice":{"Amount":13.89,"Currency":"EUR","DisplayAmount":"13,89 €"}}]}},{"ASIN":"B0BVVKZLHT","DetailPageURL":"https://www.amazon.es/dp/B0BVVKZLHT?tag=topinalambricos-21&linkCode=osi&th=1&psc=1","Images":{"Primary":{"Small":{"Height":75,"URL":"https://m.media-amazon.com/images/I/41zd76ozzyL._SL75_.jpg","Width":75}}},"ItemInfo":{"ByLineInfo":{"Brand":{"DisplayValue":"Aucuu","Label":"Brand","Locale":"es_ES"},"Manufacturer":{"DisplayValue":"Aucuu®-EU","Label":"Manufacturer","Locale":"es_ES"}},"Title":{"DisplayValue":"Aucuu 4PCS Neceser Hombre, Transparente Neceser Viaje Avion, Bolsa liquidos Avion, Bolsa de Aseo Organizador Mujer, Viajes Accesorios, 20x20cm (Gris+ Cuerda)","Label":"Title","Locale":"es_ES"}},"Offers":{"Summaries":[{"Condition":{"Value":"New"},"LowestPrice":{"Amount":7.98,"Currency":"EUR","DisplayAmount":"7,98 €"}}]}},{"ASIN":"B0BWTJMHXF","DetailPageURL":"https://www.amazon.es/dp/B0BWTJMHXF?tag=topinalambricos-21&linkCode=osi&th=1&psc=1","Images":{"Primary":{"Small":{"Height":75,"URL":"https://m.media-amazon.com/images/I/51-Gsh1xTvL._SL75_.jpg","Width":75}}},"ItemInfo":{"ByLineInfo":{"Brand":{"DisplayValue":"talifoca","Label":"Brand","Locale":"es_ES"},"Manufacturer":{"DisplayValue":"TALIFOCA","Label":"Manufacturer","Locale":"es_ES"}},"Title":{"DisplayValue":"3 Piezas Neceser de Aseo Transparente, Bolsas Transparentes de Avión,Bolsas de Aseo Transparente,Mujer Bolsa de Cosmético Organizador,Kit de Viaje para Avión, para Mujeres y Hombres","Label":"Title","Locale":"es_ES"}},"Offers":{"Summaries":[{"Condition":{"Value":"New"},"LowestPrice":{"Amount":8.99,"Currency":"EUR","DisplayAmount":"8,99 €"}}]}},{"ASIN":"B08YNGRXNK","DetailPageURL":"https://www.amazon.es/dp/B08YNGRXNK?tag=topinalambricos-21&linkCode=osi&th=1&psc=1","Images":{"Primary":{"Small":{"Height":75,"URL":"https://m.media-amazon.com/images/I/4158WjUfRlL._SL75_.jpg","Width":75}}},"ItemInfo":{"ByLineInfo":{"Brand":{"DisplayValue":"Casio","Label":"Brand","Locale":"es_ES"},"Manufacturer":{"DisplayValue":"CASIO","Label":"Manufacturer","Locale":"es_ES"}},"Title":{"DisplayValue":"Casio Unisex-adultos Digital GA-2100SKE-7AER","Label":"Title","Locale":"es_ES"}},"Offers":{"Summaries":[{"Condition":{"Value":"New"},"LowestPrice":{"Amount":83.59,"Currency":"EUR","DisplayAmount":"83,59 €"}}]}},{"ASIN":"B0CH9FT7L6","DetailPageURL":"https://www.amazon.es/dp/B0CH9FT7L6?tag=topinalambricos-21&linkCode=osi&th=1&psc=1","Images":{"Primary":{"Small":{"Height":75,"URL":"https://m.media-amazon.com/images/I/41Zy4SoABVL._SL75_.jpg","Width":75}}},"ItemInfo":{"ByLineInfo":{"Brand":{"DisplayValue":"Smilbaley","Label":"Brand","Locale":"es_ES"},"Manufacturer":{"DisplayValue":"D-22","Label":"Manufacturer","Locale":"es_ES"}},"Title":{"DisplayValue":"Smilbaley 2 Piezas Bolsa de Gimnasia Transparente, Bolsa de Cincha Transparente, Bolsa de Gimnasia Transparente con Cordón, para Escuelas, Exteriores, Gimnasios, Playas (35×45cm)","Label":"Title","Locale":"es_ES"}},"Offers":{"Summaries":[{"Condition":{"Value":"New"},"LowestPrice":{"Amount":14.99,"Currency":"EUR","DisplayAmount":"14,99 €"}}]}}],"SearchURL":"https://www.amazon.es/s?k=transparente&rh=n%3A14223378031%2Cp_n_availability%3A-1&tag=topinalambricos-21&linkCode=osi","TotalResultCount":306}},"82":{"SearchResult":{"Items":[{"ASIN":"B07GBN7JMK","DetailPageURL":"https://www.amazon.es/dp/B07GBN7JMK?tag=topinalambricos-21&linkCode=osi&th=1&psc=1","Images":{"Primary":{"Small":{"Height":75,"URL":"https://m.media-amazon.com/images/I/31vHA+wxLoL._SL75_.jpg","Width":70}}},"ItemInfo":{"ByLineInfo":{"Brand":{"DisplayValue":"Lancoon","Label":"Brand","Locale":"es_ES"},"Manufacturer":{"DisplayValue":"Lancoon","Label":"Manufacturer","Locale":"es_ES"}},"Title":{"DisplayValue":"Lancoon Paraguas Cúpula Transparente Mujer, 16 Costillas TamañO Grande A Prueba De Viento AutomáTico Abierto KS10White","Label":"Title","Locale":"es_ES"}},"Offers":{"Summaries":[{"Condition":{"Value":"New"},"LowestPrice":{"Amount":24.99,"Currency":"EUR","DisplayAmount":"24,99 €"}}]}},{"ASIN":"B0C4YLL3QG","DetailPageURL":"https://www.amazon.es/dp/B0C4YLL3QG?tag=topinalambricos-21&linkCode=osi&th=1&psc=1","Images":{"Primary":{"Small":{"Height":75,"URL":"https://m.media-amazon.com/images/I/312yqV-pibL._SL75_.jpg","Width":64}}},"ItemInfo":{"ByLineInfo":{"Brand":{"DisplayValue":"Jissta","Label":"Brand","Locale":"es_ES"},"Manufacturer":{"DisplayValue":"Jissta","Label":"Manufacturer","Locale":"es_ES"}},"Title":{"DisplayValue":"Jissta 4 neceseres Transparentes 20 * 20CM, Bolsa para líquidos de avión, Neceser portátil, Neceser de Viaje para Mujeres y Hombres con asa","Label":"Title","Locale":"es_ES"}},"Offers":{"Summaries":[{"Condition":{"Value":"New"},"LowestPrice":{"Amount":7.99,"Currency":"EUR","DisplayAmount":"7,99 €"}}]}},{"ASIN":"B0B1V8QLLT","DetailPageURL":"https://www.amazon.es/dp/B0B1V8QLLT?tag=topinalambricos-21&linkCode=osi&th=1&psc=1","Images":{"Primary":{"Small":{"Height":75,"URL":"https://m.media-amazon.com/images/I/41aMcaqaMBL._SL75_.jpg","Width":75}}},"ItemInfo":{"ByLineInfo":{"Brand":{"DisplayValue":"Pinsheng","Label":"Brand","Locale":"es_ES"},"Manufacturer":{"DisplayValue":"Pinsheng","Label":"Manufacturer","Locale":"es_ES"}},"Title":{"DisplayValue":"Pinsheng Tirantes Transparentes Sujetador 4 Pares Transparente Hombro Tirantes Claro Sujetador Correas Correas Transparentes Invisibles Antideslizantes de Sujetador para Mujer","Label":"Title","Locale":"es_ES"}},"Offers":{"Summaries":[{"Condition":{"Value":"New"},"LowestPrice":{"Amount":3.99,"Currency":"EUR","DisplayAmount":"3,99 €"}}]}},{"ASIN":"B09C376BCW","DetailPageURL":"https://www.amazon.es/dp/B09C376BCW?tag=topinalambricos-21&linkCode=osi&th=1&psc=1","Images":{"Primary":{"Small":{"Height":75,"URL":"https://m.media-amazon.com/images/I/31DDHCgK0lL._SL75_.jpg","Width":75}}},"ItemInfo":{"ByLineInfo":{"Brand":{"DisplayValue":"Jiakalamo","Label":"Brand","Locale":"es_ES"},"Manufacturer":{"DisplayValue":"Jiakalamo","Label":"Manufacturer","Locale":"es_ES"}},"Title":{"DisplayValue":"Jiakalamo Paraguas transparente plegable, Paraguas transparente automático para bodas , Paraguas transparente plegable mujer antiviento niño bodas travel ,Cierre automático Paraguas","Label":"Title","Locale":"es_ES"}},"Offers":{"Summaries":[{"Condition":{"Value":"New"},"LowestPrice":{"Amount":16.3,"Currency":"EUR","DisplayAmount":"16,30 €"}}]}},{"ASIN":"B081RPLNK1","DetailPageURL":"https://www.amazon.es/dp/B081RPLNK1?tag=topinalambricos-21&linkCode=osi&th=1&psc=1","Images":{"Primary":{"Small":{"Height":75,"URL":"https://m.media-amazon.com/images/I/4146RIkJjkL._SL75_.jpg","Width":75}}},"ItemInfo":{"ByLineInfo":{"Brand":{"DisplayValue":"WENTS","Label":"Brand","Locale":"es_ES"}},"Title":{"DisplayValue":"WENTS Bolsa Transparente de PVC Bolsa Transparente con Bolsillos con Cremallera y Correa para el Hombro Desmontable Cremallera Neceser De Cosmeticos De Mano Gran Capacidad","Label":"Title","Locale":"es_ES"}},"Offers":{"Summaries":[{"Condition":{"Value":"New"},"LowestPrice":{"Amount":11.67,"Currency":"EUR","DisplayAmount":"11,67 €"}}]}},{"ASIN":"B0BNQN89QF","DetailPageURL":"https://www.amazon.es/dp/B0BNQN89QF?tag=topinalambricos-21&linkCode=osi&th=1&psc=1","Images":{"Primary":{"Small":{"Height":75,"URL":"https://m.media-amazon.com/images/I/41m+zixsAKL._SL75_.jpg","Width":75}}},"ItemInfo":{"ByLineInfo":{"Brand":{"DisplayValue":"PUERHUACI","Label":"Brand","Locale":"es_ES"}},"Title":{"DisplayValue":"Neceser Transparente Viaje Avion,Bolsa Liquidos Avion,6 Piezas Bolso Transparente,19x14cm Neceser Viaje Avion,Bolsa Transparente Multifunción con Cremallera","Label":"Title","Locale":"es_ES"}},"Offers":{"Summaries":[{"Condition":{"Value":"New"},"LowestPrice":{"Amount":13.89,"Currency":"EUR","DisplayAmount":"13,89 €"}}]}},{"ASIN":"B0BVVKZLHT","DetailPageURL":"https://www.amazon.es/dp/B0BVVKZLHT?tag=topinalambricos-21&linkCode=osi&th=1&psc=1","Images":{"Primary":{"Small":{"Height":75,"URL":"https://m.media-amazon.com/images/I/41zd76ozzyL._SL75_.jpg","Width":75}}},"ItemInfo":{"ByLineInfo":{"Brand":{"DisplayValue":"Aucuu","Label":"Brand","Locale":"es_ES"},"Manufacturer":{"DisplayValue":"Aucuu®-EU","Label":"Manufacturer","Locale":"es_ES"}},"Title":{"DisplayValue":"Aucuu 4PCS Neceser Hombre, Transparente Neceser Viaje Avion, Bolsa liquidos Avion, Bolsa de Aseo Organizador Mujer, Viajes Accesorios, 20x20cm (Gris+ Cuerda)","Label":"Title","Locale":"es_ES"}},"Offers":{"Summaries":[{"Condition":{"Value":"New"},"LowestPrice":{"Amount":7.98,"Currency":"EUR","DisplayAmount":"7,98 €"}}]}},{"ASIN":"B0BWTJMHXF","DetailPageURL":"https://www.amazon.es/dp/B0BWTJMHXF?tag=topinalambricos-21&linkCode=osi&th=1&psc=1","Images":{"Primary":{"Small":{"Height":75,"URL":"https://m.media-amazon.com/images/I/51-Gsh1xTvL._SL75_.jpg","Width":75}}},"ItemInfo":{"ByLineInfo":{"Brand":{"DisplayValue":"talifoca","Label":"Brand","Locale":"es_ES"},"Manufacturer":{"DisplayValue":"TALIFOCA","Label":"Manufacturer","Locale":"es_ES"}},"Title":{"DisplayValue":"3 Piezas Neceser de Aseo Transparente, Bolsas Transparentes de Avión,Bolsas de Aseo Transparente,Mujer Bolsa de Cosmético Organizador,Kit de Viaje para Avión, para Mujeres y Hombres","Label":"Title","Locale":"es_ES"}},"Offers":{"Summaries":[{"Condition":{"Value":"New"},"LowestPrice":{"Amount":8.99,"Currency":"EUR","DisplayAmount":"8,99 €"}}]}},{"ASIN":"B08YNGRXNK","DetailPageURL":"https://www.amazon.es/dp/B08YNGRXNK?tag=topinalambricos-21&linkCode=osi&th=1&psc=1","Images":{"Primary":{"Small":{"Height":75,"URL":"https://m.media-amazon.com/images/I/4158WjUfRlL._SL75_.jpg","Width":75}}},"ItemInfo":{"ByLineInfo":{"Brand":{"DisplayValue":"Casio","Label":"Brand","Locale":"es_ES"},"Manufacturer":{"DisplayValue":"CASIO","Label":"Manufacturer","Locale":"es_ES"}},"Title":{"DisplayValue":"Casio Unisex-adultos Digital GA-2100SKE-7AER","Label":"Title","Locale":"es_ES"}},"Offers":{"Summaries":[{"Condition":{"Value":"New"},"LowestPrice":{"Amount":83.59,"Currency":"EUR","DisplayAmount":"83,59 €"}}]}},{"ASIN":"B0CH9FT7L6","DetailPageURL":"https://www.amazon.es/dp/B0CH9FT7L6?tag=topinalambricos-21&linkCode=osi&th=1&psc=1","Images":{"Primary":{"Small":{"Height":75,"URL":"https://m.media-amazon.com/images/I/41Zy4SoABVL._SL75_.jpg","Width":75}}},"ItemInfo":{"ByLineInfo":{"Brand":{"DisplayValue":"Smilbaley","Label":"Brand","Locale":"es_ES"},"Manufacturer":{"DisplayValue":"D-22","Label":"Manufacturer","Locale":"es_ES"}},"Title":{"DisplayValue":"Smilbaley 2 Piezas Bolsa de Gimnasia Transparente, Bolsa de Cincha Transparente, Bolsa de Gimnasia Transparente con Cordón, para Escuelas, Exteriores, Gimnasios, Playas (35×45cm)","Label":"Title","Locale":"es_ES"}},"Offers":{"Summaries":[{"Condition":{"Value":"New"},"LowestPrice":{"Amount":14.99,"Currency":"EUR","DisplayAmount":"14,99 €"}}]}}],"SearchURL":"https://www.amazon.es/s?k=transparente&rh=n%3A14223378031%2Cp_n_availability%3A-1&tag=topinalambricos-21&linkCode=osi","TotalResultCount":306}},"83":{"SearchResult":{"Items":[{"ASIN":"B07GBN7JMK","DetailPageURL":"https://www.amazon.es/dp/B07GBN7JMK?tag=topinalambricos-21&linkCode=osi&th=1&psc=1","Images":{"Primary":{"Small":{"Height":75,"URL":"https://m.media-amazon.com/images/I/31vHA+wxLoL._SL75_.jpg","Width":70}}},"ItemInfo":{"ByLineInfo":{"Brand":{"DisplayValue":"Lancoon","Label":"Brand","Locale":"es_ES"},"Manufacturer":{"DisplayValue":"Lancoon","Label":"Manufacturer","Locale":"es_ES"}},"Title":{"DisplayValue":"Lancoon Paraguas Cúpula Transparente Mujer, 16 Costillas TamañO Grande A Prueba De Viento AutomáTico Abierto KS10White","Label":"Title","Locale":"es_ES"}},"Offers":{"Summaries":[{"Condition":{"Value":"New"},"LowestPrice":{"Amount":24.99,"Currency":"EUR","DisplayAmount":"24,99 €"}}]}},{"ASIN":"B0C4YLL3QG","DetailPageURL":"https://www.amazon.es/dp/B0C4YLL3QG?tag=topinalambricos-21&linkCode=osi&th=1&psc=1","Images":{"Primary":{"Small":{"Height":75,"URL":"https://m.media-amazon.com/images/I/312yqV-pibL._SL75_.jpg","Width":64}}},"ItemInfo":{"ByLineInfo":{"Brand":{"DisplayValue":"Jissta","Label":"Brand","Locale":"es_ES"},"Manufacturer":{"DisplayValue":"Jissta","Label":"Manufacturer","Locale":"es_ES"}},"Title":{"DisplayValue":"Jissta 4 neceseres Transparentes 20 * 20CM, Bolsa para líquidos de avión, Neceser portátil, Neceser de Viaje para Mujeres y Hombres con asa","Label":"Title","Locale":"es_ES"}},"Offers":{"Summaries":[{"Condition":{"Value":"New"},"LowestPrice":{"Amount":7.99,"Currency":"EUR","DisplayAmount":"7,99 €"}}]}},{"ASIN":"B0B1V8QLLT","DetailPageURL":"https://www.amazon.es/dp/B0B1V8QLLT?tag=topinalambricos-21&linkCode=osi&th=1&psc=1","Images":{"Primary":{"Small":{"Height":75,"URL":"https://m.media-amazon.com/images/I/41aMcaqaMBL._SL75_.jpg","Width":75}}},"ItemInfo":{"ByLineInfo":{"Brand":{"DisplayValue":"Pinsheng","Label":"Brand","Locale":"es_ES"},"Manufacturer":{"DisplayValue":"Pinsheng","Label":"Manufacturer","Locale":"es_ES"}},"Title":{"DisplayValue":"Pinsheng Tirantes Transparentes Sujetador 4 Pares Transparente Hombro Tirantes Claro Sujetador Correas Correas Transparentes Invisibles Antideslizantes de Sujetador para Mujer","Label":"Title","Locale":"es_ES"}},"Offers":{"Summaries":[{"Condition":{"Value":"New"},"LowestPrice":{"Amount":3.99,"Currency":"EUR","DisplayAmount":"3,99 €"}}]}},{"ASIN":"B09C376BCW","DetailPageURL":"https://www.amazon.es/dp/B09C376BCW?tag=topinalambricos-21&linkCode=osi&th=1&psc=1","Images":{"Primary":{"Small":{"Height":75,"URL":"https://m.media-amazon.com/images/I/31DDHCgK0lL._SL75_.jpg","Width":75}}},"ItemInfo":{"ByLineInfo":{"Brand":{"DisplayValue":"Jiakalamo","Label":"Brand","Locale":"es_ES"},"Manufacturer":{"DisplayValue":"Jiakalamo","Label":"Manufacturer","Locale":"es_ES"}},"Title":{"DisplayValue":"Jiakalamo Paraguas transparente plegable, Paraguas transparente automático para bodas , Paraguas transparente plegable mujer antiviento niño bodas travel ,Cierre automático Paraguas","Label":"Title","Locale":"es_ES"}},"Offers":{"Summaries":[{"Condition":{"Value":"New"},"LowestPrice":{"Amount":16.3,"Currency":"EUR","DisplayAmount":"16,30 €"}}]}},{"ASIN":"B081RPLNK1","DetailPageURL":"https://www.amazon.es/dp/B081RPLNK1?tag=topinalambricos-21&linkCode=osi&th=1&psc=1","Images":{"Primary":{"Small":{"Height":75,"URL":"https://m.media-amazon.com/images/I/4146RIkJjkL._SL75_.jpg","Width":75}}},"ItemInfo":{"ByLineInfo":{"Brand":{"DisplayValue":"WENTS","Label":"Brand","Locale":"es_ES"}},"Title":{"DisplayValue":"WENTS Bolsa Transparente de PVC Bolsa Transparente con Bolsillos con Cremallera y Correa para el Hombro Desmontable Cremallera Neceser De Cosmeticos De Mano Gran Capacidad","Label":"Title","Locale":"es_ES"}},"Offers":{"Summaries":[{"Condition":{"Value":"New"},"LowestPrice":{"Amount":11.67,"Currency":"EUR","DisplayAmount":"11,67 €"}}]}},{"ASIN":"B0BNQN89QF","DetailPageURL":"https://www.amazon.es/dp/B0BNQN89QF?tag=topinalambricos-21&linkCode=osi&th=1&psc=1","Images":{"Primary":{"Small":{"Height":75,"URL":"https://m.media-amazon.com/images/I/41m+zixsAKL._SL75_.jpg","Width":75}}},"ItemInfo":{"ByLineInfo":{"Brand":{"DisplayValue":"PUERHUACI","Label":"Brand","Locale":"es_ES"}},"Title":{"DisplayValue":"Neceser Transparente Viaje Avion,Bolsa Liquidos Avion,6 Piezas Bolso Transparente,19x14cm Neceser Viaje Avion,Bolsa Transparente Multifunción con Cremallera","Label":"Title","Locale":"es_ES"}},"Offers":{"Summaries":[{"Condition":{"Value":"New"},"LowestPrice":{"Amount":13.89,"Currency":"EUR","DisplayAmount":"13,89 €"}}]}},{"ASIN":"B0BVVKZLHT","DetailPageURL":"https://www.amazon.es/dp/B0BVVKZLHT?tag=topinalambricos-21&linkCode=osi&th=1&psc=1","Images":{"Primary":{"Small":{"Height":75,"URL":"https://m.media-amazon.com/images/I/41zd76ozzyL._SL75_.jpg","Width":75}}},"ItemInfo":{"ByLineInfo":{"Brand":{"DisplayValue":"Aucuu","Label":"Brand","Locale":"es_ES"},"Manufacturer":{"DisplayValue":"Aucuu®-EU","Label":"Manufacturer","Locale":"es_ES"}},"Title":{"DisplayValue":"Aucuu 4PCS Neceser Hombre, Transparente Neceser Viaje Avion, Bolsa liquidos Avion, Bolsa de Aseo Organizador Mujer, Viajes Accesorios, 20x20cm (Gris+ Cuerda)","Label":"Title","Locale":"es_ES"}},"Offers":{"Summaries":[{"Condition":{"Value":"New"},"LowestPrice":{"Amount":7.98,"Currency":"EUR","DisplayAmount":"7,98 €"}}]}},{"ASIN":"B0BWTJMHXF","DetailPageURL":"https://www.amazon.es/dp/B0BWTJMHXF?tag=topinalambricos-21&linkCode=osi&th=1&psc=1","Images":{"Primary":{"Small":{"Height":75,"URL":"https://m.media-amazon.com/images/I/51-Gsh1xTvL._SL75_.jpg","Width":75}}},"ItemInfo":{"ByLineInfo":{"Brand":{"DisplayValue":"talifoca","Label":"Brand","Locale":"es_ES"},"Manufacturer":{"DisplayValue":"TALIFOCA","Label":"Manufacturer","Locale":"es_ES"}},"Title":{"DisplayValue":"3 Piezas Neceser de Aseo Transparente, Bolsas Transparentes de Avión,Bolsas de Aseo Transparente,Mujer Bolsa de Cosmético Organizador,Kit de Viaje para Avión, para Mujeres y Hombres","Label":"Title","Locale":"es_ES"}},"Offers":{"Summaries":[{"Condition":{"Value":"New"},"LowestPrice":{"Amount":8.99,"Currency":"EUR","DisplayAmount":"8,99 €"}}]}},{"ASIN":"B08YNGRXNK","DetailPageURL":"https://www.amazon.es/dp/B08YNGRXNK?tag=topinalambricos-21&linkCode=osi&th=1&psc=1","Images":{"Primary":{"Small":{"Height":75,"URL":"https://m.media-amazon.com/images/I/4158WjUfRlL._SL75_.jpg","Width":75}}},"ItemInfo":{"ByLineInfo":{"Brand":{"DisplayValue":"Casio","Label":"Brand","Locale":"es_ES"},"Manufacturer":{"DisplayValue":"CASIO","Label":"Manufacturer","Locale":"es_ES"}},"Title":{"DisplayValue":"Casio Unisex-adultos Digital GA-2100SKE-7AER","Label":"Title","Locale":"es_ES"}},"Offers":{"Summaries":[{"Condition":{"Value":"New"},"LowestPrice":{"Amount":83.59,"Currency":"EUR","DisplayAmount":"83,59 €"}}]}},{"ASIN":"B0CH9FT7L6","DetailPageURL":"https://www.amazon.es/dp/B0CH9FT7L6?tag=topinalambricos-21&linkCode=osi&th=1&psc=1","Images":{"Primary":{"Small":{"Height":75,"URL":"https://m.media-amazon.com/images/I/41Zy4SoABVL._SL75_.jpg","Width":75}}},"ItemInfo":{"ByLineInfo":{"Brand":{"DisplayValue":"Smilbaley","Label":"Brand","Locale":"es_ES"},"Manufacturer":{"DisplayValue":"D-22","Label":"Manufacturer","Locale":"es_ES"}},"Title":{"DisplayValue":"Smilbaley 2 Piezas Bolsa de Gimnasia Transparente, Bolsa de Cincha Transparente, Bolsa de Gimnasia Transparente con Cordón, para Escuelas, Exteriores, Gimnasios, Playas (35×45cm)","Label":"Title","Locale":"es_ES"}},"Offers":{"Summaries":[{"Condition":{"Value":"New"},"LowestPrice":{"Amount":14.99,"Currency":"EUR","DisplayAmount":"14,99 €"}}]}}],"SearchURL":"https://www.amazon.es/s?k=transparente&rh=n%3A14223378031%2Cp_n_availability%3A-1&tag=topinalambricos-21&linkCode=osi","TotalResultCount":306}},"84":{"SearchResult":{"Items":[{"ASIN":"B07GBN7JMK","DetailPageURL":"https://www.amazon.es/dp/B07GBN7JMK?tag=topinalambricos-21&linkCode=osi&th=1&psc=1","Images":{"Primary":{"Small":{"Height":75,"URL":"https://m.media-amazon.com/images/I/31vHA+wxLoL._SL75_.jpg","Width":70}}},"ItemInfo":{"ByLineInfo":{"Brand":{"DisplayValue":"Lancoon","Label":"Brand","Locale":"es_ES"},"Manufacturer":{"DisplayValue":"Lancoon","Label":"Manufacturer","Locale":"es_ES"}},"Title":{"DisplayValue":"Lancoon Paraguas Cúpula Transparente Mujer, 16 Costillas TamañO Grande A Prueba De Viento AutomáTico Abierto KS10White","Label":"Title","Locale":"es_ES"}},"Offers":{"Summaries":[{"Condition":{"Value":"New"},"LowestPrice":{"Amount":24.99,"Currency":"EUR","DisplayAmount":"24,99 €"}}]}},{"ASIN":"B0C4YLL3QG","DetailPageURL":"https://www.amazon.es/dp/B0C4YLL3QG?tag=topinalambricos-21&linkCode=osi&th=1&psc=1","Images":{"Primary":{"Small":{"Height":75,"URL":"https://m.media-amazon.com/images/I/312yqV-pibL._SL75_.jpg","Width":64}}},"ItemInfo":{"ByLineInfo":{"Brand":{"DisplayValue":"Jissta","Label":"Brand","Locale":"es_ES"},"Manufacturer":{"DisplayValue":"Jissta","Label":"Manufacturer","Locale":"es_ES"}},"Title":{"DisplayValue":"Jissta 4 neceseres Transparentes 20 * 20CM, Bolsa para líquidos de avión, Neceser portátil, Neceser de Viaje para Mujeres y Hombres con asa","Label":"Title","Locale":"es_ES"}},"Offers":{"Summaries":[{"Condition":{"Value":"New"},"LowestPrice":{"Amount":7.99,"Currency":"EUR","DisplayAmount":"7,99 €"}}]}},{"ASIN":"B0B1V8QLLT","DetailPageURL":"https://www.amazon.es/dp/B0B1V8QLLT?tag=topinalambricos-21&linkCode=osi&th=1&psc=1","Images":{"Primary":{"Small":{"Height":75,"URL":"https://m.media-amazon.com/images/I/41aMcaqaMBL._SL75_.jpg","Width":75}}},"ItemInfo":{"ByLineInfo":{"Brand":{"DisplayValue":"Pinsheng","Label":"Brand","Locale":"es_ES"},"Manufacturer":{"DisplayValue":"Pinsheng","Label":"Manufacturer","Locale":"es_ES"}},"Title":{"DisplayValue":"Pinsheng Tirantes Transparentes Sujetador 4 Pares Transparente Hombro Tirantes Claro Sujetador Correas Correas Transparentes Invisibles Antideslizantes de Sujetador para Mujer","Label":"Title","Locale":"es_ES"}},"Offers":{"Summaries":[{"Condition":{"Value":"New"},"LowestPrice":{"Amount":3.99,"Currency":"EUR","DisplayAmount":"3,99 €"}}]}},{"ASIN":"B09C376BCW","DetailPageURL":"https://www.amazon.es/dp/B09C376BCW?tag=topinalambricos-21&linkCode=osi&th=1&psc=1","Images":{"Primary":{"Small":{"Height":75,"URL":"https://m.media-amazon.com/images/I/31DDHCgK0lL._SL75_.jpg","Width":75}}},"ItemInfo":{"ByLineInfo":{"Brand":{"DisplayValue":"Jiakalamo","Label":"Brand","Locale":"es_ES"},"Manufacturer":{"DisplayValue":"Jiakalamo","Label":"Manufacturer","Locale":"es_ES"}},"Title":{"DisplayValue":"Jiakalamo Paraguas transparente plegable, Paraguas transparente automático para bodas , Paraguas transparente plegable mujer antiviento niño bodas travel ,Cierre automático Paraguas","Label":"Title","Locale":"es_ES"}},"Offers":{"Summaries":[{"Condition":{"Value":"New"},"LowestPrice":{"Amount":16.3,"Currency":"EUR","DisplayAmount":"16,30 €"}}]}},{"ASIN":"B081RPLNK1","DetailPageURL":"https://www.amazon.es/dp/B081RPLNK1?tag=topinalambricos-21&linkCode=osi&th=1&psc=1","Images":{"Primary":{"Small":{"Height":75,"URL":"https://m.media-amazon.com/images/I/4146RIkJjkL._SL75_.jpg","Width":75}}},"ItemInfo":{"ByLineInfo":{"Brand":{"DisplayValue":"WENTS","Label":"Brand","Locale":"es_ES"}},"Title":{"DisplayValue":"WENTS Bolsa Transparente de PVC Bolsa Transparente con Bolsillos con Cremallera y Correa para el Hombro Desmontable Cremallera Neceser De Cosmeticos De Mano Gran Capacidad","Label":"Title","Locale":"es_ES"}},"Offers":{"Summaries":[{"Condition":{"Value":"New"},"LowestPrice":{"Amount":11.67,"Currency":"EUR","DisplayAmount":"11,67 €"}}]}},{"ASIN":"B0BNQN89QF","DetailPageURL":"https://www.amazon.es/dp/B0BNQN89QF?tag=topinalambricos-21&linkCode=osi&th=1&psc=1","Images":{"Primary":{"Small":{"Height":75,"URL":"https://m.media-amazon.com/images/I/41m+zixsAKL._SL75_.jpg","Width":75}}},"ItemInfo":{"ByLineInfo":{"Brand":{"DisplayValue":"PUERHUACI","Label":"Brand","Locale":"es_ES"}},"Title":{"DisplayValue":"Neceser Transparente Viaje Avion,Bolsa Liquidos Avion,6 Piezas Bolso Transparente,19x14cm Neceser Viaje Avion,Bolsa Transparente Multifunción con Cremallera","Label":"Title","Locale":"es_ES"}},"Offers":{"Summaries":[{"Condition":{"Value":"New"},"LowestPrice":{"Amount":13.89,"Currency":"EUR","DisplayAmount":"13,89 €"}}]}},{"ASIN":"B0BVVKZLHT","DetailPageURL":"https://www.amazon.es/dp/B0BVVKZLHT?tag=topinalambricos-21&linkCode=osi&th=1&psc=1","Images":{"Primary":{"Small":{"Height":75,"URL":"https://m.media-amazon.com/images/I/41zd76ozzyL._SL75_.jpg","Width":75}}},"ItemInfo":{"ByLineInfo":{"Brand":{"DisplayValue":"Aucuu","Label":"Brand","Locale":"es_ES"},"Manufacturer":{"DisplayValue":"Aucuu®-EU","Label":"Manufacturer","Locale":"es_ES"}},"Title":{"DisplayValue":"Aucuu 4PCS Neceser Hombre, Transparente Neceser Viaje Avion, Bolsa liquidos Avion, Bolsa de Aseo Organizador Mujer, Viajes Accesorios, 20x20cm (Gris+ Cuerda)","Label":"Title","Locale":"es_ES"}},"Offers":{"Summaries":[{"Condition":{"Value":"New"},"LowestPrice":{"Amount":7.98,"Currency":"EUR","DisplayAmount":"7,98 €"}}]}},{"ASIN":"B0BWTJMHXF","DetailPageURL":"https://www.amazon.es/dp/B0BWTJMHXF?tag=topinalambricos-21&linkCode=osi&th=1&psc=1","Images":{"Primary":{"Small":{"Height":75,"URL":"https://m.media-amazon.com/images/I/51-Gsh1xTvL._SL75_.jpg","Width":75}}},"ItemInfo":{"ByLineInfo":{"Brand":{"DisplayValue":"talifoca","Label":"Brand","Locale":"es_ES"},"Manufacturer":{"DisplayValue":"TALIFOCA","Label":"Manufacturer","Locale":"es_ES"}},"Title":{"DisplayValue":"3 Piezas Neceser de Aseo Transparente, Bolsas Transparentes de Avión,Bolsas de Aseo Transparente,Mujer Bolsa de Cosmético Organizador,Kit de Viaje para Avión, para Mujeres y Hombres","Label":"Title","Locale":"es_ES"}},"Offers":{"Summaries":[{"Condition":{"Value":"New"},"LowestPrice":{"Amount":8.99,"Currency":"EUR","DisplayAmount":"8,99 €"}}]}},{"ASIN":"B08YNGRXNK","DetailPageURL":"https://www.amazon.es/dp/B08YNGRXNK?tag=topinalambricos-21&linkCode=osi&th=1&psc=1","Images":{"Primary":{"Small":{"Height":75,"URL":"https://m.media-amazon.com/images/I/4158WjUfRlL._SL75_.jpg","Width":75}}},"ItemInfo":{"ByLineInfo":{"Brand":{"DisplayValue":"Casio","Label":"Brand","Locale":"es_ES"},"Manufacturer":{"DisplayValue":"CASIO","Label":"Manufacturer","Locale":"es_ES"}},"Title":{"DisplayValue":"Casio Unisex-adultos Digital GA-2100SKE-7AER","Label":"Title","Locale":"es_ES"}},"Offers":{"Summaries":[{"Condition":{"Value":"New"},"LowestPrice":{"Amount":83.59,"Currency":"EUR","DisplayAmount":"83,59 €"}}]}},{"ASIN":"B0CH9FT7L6","DetailPageURL":"https://www.amazon.es/dp/B0CH9FT7L6?tag=topinalambricos-21&linkCode=osi&th=1&psc=1","Images":{"Primary":{"Small":{"Height":75,"URL":"https://m.media-amazon.com/images/I/41Zy4SoABVL._SL75_.jpg","Width":75}}},"ItemInfo":{"ByLineInfo":{"Brand":{"DisplayValue":"Smilbaley","Label":"Brand","Locale":"es_ES"},"Manufacturer":{"DisplayValue":"D-22","Label":"Manufacturer","Locale":"es_ES"}},"Title":{"DisplayValue":"Smilbaley 2 Piezas Bolsa de Gimnasia Transparente, Bolsa de Cincha Transparente, Bolsa de Gimnasia Transparente con Cordón, para Escuelas, Exteriores, Gimnasios, Playas (35×45cm)","Label":"Title","Locale":"es_ES"}},"Offers":{"Summaries":[{"Condition":{"Value":"New"},"LowestPrice":{"Amount":14.99,"Currency":"EUR","DisplayAmount":"14,99 €"}}]}}],"SearchURL":"https://www.amazon.es/s?k=transparente&rh=n%3A14223378031%2Cp_n_availability%3A-1&tag=topinalambricos-21&linkCode=osi","TotalResultCount":306}},"85":{"SearchResult":{"Items":[{"ASIN":"B07GBN7JMK","DetailPageURL":"https://www.amazon.es/dp/B07GBN7JMK?tag=topinalambricos-21&linkCode=osi&th=1&psc=1","Images":{"Primary":{"Small":{"Height":75,"URL":"https://m.media-amazon.com/images/I/31vHA+wxLoL._SL75_.jpg","Width":70}}},"ItemInfo":{"ByLineInfo":{"Brand":{"DisplayValue":"Lancoon","Label":"Brand","Locale":"es_ES"},"Manufacturer":{"DisplayValue":"Lancoon","Label":"Manufacturer","Locale":"es_ES"}},"Title":{"DisplayValue":"Lancoon Paraguas Cúpula Transparente Mujer, 16 Costillas TamañO Grande A Prueba De Viento AutomáTico Abierto KS10White","Label":"Title","Locale":"es_ES"}},"Offers":{"Summaries":[{"Condition":{"Value":"New"},"LowestPrice":{"Amount":24.99,"Currency":"EUR","DisplayAmount":"24,99 €"}}]}},{"ASIN":"B0C4YLL3QG","DetailPageURL":"https://www.amazon.es/dp/B0C4YLL3QG?tag=topinalambricos-21&linkCode=osi&th=1&psc=1","Images":{"Primary":{"Small":{"Height":75,"URL":"https://m.media-amazon.com/images/I/312yqV-pibL._SL75_.jpg","Width":64}}},"ItemInfo":{"ByLineInfo":{"Brand":{"DisplayValue":"Jissta","Label":"Brand","Locale":"es_ES"},"Manufacturer":{"DisplayValue":"Jissta","Label":"Manufacturer","Locale":"es_ES"}},"Title":{"DisplayValue":"Jissta 4 neceseres Transparentes 20 * 20CM, Bolsa para líquidos de avión, Neceser portátil, Neceser de Viaje para Mujeres y Hombres con asa","Label":"Title","Locale":"es_ES"}},"Offers":{"Summaries":[{"Condition":{"Value":"New"},"LowestPrice":{"Amount":7.99,"Currency":"EUR","DisplayAmount":"7,99 €"}}]}},{"ASIN":"B0B1V8QLLT","DetailPageURL":"https://www.amazon.es/dp/B0B1V8QLLT?tag=topinalambricos-21&linkCode=osi&th=1&psc=1","Images":{"Primary":{"Small":{"Height":75,"URL":"https://m.media-amazon.com/images/I/41aMcaqaMBL._SL75_.jpg","Width":75}}},"ItemInfo":{"ByLineInfo":{"Brand":{"DisplayValue":"Pinsheng","Label":"Brand","Locale":"es_ES"},"Manufacturer":{"DisplayValue":"Pinsheng","Label":"Manufacturer","Locale":"es_ES"}},"Title":{"DisplayValue":"Pinsheng Tirantes Transparentes Sujetador 4 Pares Transparente Hombro Tirantes Claro Sujetador Correas Correas Transparentes Invisibles Antideslizantes de Sujetador para Mujer","Label":"Title","Locale":"es_ES"}},"Offers":{"Summaries":[{"Condition":{"Value":"New"},"LowestPrice":{"Amount":3.99,"Currency":"EUR","DisplayAmount":"3,99 €"}}]}},{"ASIN":"B09C376BCW","DetailPageURL":"https://www.amazon.es/dp/B09C376BCW?tag=topinalambricos-21&linkCode=osi&th=1&psc=1","Images":{"Primary":{"Small":{"Height":75,"URL":"https://m.media-amazon.com/images/I/31DDHCgK0lL._SL75_.jpg","Width":75}}},"ItemInfo":{"ByLineInfo":{"Brand":{"DisplayValue":"Jiakalamo","Label":"Brand","Locale":"es_ES"},"Manufacturer":{"DisplayValue":"Jiakalamo","Label":"Manufacturer","Locale":"es_ES"}},"Title":{"DisplayValue":"Jiakalamo Paraguas transparente plegable, Paraguas transparente automático para bodas , Paraguas transparente plegable mujer antiviento niño bodas travel ,Cierre automático Paraguas","Label":"Title","Locale":"es_ES"}},"Offers":{"Summaries":[{"Condition":{"Value":"New"},"LowestPrice":{"Amount":16.3,"Currency":"EUR","DisplayAmount":"16,30 €"}}]}},{"ASIN":"B081RPLNK1","DetailPageURL":"https://www.amazon.es/dp/B081RPLNK1?tag=topinalambricos-21&linkCode=osi&th=1&psc=1","Images":{"Primary":{"Small":{"Height":75,"URL":"https://m.media-amazon.com/images/I/4146RIkJjkL._SL75_.jpg","Width":75}}},"ItemInfo":{"ByLineInfo":{"Brand":{"DisplayValue":"WENTS","Label":"Brand","Locale":"es_ES"}},"Title":{"DisplayValue":"WENTS Bolsa Transparente de PVC Bolsa Transparente con Bolsillos con Cremallera y Correa para el Hombro Desmontable Cremallera Neceser De Cosmeticos De Mano Gran Capacidad","Label":"Title","Locale":"es_ES"}},"Offers":{"Summaries":[{"Condition":{"Value":"New"},"LowestPrice":{"Amount":11.67,"Currency":"EUR","DisplayAmount":"11,67 €"}}]}},{"ASIN":"B0BNQN89QF","DetailPageURL":"https://www.amazon.es/dp/B0BNQN89QF?tag=topinalambricos-21&linkCode=osi&th=1&psc=1","Images":{"Primary":{"Small":{"Height":75,"URL":"https://m.media-amazon.com/images/I/41m+zixsAKL._SL75_.jpg","Width":75}}},"ItemInfo":{"ByLineInfo":{"Brand":{"DisplayValue":"PUERHUACI","Label":"Brand","Locale":"es_ES"}},"Title":{"DisplayValue":"Neceser Transparente Viaje Avion,Bolsa Liquidos Avion,6 Piezas Bolso Transparente,19x14cm Neceser Viaje Avion,Bolsa Transparente Multifunción con Cremallera","Label":"Title","Locale":"es_ES"}},"Offers":{"Summaries":[{"Condition":{"Value":"New"},"LowestPrice":{"Amount":13.89,"Currency":"EUR","DisplayAmount":"13,89 €"}}]}},{"ASIN":"B0BVVKZLHT","DetailPageURL":"https://www.amazon.es/dp/B0BVVKZLHT?tag=topinalambricos-21&linkCode=osi&th=1&psc=1","Images":{"Primary":{"Small":{"Height":75,"URL":"https://m.media-amazon.com/images/I/41zd76ozzyL._SL75_.jpg","Width":75}}},"ItemInfo":{"ByLineInfo":{"Brand":{"DisplayValue":"Aucuu","Label":"Brand","Locale":"es_ES"},"Manufacturer":{"DisplayValue":"Aucuu®-EU","Label":"Manufacturer","Locale":"es_ES"}},"Title":{"DisplayValue":"Aucuu 4PCS Neceser Hombre, Transparente Neceser Viaje Avion, Bolsa liquidos Avion, Bolsa de Aseo Organizador Mujer, Viajes Accesorios, 20x20cm (Gris+ Cuerda)","Label":"Title","Locale":"es_ES"}},"Offers":{"Summaries":[{"Condition":{"Value":"New"},"LowestPrice":{"Amount":7.98,"Currency":"EUR","DisplayAmount":"7,98 €"}}]}},{"ASIN":"B0BWTJMHXF","DetailPageURL":"https://www.amazon.es/dp/B0BWTJMHXF?tag=topinalambricos-21&linkCode=osi&th=1&psc=1","Images":{"Primary":{"Small":{"Height":75,"URL":"https://m.media-amazon.com/images/I/51-Gsh1xTvL._SL75_.jpg","Width":75}}},"ItemInfo":{"ByLineInfo":{"Brand":{"DisplayValue":"talifoca","Label":"Brand","Locale":"es_ES"},"Manufacturer":{"DisplayValue":"TALIFOCA","Label":"Manufacturer","Locale":"es_ES"}},"Title":{"DisplayValue":"3 Piezas Neceser de Aseo Transparente, Bolsas Transparentes de Avión,Bolsas de Aseo Transparente,Mujer Bolsa de Cosmético Organizador,Kit de Viaje para Avión, para Mujeres y Hombres","Label":"Title","Locale":"es_ES"}},"Offers":{"Summaries":[{"Condition":{"Value":"New"},"LowestPrice":{"Amount":8.99,"Currency":"EUR","DisplayAmount":"8,99 €"}}]}},{"ASIN":"B08YNGRXNK","DetailPageURL":"https://www.amazon.es/dp/B08YNGRXNK?tag=topinalambricos-21&linkCode=osi&th=1&psc=1","Images":{"Primary":{"Small":{"Height":75,"URL":"https://m.media-amazon.com/images/I/4158WjUfRlL._SL75_.jpg","Width":75}}},"ItemInfo":{"ByLineInfo":{"Brand":{"DisplayValue":"Casio","Label":"Brand","Locale":"es_ES"},"Manufacturer":{"DisplayValue":"CASIO","Label":"Manufacturer","Locale":"es_ES"}},"Title":{"DisplayValue":"Casio Unisex-adultos Digital GA-2100SKE-7AER","Label":"Title","Locale":"es_ES"}},"Offers":{"Summaries":[{"Condition":{"Value":"New"},"LowestPrice":{"Amount":83.59,"Currency":"EUR","DisplayAmount":"83,59 €"}}]}},{"ASIN":"B0CH9FT7L6","DetailPageURL":"https://www.amazon.es/dp/B0CH9FT7L6?tag=topinalambricos-21&linkCode=osi&th=1&psc=1","Images":{"Primary":{"Small":{"Height":75,"URL":"https://m.media-amazon.com/images/I/41Zy4SoABVL._SL75_.jpg","Width":75}}},"ItemInfo":{"ByLineInfo":{"Brand":{"DisplayValue":"Smilbaley","Label":"Brand","Locale":"es_ES"},"Manufacturer":{"DisplayValue":"D-22","Label":"Manufacturer","Locale":"es_ES"}},"Title":{"DisplayValue":"Smilbaley 2 Piezas Bolsa de Gimnasia Transparente, Bolsa de Cincha Transparente, Bolsa de Gimnasia Transparente con Cordón, para Escuelas, Exteriores, Gimnasios, Playas (35×45cm)","Label":"Title","Locale":"es_ES"}},"Offers":{"Summaries":[{"Condition":{"Value":"New"},"LowestPrice":{"Amount":14.99,"Currency":"EUR","DisplayAmount":"14,99 €"}}]}}],"SearchURL":"https://www.amazon.es/s?k=transparente&rh=n%3A14223378031%2Cp_n_availability%3A-1&tag=topinalambricos-21&linkCode=osi","TotalResultCount":306}},"86":{"SearchResult":{"Items":[{"ASIN":"B07GBN7JMK","DetailPageURL":"https://www.amazon.es/dp/B07GBN7JMK?tag=topinalambricos-21&linkCode=osi&th=1&psc=1","Images":{"Primary":{"Small":{"Height":75,"URL":"https://m.media-amazon.com/images/I/31vHA+wxLoL._SL75_.jpg","Width":70}}},"ItemInfo":{"ByLineInfo":{"Brand":{"DisplayValue":"Lancoon","Label":"Brand","Locale":"es_ES"},"Manufacturer":{"DisplayValue":"Lancoon","Label":"Manufacturer","Locale":"es_ES"}},"Title":{"DisplayValue":"Lancoon Paraguas Cúpula Transparente Mujer, 16 Costillas TamañO Grande A Prueba De Viento AutomáTico Abierto KS10White","Label":"Title","Locale":"es_ES"}},"Offers":{"Summaries":[{"Condition":{"Value":"New"},"LowestPrice":{"Amount":24.99,"Currency":"EUR","DisplayAmount":"24,99 €"}}]}},{"ASIN":"B0C4YLL3QG","DetailPageURL":"https://www.amazon.es/dp/B0C4YLL3QG?tag=topinalambricos-21&linkCode=osi&th=1&psc=1","Images":{"Primary":{"Small":{"Height":75,"URL":"https://m.media-amazon.com/images/I/312yqV-pibL._SL75_.jpg","Width":64}}},"ItemInfo":{"ByLineInfo":{"Brand":{"DisplayValue":"Jissta","Label":"Brand","Locale":"es_ES"},"Manufacturer":{"DisplayValue":"Jissta","Label":"Manufacturer","Locale":"es_ES"}},"Title":{"DisplayValue":"Jissta 4 neceseres Transparentes 20 * 20CM, Bolsa para líquidos de avión, Neceser portátil, Neceser de Viaje para Mujeres y Hombres con asa","Label":"Title","Locale":"es_ES"}},"Offers":{"Summaries":[{"Condition":{"Value":"New"},"LowestPrice":{"Amount":7.99,"Currency":"EUR","DisplayAmount":"7,99 €"}}]}},{"ASIN":"B0B1V8QLLT","DetailPageURL":"https://www.amazon.es/dp/B0B1V8QLLT?tag=topinalambricos-21&linkCode=osi&th=1&psc=1","Images":{"Primary":{"Small":{"Height":75,"URL":"https://m.media-amazon.com/images/I/41aMcaqaMBL._SL75_.jpg","Width":75}}},"ItemInfo":{"ByLineInfo":{"Brand":{"DisplayValue":"Pinsheng","Label":"Brand","Locale":"es_ES"},"Manufacturer":{"DisplayValue":"Pinsheng","Label":"Manufacturer","Locale":"es_ES"}},"Title":{"DisplayValue":"Pinsheng Tirantes Transparentes Sujetador 4 Pares Transparente Hombro Tirantes Claro Sujetador Correas Correas Transparentes Invisibles Antideslizantes de Sujetador para Mujer","Label":"Title","Locale":"es_ES"}},"Offers":{"Summaries":[{"Condition":{"Value":"New"},"LowestPrice":{"Amount":3.99,"Currency":"EUR","DisplayAmount":"3,99 €"}}]}},{"ASIN":"B09C376BCW","DetailPageURL":"https://www.amazon.es/dp/B09C376BCW?tag=topinalambricos-21&linkCode=osi&th=1&psc=1","Images":{"Primary":{"Small":{"Height":75,"URL":"https://m.media-amazon.com/images/I/31DDHCgK0lL._SL75_.jpg","Width":75}}},"ItemInfo":{"ByLineInfo":{"Brand":{"DisplayValue":"Jiakalamo","Label":"Brand","Locale":"es_ES"},"Manufacturer":{"DisplayValue":"Jiakalamo","Label":"Manufacturer","Locale":"es_ES"}},"Title":{"DisplayValue":"Jiakalamo Paraguas transparente plegable, Paraguas transparente automático para bodas , Paraguas transparente plegable mujer antiviento niño bodas travel ,Cierre automático Paraguas","Label":"Title","Locale":"es_ES"}},"Offers":{"Summaries":[{"Condition":{"Value":"New"},"LowestPrice":{"Amount":16.3,"Currency":"EUR","DisplayAmount":"16,30 €"}}]}},{"ASIN":"B081RPLNK1","DetailPageURL":"https://www.amazon.es/dp/B081RPLNK1?tag=topinalambricos-21&linkCode=osi&th=1&psc=1","Images":{"Primary":{"Small":{"Height":75,"URL":"https://m.media-amazon.com/images/I/4146RIkJjkL._SL75_.jpg","Width":75}}},"ItemInfo":{"ByLineInfo":{"Brand":{"DisplayValue":"WENTS","Label":"Brand","Locale":"es_ES"}},"Title":{"DisplayValue":"WENTS Bolsa Transparente de PVC Bolsa Transparente con Bolsillos con Cremallera y Correa para el Hombro Desmontable Cremallera Neceser De Cosmeticos De Mano Gran Capacidad","Label":"Title","Locale":"es_ES"}},"Offers":{"Summaries":[{"Condition":{"Value":"New"},"LowestPrice":{"Amount":11.67,"Currency":"EUR","DisplayAmount":"11,67 €"}}]}},{"ASIN":"B0BNQN89QF","DetailPageURL":"https://www.amazon.es/dp/B0BNQN89QF?tag=topinalambricos-21&linkCode=osi&th=1&psc=1","Images":{"Primary":{"Small":{"Height":75,"URL":"https://m.media-amazon.com/images/I/41m+zixsAKL._SL75_.jpg","Width":75}}},"ItemInfo":{"ByLineInfo":{"Brand":{"DisplayValue":"PUERHUACI","Label":"Brand","Locale":"es_ES"}},"Title":{"DisplayValue":"Neceser Transparente Viaje Avion,Bolsa Liquidos Avion,6 Piezas Bolso Transparente,19x14cm Neceser Viaje Avion,Bolsa Transparente Multifunción con Cremallera","Label":"Title","Locale":"es_ES"}},"Offers":{"Summaries":[{"Condition":{"Value":"New"},"LowestPrice":{"Amount":13.89,"Currency":"EUR","DisplayAmount":"13,89 €"}}]}},{"ASIN":"B0BVVKZLHT","DetailPageURL":"https://www.amazon.es/dp/B0BVVKZLHT?tag=topinalambricos-21&linkCode=osi&th=1&psc=1","Images":{"Primary":{"Small":{"Height":75,"URL":"https://m.media-amazon.com/images/I/41zd76ozzyL._SL75_.jpg","Width":75}}},"ItemInfo":{"ByLineInfo":{"Brand":{"DisplayValue":"Aucuu","Label":"Brand","Locale":"es_ES"},"Manufacturer":{"DisplayValue":"Aucuu®-EU","Label":"Manufacturer","Locale":"es_ES"}},"Title":{"DisplayValue":"Aucuu 4PCS Neceser Hombre, Transparente Neceser Viaje Avion, Bolsa liquidos Avion, Bolsa de Aseo Organizador Mujer, Viajes Accesorios, 20x20cm (Gris+ Cuerda)","Label":"Title","Locale":"es_ES"}},"Offers":{"Summaries":[{"Condition":{"Value":"New"},"LowestPrice":{"Amount":7.98,"Currency":"EUR","DisplayAmount":"7,98 €"}}]}},{"ASIN":"B0BWTJMHXF","DetailPageURL":"https://www.amazon.es/dp/B0BWTJMHXF?tag=topinalambricos-21&linkCode=osi&th=1&psc=1","Images":{"Primary":{"Small":{"Height":75,"URL":"https://m.media-amazon.com/images/I/51-Gsh1xTvL._SL75_.jpg","Width":75}}},"ItemInfo":{"ByLineInfo":{"Brand":{"DisplayValue":"talifoca","Label":"Brand","Locale":"es_ES"},"Manufacturer":{"DisplayValue":"TALIFOCA","Label":"Manufacturer","Locale":"es_ES"}},"Title":{"DisplayValue":"3 Piezas Neceser de Aseo Transparente, Bolsas Transparentes de Avión,Bolsas de Aseo Transparente,Mujer Bolsa de Cosmético Organizador,Kit de Viaje para Avión, para Mujeres y Hombres","Label":"Title","Locale":"es_ES"}},"Offers":{"Summaries":[{"Condition":{"Value":"New"},"LowestPrice":{"Amount":8.99,"Currency":"EUR","DisplayAmount":"8,99 €"}}]}},{"ASIN":"B08YNGRXNK","DetailPageURL":"https://www.amazon.es/dp/B08YNGRXNK?tag=topinalambricos-21&linkCode=osi&th=1&psc=1","Images":{"Primary":{"Small":{"Height":75,"URL":"https://m.media-amazon.com/images/I/4158WjUfRlL._SL75_.jpg","Width":75}}},"ItemInfo":{"ByLineInfo":{"Brand":{"DisplayValue":"Casio","Label":"Brand","Locale":"es_ES"},"Manufacturer":{"DisplayValue":"CASIO","Label":"Manufacturer","Locale":"es_ES"}},"Title":{"DisplayValue":"Casio Unisex-adultos Digital GA-2100SKE-7AER","Label":"Title","Locale":"es_ES"}},"Offers":{"Summaries":[{"Condition":{"Value":"New"},"LowestPrice":{"Amount":83.59,"Currency":"EUR","DisplayAmount":"83,59 €"}}]}},{"ASIN":"B0CH9FT7L6","DetailPageURL":"https://www.amazon.es/dp/B0CH9FT7L6?tag=topinalambricos-21&linkCode=osi&th=1&psc=1","Images":{"Primary":{"Small":{"Height":75,"URL":"https://m.media-amazon.com/images/I/41Zy4SoABVL._SL75_.jpg","Width":75}}},"ItemInfo":{"ByLineInfo":{"Brand":{"DisplayValue":"Smilbaley","Label":"Brand","Locale":"es_ES"},"Manufacturer":{"DisplayValue":"D-22","Label":"Manufacturer","Locale":"es_ES"}},"Title":{"DisplayValue":"Smilbaley 2 Piezas Bolsa de Gimnasia Transparente, Bolsa de Cincha Transparente, Bolsa de Gimnasia Transparente con Cordón, para Escuelas, Exteriores, Gimnasios, Playas (35×45cm)","Label":"Title","Locale":"es_ES"}},"Offers":{"Summaries":[{"Condition":{"Value":"New"},"LowestPrice":{"Amount":14.99,"Currency":"EUR","DisplayAmount":"14,99 €"}}]}}],"SearchURL":"https://www.amazon.es/s?k=transparente&rh=n%3A14223378031%2Cp_n_availability%3A-1&tag=topinalambricos-21&linkCode=osi","TotalResultCount":306}},"87":{"SearchResult":{"Items":[{"ASIN":"B07GBN7JMK","DetailPageURL":"https://www.amazon.es/dp/B07GBN7JMK?tag=topinalambricos-21&linkCode=osi&th=1&psc=1","Images":{"Primary":{"Small":{"Height":75,"URL":"https://m.media-amazon.com/images/I/31vHA+wxLoL._SL75_.jpg","Width":70}}},"ItemInfo":{"ByLineInfo":{"Brand":{"DisplayValue":"Lancoon","Label":"Brand","Locale":"es_ES"},"Manufacturer":{"DisplayValue":"Lancoon","Label":"Manufacturer","Locale":"es_ES"}},"Title":{"DisplayValue":"Lancoon Paraguas Cúpula Transparente Mujer, 16 Costillas TamañO Grande A Prueba De Viento AutomáTico Abierto KS10White","Label":"Title","Locale":"es_ES"}},"Offers":{"Summaries":[{"Condition":{"Value":"New"},"LowestPrice":{"Amount":24.99,"Currency":"EUR","DisplayAmount":"24,99 €"}}]}},{"ASIN":"B0C4YLL3QG","DetailPageURL":"https://www.amazon.es/dp/B0C4YLL3QG?tag=topinalambricos-21&linkCode=osi&th=1&psc=1","Images":{"Primary":{"Small":{"Height":75,"URL":"https://m.media-amazon.com/images/I/312yqV-pibL._SL75_.jpg","Width":64}}},"ItemInfo":{"ByLineInfo":{"Brand":{"DisplayValue":"Jissta","Label":"Brand","Locale":"es_ES"},"Manufacturer":{"DisplayValue":"Jissta","Label":"Manufacturer","Locale":"es_ES"}},"Title":{"DisplayValue":"Jissta 4 neceseres Transparentes 20 * 20CM, Bolsa para líquidos de avión, Neceser portátil, Neceser de Viaje para Mujeres y Hombres con asa","Label":"Title","Locale":"es_ES"}},"Offers":{"Summaries":[{"Condition":{"Value":"New"},"LowestPrice":{"Amount":7.99,"Currency":"EUR","DisplayAmount":"7,99 €"}}]}},{"ASIN":"B0B1V8QLLT","DetailPageURL":"https://www.amazon.es/dp/B0B1V8QLLT?tag=topinalambricos-21&linkCode=osi&th=1&psc=1","Images":{"Primary":{"Small":{"Height":75,"URL":"https://m.media-amazon.com/images/I/41aMcaqaMBL._SL75_.jpg","Width":75}}},"ItemInfo":{"ByLineInfo":{"Brand":{"DisplayValue":"Pinsheng","Label":"Brand","Locale":"es_ES"},"Manufacturer":{"DisplayValue":"Pinsheng","Label":"Manufacturer","Locale":"es_ES"}},"Title":{"DisplayValue":"Pinsheng Tirantes Transparentes Sujetador 4 Pares Transparente Hombro Tirantes Claro Sujetador Correas Correas Transparentes Invisibles Antideslizantes de Sujetador para Mujer","Label":"Title","Locale":"es_ES"}},"Offers":{"Summaries":[{"Condition":{"Value":"New"},"LowestPrice":{"Amount":3.99,"Currency":"EUR","DisplayAmount":"3,99 €"}}]}},{"ASIN":"B09C376BCW","DetailPageURL":"https://www.amazon.es/dp/B09C376BCW?tag=topinalambricos-21&linkCode=osi&th=1&psc=1","Images":{"Primary":{"Small":{"Height":75,"URL":"https://m.media-amazon.com/images/I/31DDHCgK0lL._SL75_.jpg","Width":75}}},"ItemInfo":{"ByLineInfo":{"Brand":{"DisplayValue":"Jiakalamo","Label":"Brand","Locale":"es_ES"},"Manufacturer":{"DisplayValue":"Jiakalamo","Label":"Manufacturer","Locale":"es_ES"}},"Title":{"DisplayValue":"Jiakalamo Paraguas transparente plegable, Paraguas transparente automático para bodas , Paraguas transparente plegable mujer antiviento niño bodas travel ,Cierre automático Paraguas","Label":"Title","Locale":"es_ES"}},"Offers":{"Summaries":[{"Condition":{"Value":"New"},"LowestPrice":{"Amount":16.3,"Currency":"EUR","DisplayAmount":"16,30 €"}}]}},{"ASIN":"B081RPLNK1","DetailPageURL":"https://www.amazon.es/dp/B081RPLNK1?tag=topinalambricos-21&linkCode=osi&th=1&psc=1","Images":{"Primary":{"Small":{"Height":75,"URL":"https://m.media-amazon.com/images/I/4146RIkJjkL._SL75_.jpg","Width":75}}},"ItemInfo":{"ByLineInfo":{"Brand":{"DisplayValue":"WENTS","Label":"Brand","Locale":"es_ES"}},"Title":{"DisplayValue":"WENTS Bolsa Transparente de PVC Bolsa Transparente con Bolsillos con Cremallera y Correa para el Hombro Desmontable Cremallera Neceser De Cosmeticos De Mano Gran Capacidad","Label":"Title","Locale":"es_ES"}},"Offers":{"Summaries":[{"Condition":{"Value":"New"},"LowestPrice":{"Amount":11.67,"Currency":"EUR","DisplayAmount":"11,67 €"}}]}},{"ASIN":"B0BNQN89QF","DetailPageURL":"https://www.amazon.es/dp/B0BNQN89QF?tag=topinalambricos-21&linkCode=osi&th=1&psc=1","Images":{"Primary":{"Small":{"Height":75,"URL":"https://m.media-amazon.com/images/I/41m+zixsAKL._SL75_.jpg","Width":75}}},"ItemInfo":{"ByLineInfo":{"Brand":{"DisplayValue":"PUERHUACI","Label":"Brand","Locale":"es_ES"}},"Title":{"DisplayValue":"Neceser Transparente Viaje Avion,Bolsa Liquidos Avion,6 Piezas Bolso Transparente,19x14cm Neceser Viaje Avion,Bolsa Transparente Multifunción con Cremallera","Label":"Title","Locale":"es_ES"}},"Offers":{"Summaries":[{"Condition":{"Value":"New"},"LowestPrice":{"Amount":13.89,"Currency":"EUR","DisplayAmount":"13,89 €"}}]}},{"ASIN":"B0BVVKZLHT","DetailPageURL":"https://www.amazon.es/dp/B0BVVKZLHT?tag=topinalambricos-21&linkCode=osi&th=1&psc=1","Images":{"Primary":{"Small":{"Height":75,"URL":"https://m.media-amazon.com/images/I/41zd76ozzyL._SL75_.jpg","Width":75}}},"ItemInfo":{"ByLineInfo":{"Brand":{"DisplayValue":"Aucuu","Label":"Brand","Locale":"es_ES"},"Manufacturer":{"DisplayValue":"Aucuu®-EU","Label":"Manufacturer","Locale":"es_ES"}},"Title":{"DisplayValue":"Aucuu 4PCS Neceser Hombre, Transparente Neceser Viaje Avion, Bolsa liquidos Avion, Bolsa de Aseo Organizador Mujer, Viajes Accesorios, 20x20cm (Gris+ Cuerda)","Label":"Title","Locale":"es_ES"}},"Offers":{"Summaries":[{"Condition":{"Value":"New"},"LowestPrice":{"Amount":7.98,"Currency":"EUR","DisplayAmount":"7,98 €"}}]}},{"ASIN":"B0BWTJMHXF","DetailPageURL":"https://www.amazon.es/dp/B0BWTJMHXF?tag=topinalambricos-21&linkCode=osi&th=1&psc=1","Images":{"Primary":{"Small":{"Height":75,"URL":"https://m.media-amazon.com/images/I/51-Gsh1xTvL._SL75_.jpg","Width":75}}},"ItemInfo":{"ByLineInfo":{"Brand":{"DisplayValue":"talifoca","Label":"Brand","Locale":"es_ES"},"Manufacturer":{"DisplayValue":"TALIFOCA","Label":"Manufacturer","Locale":"es_ES"}},"Title":{"DisplayValue":"3 Piezas Neceser de Aseo Transparente, Bolsas Transparentes de Avión,Bolsas de Aseo Transparente,Mujer Bolsa de Cosmético Organizador,Kit de Viaje para Avión, para Mujeres y Hombres","Label":"Title","Locale":"es_ES"}},"Offers":{"Summaries":[{"Condition":{"Value":"New"},"LowestPrice":{"Amount":8.99,"Currency":"EUR","DisplayAmount":"8,99 €"}}]}},{"ASIN":"B08YNGRXNK","DetailPageURL":"https://www.amazon.es/dp/B08YNGRXNK?tag=topinalambricos-21&linkCode=osi&th=1&psc=1","Images":{"Primary":{"Small":{"Height":75,"URL":"https://m.media-amazon.com/images/I/4158WjUfRlL._SL75_.jpg","Width":75}}},"ItemInfo":{"ByLineInfo":{"Brand":{"DisplayValue":"Casio","Label":"Brand","Locale":"es_ES"},"Manufacturer":{"DisplayValue":"CASIO","Label":"Manufacturer","Locale":"es_ES"}},"Title":{"DisplayValue":"Casio Unisex-adultos Digital GA-2100SKE-7AER","Label":"Title","Locale":"es_ES"}},"Offers":{"Summaries":[{"Condition":{"Value":"New"},"LowestPrice":{"Amount":83.59,"Currency":"EUR","DisplayAmount":"83,59 €"}}]}},{"ASIN":"B0CH9FT7L6","DetailPageURL":"https://www.amazon.es/dp/B0CH9FT7L6?tag=topinalambricos-21&linkCode=osi&th=1&psc=1","Images":{"Primary":{"Small":{"Height":75,"URL":"https://m.media-amazon.com/images/I/41Zy4SoABVL._SL75_.jpg","Width":75}}},"ItemInfo":{"ByLineInfo":{"Brand":{"DisplayValue":"Smilbaley","Label":"Brand","Locale":"es_ES"},"Manufacturer":{"DisplayValue":"D-22","Label":"Manufacturer","Locale":"es_ES"}},"Title":{"DisplayValue":"Smilbaley 2 Piezas Bolsa de Gimnasia Transparente, Bolsa de Cincha Transparente, Bolsa de Gimnasia Transparente con Cordón, para Escuelas, Exteriores, Gimnasios, Playas (35×45cm)","Label":"Title","Locale":"es_ES"}},"Offers":{"Summaries":[{"Condition":{"Value":"New"},"LowestPrice":{"Amount":14.99,"Currency":"EUR","DisplayAmount":"14,99 €"}}]}}],"SearchURL":"https://www.amazon.es/s?k=transparente&rh=n%3A14223378031%2Cp_n_availability%3A-1&tag=topinalambricos-21&linkCode=osi","TotalResultCount":306}},"88":{"SearchResult":{"Items":[{"ASIN":"B07GBN7JMK","DetailPageURL":"https://www.amazon.es/dp/B07GBN7JMK?tag=topinalambricos-21&linkCode=osi&th=1&psc=1","Images":{"Primary":{"Small":{"Height":75,"URL":"https://m.media-amazon.com/images/I/31vHA+wxLoL._SL75_.jpg","Width":70}}},"ItemInfo":{"ByLineInfo":{"Brand":{"DisplayValue":"Lancoon","Label":"Brand","Locale":"es_ES"},"Manufacturer":{"DisplayValue":"Lancoon","Label":"Manufacturer","Locale":"es_ES"}},"Title":{"DisplayValue":"Lancoon Paraguas Cúpula Transparente Mujer, 16 Costillas TamañO Grande A Prueba De Viento AutomáTico Abierto KS10White","Label":"Title","Locale":"es_ES"}},"Offers":{"Summaries":[{"Condition":{"Value":"New"},"LowestPrice":{"Amount":24.99,"Currency":"EUR","DisplayAmount":"24,99 €"}}]}},{"ASIN":"B0C4YLL3QG","DetailPageURL":"https://www.amazon.es/dp/B0C4YLL3QG?tag=topinalambricos-21&linkCode=osi&th=1&psc=1","Images":{"Primary":{"Small":{"Height":75,"URL":"https://m.media-amazon.com/images/I/312yqV-pibL._SL75_.jpg","Width":64}}},"ItemInfo":{"ByLineInfo":{"Brand":{"DisplayValue":"Jissta","Label":"Brand","Locale":"es_ES"},"Manufacturer":{"DisplayValue":"Jissta","Label":"Manufacturer","Locale":"es_ES"}},"Title":{"DisplayValue":"Jissta 4 neceseres Transparentes 20 * 20CM, Bolsa para líquidos de avión, Neceser portátil, Neceser de Viaje para Mujeres y Hombres con asa","Label":"Title","Locale":"es_ES"}},"Offers":{"Summaries":[{"Condition":{"Value":"New"},"LowestPrice":{"Amount":7.99,"Currency":"EUR","DisplayAmount":"7,99 €"}}]}},{"ASIN":"B0B1V8QLLT","DetailPageURL":"https://www.amazon.es/dp/B0B1V8QLLT?tag=topinalambricos-21&linkCode=osi&th=1&psc=1","Images":{"Primary":{"Small":{"Height":75,"URL":"https://m.media-amazon.com/images/I/41aMcaqaMBL._SL75_.jpg","Width":75}}},"ItemInfo":{"ByLineInfo":{"Brand":{"DisplayValue":"Pinsheng","Label":"Brand","Locale":"es_ES"},"Manufacturer":{"DisplayValue":"Pinsheng","Label":"Manufacturer","Locale":"es_ES"}},"Title":{"DisplayValue":"Pinsheng Tirantes Transparentes Sujetador 4 Pares Transparente Hombro Tirantes Claro Sujetador Correas Correas Transparentes Invisibles Antideslizantes de Sujetador para Mujer","Label":"Title","Locale":"es_ES"}},"Offers":{"Summaries":[{"Condition":{"Value":"New"},"LowestPrice":{"Amount":3.99,"Currency":"EUR","DisplayAmount":"3,99 €"}}]}},{"ASIN":"B09C376BCW","DetailPageURL":"https://www.amazon.es/dp/B09C376BCW?tag=topinalambricos-21&linkCode=osi&th=1&psc=1","Images":{"Primary":{"Small":{"Height":75,"URL":"https://m.media-amazon.com/images/I/31DDHCgK0lL._SL75_.jpg","Width":75}}},"ItemInfo":{"ByLineInfo":{"Brand":{"DisplayValue":"Jiakalamo","Label":"Brand","Locale":"es_ES"},"Manufacturer":{"DisplayValue":"Jiakalamo","Label":"Manufacturer","Locale":"es_ES"}},"Title":{"DisplayValue":"Jiakalamo Paraguas transparente plegable, Paraguas transparente automático para bodas , Paraguas transparente plegable mujer antiviento niño bodas travel ,Cierre automático Paraguas","Label":"Title","Locale":"es_ES"}},"Offers":{"Summaries":[{"Condition":{"Value":"New"},"LowestPrice":{"Amount":16.3,"Currency":"EUR","DisplayAmount":"16,30 €"}}]}},{"ASIN":"B081RPLNK1","DetailPageURL":"https://www.amazon.es/dp/B081RPLNK1?tag=topinalambricos-21&linkCode=osi&th=1&psc=1","Images":{"Primary":{"Small":{"Height":75,"URL":"https://m.media-amazon.com/images/I/4146RIkJjkL._SL75_.jpg","Width":75}}},"ItemInfo":{"ByLineInfo":{"Brand":{"DisplayValue":"WENTS","Label":"Brand","Locale":"es_ES"}},"Title":{"DisplayValue":"WENTS Bolsa Transparente de PVC Bolsa Transparente con Bolsillos con Cremallera y Correa para el Hombro Desmontable Cremallera Neceser De Cosmeticos De Mano Gran Capacidad","Label":"Title","Locale":"es_ES"}},"Offers":{"Summaries":[{"Condition":{"Value":"New"},"LowestPrice":{"Amount":11.67,"Currency":"EUR","DisplayAmount":"11,67 €"}}]}},{"ASIN":"B0BNQN89QF","DetailPageURL":"https://www.amazon.es/dp/B0BNQN89QF?tag=topinalambricos-21&linkCode=osi&th=1&psc=1","Images":{"Primary":{"Small":{"Height":75,"URL":"https://m.media-amazon.com/images/I/41m+zixsAKL._SL75_.jpg","Width":75}}},"ItemInfo":{"ByLineInfo":{"Brand":{"DisplayValue":"PUERHUACI","Label":"Brand","Locale":"es_ES"}},"Title":{"DisplayValue":"Neceser Transparente Viaje Avion,Bolsa Liquidos Avion,6 Piezas Bolso Transparente,19x14cm Neceser Viaje Avion,Bolsa Transparente Multifunción con Cremallera","Label":"Title","Locale":"es_ES"}},"Offers":{"Summaries":[{"Condition":{"Value":"New"},"LowestPrice":{"Amount":13.89,"Currency":"EUR","DisplayAmount":"13,89 €"}}]}},{"ASIN":"B0BVVKZLHT","DetailPageURL":"https://www.amazon.es/dp/B0BVVKZLHT?tag=topinalambricos-21&linkCode=osi&th=1&psc=1","Images":{"Primary":{"Small":{"Height":75,"URL":"https://m.media-amazon.com/images/I/41zd76ozzyL._SL75_.jpg","Width":75}}},"ItemInfo":{"ByLineInfo":{"Brand":{"DisplayValue":"Aucuu","Label":"Brand","Locale":"es_ES"},"Manufacturer":{"DisplayValue":"Aucuu®-EU","Label":"Manufacturer","Locale":"es_ES"}},"Title":{"DisplayValue":"Aucuu 4PCS Neceser Hombre, Transparente Neceser Viaje Avion, Bolsa liquidos Avion, Bolsa de Aseo Organizador Mujer, Viajes Accesorios, 20x20cm (Gris+ Cuerda)","Label":"Title","Locale":"es_ES"}},"Offers":{"Summaries":[{"Condition":{"Value":"New"},"LowestPrice":{"Amount":7.98,"Currency":"EUR","DisplayAmount":"7,98 €"}}]}},{"ASIN":"B0BWTJMHXF","DetailPageURL":"https://www.amazon.es/dp/B0BWTJMHXF?tag=topinalambricos-21&linkCode=osi&th=1&psc=1","Images":{"Primary":{"Small":{"Height":75,"URL":"https://m.media-amazon.com/images/I/51-Gsh1xTvL._SL75_.jpg","Width":75}}},"ItemInfo":{"ByLineInfo":{"Brand":{"DisplayValue":"talifoca","Label":"Brand","Locale":"es_ES"},"Manufacturer":{"DisplayValue":"TALIFOCA","Label":"Manufacturer","Locale":"es_ES"}},"Title":{"DisplayValue":"3 Piezas Neceser de Aseo Transparente, Bolsas Transparentes de Avión,Bolsas de Aseo Transparente,Mujer Bolsa de Cosmético Organizador,Kit de Viaje para Avión, para Mujeres y Hombres","Label":"Title","Locale":"es_ES"}},"Offers":{"Summaries":[{"Condition":{"Value":"New"},"LowestPrice":{"Amount":8.99,"Currency":"EUR","DisplayAmount":"8,99 €"}}]}},{"ASIN":"B08YNGRXNK","DetailPageURL":"https://www.amazon.es/dp/B08YNGRXNK?tag=topinalambricos-21&linkCode=osi&th=1&psc=1","Images":{"Primary":{"Small":{"Height":75,"URL":"https://m.media-amazon.com/images/I/4158WjUfRlL._SL75_.jpg","Width":75}}},"ItemInfo":{"ByLineInfo":{"Brand":{"DisplayValue":"Casio","Label":"Brand","Locale":"es_ES"},"Manufacturer":{"DisplayValue":"CASIO","Label":"Manufacturer","Locale":"es_ES"}},"Title":{"DisplayValue":"Casio Unisex-adultos Digital GA-2100SKE-7AER","Label":"Title","Locale":"es_ES"}},"Offers":{"Summaries":[{"Condition":{"Value":"New"},"LowestPrice":{"Amount":83.59,"Currency":"EUR","DisplayAmount":"83,59 €"}}]}},{"ASIN":"B0CH9FT7L6","DetailPageURL":"https://www.amazon.es/dp/B0CH9FT7L6?tag=topinalambricos-21&linkCode=osi&th=1&psc=1","Images":{"Primary":{"Small":{"Height":75,"URL":"https://m.media-amazon.com/images/I/41Zy4SoABVL._SL75_.jpg","Width":75}}},"ItemInfo":{"ByLineInfo":{"Brand":{"DisplayValue":"Smilbaley","Label":"Brand","Locale":"es_ES"},"Manufacturer":{"DisplayValue":"D-22","Label":"Manufacturer","Locale":"es_ES"}},"Title":{"DisplayValue":"Smilbaley 2 Piezas Bolsa de Gimnasia Transparente, Bolsa de Cincha Transparente, Bolsa de Gimnasia Transparente con Cordón, para Escuelas, Exteriores, Gimnasios, Playas (35×45cm)","Label":"Title","Locale":"es_ES"}},"Offers":{"Summaries":[{"Condition":{"Value":"New"},"LowestPrice":{"Amount":14.99,"Currency":"EUR","DisplayAmount":"14,99 €"}}]}}],"SearchURL":"https://www.amazon.es/s?k=transparente&rh=n%3A14223378031%2Cp_n_availability%3A-1&tag=topinalambricos-21&linkCode=osi","TotalResultCount":306}},"89":{"SearchResult":{"Items":[{"ASIN":"B07GBN7JMK","DetailPageURL":"https://www.amazon.es/dp/B07GBN7JMK?tag=topinalambricos-21&linkCode=osi&th=1&psc=1","Images":{"Primary":{"Small":{"Height":75,"URL":"https://m.media-amazon.com/images/I/31vHA+wxLoL._SL75_.jpg","Width":70}}},"ItemInfo":{"ByLineInfo":{"Brand":{"DisplayValue":"Lancoon","Label":"Brand","Locale":"es_ES"},"Manufacturer":{"DisplayValue":"Lancoon","Label":"Manufacturer","Locale":"es_ES"}},"Title":{"DisplayValue":"Lancoon Paraguas Cúpula Transparente Mujer, 16 Costillas TamañO Grande A Prueba De Viento AutomáTico Abierto KS10White","Label":"Title","Locale":"es_ES"}},"Offers":{"Summaries":[{"Condition":{"Value":"New"},"LowestPrice":{"Amount":24.99,"Currency":"EUR","DisplayAmount":"24,99 €"}}]}},{"ASIN":"B0C4YLL3QG","DetailPageURL":"https://www.amazon.es/dp/B0C4YLL3QG?tag=topinalambricos-21&linkCode=osi&th=1&psc=1","Images":{"Primary":{"Small":{"Height":75,"URL":"https://m.media-amazon.com/images/I/312yqV-pibL._SL75_.jpg","Width":64}}},"ItemInfo":{"ByLineInfo":{"Brand":{"DisplayValue":"Jissta","Label":"Brand","Locale":"es_ES"},"Manufacturer":{"DisplayValue":"Jissta","Label":"Manufacturer","Locale":"es_ES"}},"Title":{"DisplayValue":"Jissta 4 neceseres Transparentes 20 * 20CM, Bolsa para líquidos de avión, Neceser portátil, Neceser de Viaje para Mujeres y Hombres con asa","Label":"Title","Locale":"es_ES"}},"Offers":{"Summaries":[{"Condition":{"Value":"New"},"LowestPrice":{"Amount":7.99,"Currency":"EUR","DisplayAmount":"7,99 €"}}]}},{"ASIN":"B0B1V8QLLT","DetailPageURL":"https://www.amazon.es/dp/B0B1V8QLLT?tag=topinalambricos-21&linkCode=osi&th=1&psc=1","Images":{"Primary":{"Small":{"Height":75,"URL":"https://m.media-amazon.com/images/I/41aMcaqaMBL._SL75_.jpg","Width":75}}},"ItemInfo":{"ByLineInfo":{"Brand":{"DisplayValue":"Pinsheng","Label":"Brand","Locale":"es_ES"},"Manufacturer":{"DisplayValue":"Pinsheng","Label":"Manufacturer","Locale":"es_ES"}},"Title":{"DisplayValue":"Pinsheng Tirantes Transparentes Sujetador 4 Pares Transparente Hombro Tirantes Claro Sujetador Correas Correas Transparentes Invisibles Antideslizantes de Sujetador para Mujer","Label":"Title","Locale":"es_ES"}},"Offers":{"Summaries":[{"Condition":{"Value":"New"},"LowestPrice":{"Amount":3.99,"Currency":"EUR","DisplayAmount":"3,99 €"}}]}},{"ASIN":"B09C376BCW","DetailPageURL":"https://www.amazon.es/dp/B09C376BCW?tag=topinalambricos-21&linkCode=osi&th=1&psc=1","Images":{"Primary":{"Small":{"Height":75,"URL":"https://m.media-amazon.com/images/I/31DDHCgK0lL._SL75_.jpg","Width":75}}},"ItemInfo":{"ByLineInfo":{"Brand":{"DisplayValue":"Jiakalamo","Label":"Brand","Locale":"es_ES"},"Manufacturer":{"DisplayValue":"Jiakalamo","Label":"Manufacturer","Locale":"es_ES"}},"Title":{"DisplayValue":"Jiakalamo Paraguas transparente plegable, Paraguas transparente automático para bodas , Paraguas transparente plegable mujer antiviento niño bodas travel ,Cierre automático Paraguas","Label":"Title","Locale":"es_ES"}},"Offers":{"Summaries":[{"Condition":{"Value":"New"},"LowestPrice":{"Amount":16.3,"Currency":"EUR","DisplayAmount":"16,30 €"}}]}},{"ASIN":"B081RPLNK1","DetailPageURL":"https://www.amazon.es/dp/B081RPLNK1?tag=topinalambricos-21&linkCode=osi&th=1&psc=1","Images":{"Primary":{"Small":{"Height":75,"URL":"https://m.media-amazon.com/images/I/4146RIkJjkL._SL75_.jpg","Width":75}}},"ItemInfo":{"ByLineInfo":{"Brand":{"DisplayValue":"WENTS","Label":"Brand","Locale":"es_ES"}},"Title":{"DisplayValue":"WENTS Bolsa Transparente de PVC Bolsa Transparente con Bolsillos con Cremallera y Correa para el Hombro Desmontable Cremallera Neceser De Cosmeticos De Mano Gran Capacidad","Label":"Title","Locale":"es_ES"}},"Offers":{"Summaries":[{"Condition":{"Value":"New"},"LowestPrice":{"Amount":11.67,"Currency":"EUR","DisplayAmount":"11,67 €"}}]}},{"ASIN":"B0BNQN89QF","DetailPageURL":"https://www.amazon.es/dp/B0BNQN89QF?tag=topinalambricos-21&linkCode=osi&th=1&psc=1","Images":{"Primary":{"Small":{"Height":75,"URL":"https://m.media-amazon.com/images/I/41m+zixsAKL._SL75_.jpg","Width":75}}},"ItemInfo":{"ByLineInfo":{"Brand":{"DisplayValue":"PUERHUACI","Label":"Brand","Locale":"es_ES"}},"Title":{"DisplayValue":"Neceser Transparente Viaje Avion,Bolsa Liquidos Avion,6 Piezas Bolso Transparente,19x14cm Neceser Viaje Avion,Bolsa Transparente Multifunción con Cremallera","Label":"Title","Locale":"es_ES"}},"Offers":{"Summaries":[{"Condition":{"Value":"New"},"LowestPrice":{"Amount":13.89,"Currency":"EUR","DisplayAmount":"13,89 €"}}]}},{"ASIN":"B0BVVKZLHT","DetailPageURL":"https://www.amazon.es/dp/B0BVVKZLHT?tag=topinalambricos-21&linkCode=osi&th=1&psc=1","Images":{"Primary":{"Small":{"Height":75,"URL":"https://m.media-amazon.com/images/I/41zd76ozzyL._SL75_.jpg","Width":75}}},"ItemInfo":{"ByLineInfo":{"Brand":{"DisplayValue":"Aucuu","Label":"Brand","Locale":"es_ES"},"Manufacturer":{"DisplayValue":"Aucuu®-EU","Label":"Manufacturer","Locale":"es_ES"}},"Title":{"DisplayValue":"Aucuu 4PCS Neceser Hombre, Transparente Neceser Viaje Avion, Bolsa liquidos Avion, Bolsa de Aseo Organizador Mujer, Viajes Accesorios, 20x20cm (Gris+ Cuerda)","Label":"Title","Locale":"es_ES"}},"Offers":{"Summaries":[{"Condition":{"Value":"New"},"LowestPrice":{"Amount":7.98,"Currency":"EUR","DisplayAmount":"7,98 €"}}]}},{"ASIN":"B0BWTJMHXF","DetailPageURL":"https://www.amazon.es/dp/B0BWTJMHXF?tag=topinalambricos-21&linkCode=osi&th=1&psc=1","Images":{"Primary":{"Small":{"Height":75,"URL":"https://m.media-amazon.com/images/I/51-Gsh1xTvL._SL75_.jpg","Width":75}}},"ItemInfo":{"ByLineInfo":{"Brand":{"DisplayValue":"talifoca","Label":"Brand","Locale":"es_ES"},"Manufacturer":{"DisplayValue":"TALIFOCA","Label":"Manufacturer","Locale":"es_ES"}},"Title":{"DisplayValue":"3 Piezas Neceser de Aseo Transparente, Bolsas Transparentes de Avión,Bolsas de Aseo Transparente,Mujer Bolsa de Cosmético Organizador,Kit de Viaje para Avión, para Mujeres y Hombres","Label":"Title","Locale":"es_ES"}},"Offers":{"Summaries":[{"Condition":{"Value":"New"},"LowestPrice":{"Amount":8.99,"Currency":"EUR","DisplayAmount":"8,99 €"}}]}},{"ASIN":"B08YNGRXNK","DetailPageURL":"https://www.amazon.es/dp/B08YNGRXNK?tag=topinalambricos-21&linkCode=osi&th=1&psc=1","Images":{"Primary":{"Small":{"Height":75,"URL":"https://m.media-amazon.com/images/I/4158WjUfRlL._SL75_.jpg","Width":75}}},"ItemInfo":{"ByLineInfo":{"Brand":{"DisplayValue":"Casio","Label":"Brand","Locale":"es_ES"},"Manufacturer":{"DisplayValue":"CASIO","Label":"Manufacturer","Locale":"es_ES"}},"Title":{"DisplayValue":"Casio Unisex-adultos Digital GA-2100SKE-7AER","Label":"Title","Locale":"es_ES"}},"Offers":{"Summaries":[{"Condition":{"Value":"New"},"LowestPrice":{"Amount":83.59,"Currency":"EUR","DisplayAmount":"83,59 €"}}]}},{"ASIN":"B0CH9FT7L6","DetailPageURL":"https://www.amazon.es/dp/B0CH9FT7L6?tag=topinalambricos-21&linkCode=osi&th=1&psc=1","Images":{"Primary":{"Small":{"Height":75,"URL":"https://m.media-amazon.com/images/I/41Zy4SoABVL._SL75_.jpg","Width":75}}},"ItemInfo":{"ByLineInfo":{"Brand":{"DisplayValue":"Smilbaley","Label":"Brand","Locale":"es_ES"},"Manufacturer":{"DisplayValue":"D-22","Label":"Manufacturer","Locale":"es_ES"}},"Title":{"DisplayValue":"Smilbaley 2 Piezas Bolsa de Gimnasia Transparente, Bolsa de Cincha Transparente, Bolsa de Gimnasia Transparente con Cordón, para Escuelas, Exteriores, Gimnasios, Playas (35×45cm)","Label":"Title","Locale":"es_ES"}},"Offers":{"Summaries":[{"Condition":{"Value":"New"},"LowestPrice":{"Amount":14.99,"Currency":"EUR","DisplayAmount":"14,99 €"}}]}}],"SearchURL":"https://www.amazon.es/s?k=transparente&rh=n%3A14223378031%2Cp_n_availability%3A-1&tag=topinalambricos-21&linkCode=osi","TotalResultCount":306}},"91":{"SearchResult":{"Items":[{"ASIN":"B07GBN7JMK","DetailPageURL":"https://www.amazon.es/dp/B07GBN7JMK?tag=topinalambricos-21&linkCode=osi&th=1&psc=1","Images":{"Primary":{"Small":{"Height":75,"URL":"https://m.media-amazon.com/images/I/31vHA+wxLoL._SL75_.jpg","Width":70}}},"ItemInfo":{"ByLineInfo":{"Brand":{"DisplayValue":"Lancoon","Label":"Brand","Locale":"es_ES"},"Manufacturer":{"DisplayValue":"Lancoon","Label":"Manufacturer","Locale":"es_ES"}},"Title":{"DisplayValue":"Lancoon Paraguas Cúpula Transparente Mujer, 16 Costillas TamañO Grande A Prueba De Viento AutomáTico Abierto KS10White","Label":"Title","Locale":"es_ES"}},"Offers":{"Summaries":[{"Condition":{"Value":"New"},"LowestPrice":{"Amount":24.99,"Currency":"EUR","DisplayAmount":"24,99 €"}}]}},{"ASIN":"B0C4YLL3QG","DetailPageURL":"https://www.amazon.es/dp/B0C4YLL3QG?tag=topinalambricos-21&linkCode=osi&th=1&psc=1","Images":{"Primary":{"Small":{"Height":75,"URL":"https://m.media-amazon.com/images/I/312yqV-pibL._SL75_.jpg","Width":64}}},"ItemInfo":{"ByLineInfo":{"Brand":{"DisplayValue":"Jissta","Label":"Brand","Locale":"es_ES"},"Manufacturer":{"DisplayValue":"Jissta","Label":"Manufacturer","Locale":"es_ES"}},"Title":{"DisplayValue":"Jissta 4 neceseres Transparentes 20 * 20CM, Bolsa para líquidos de avión, Neceser portátil, Neceser de Viaje para Mujeres y Hombres con asa","Label":"Title","Locale":"es_ES"}},"Offers":{"Summaries":[{"Condition":{"Value":"New"},"LowestPrice":{"Amount":7.99,"Currency":"EUR","DisplayAmount":"7,99 €"}}]}},{"ASIN":"B0B1V8QLLT","DetailPageURL":"https://www.amazon.es/dp/B0B1V8QLLT?tag=topinalambricos-21&linkCode=osi&th=1&psc=1","Images":{"Primary":{"Small":{"Height":75,"URL":"https://m.media-amazon.com/images/I/41aMcaqaMBL._SL75_.jpg","Width":75}}},"ItemInfo":{"ByLineInfo":{"Brand":{"DisplayValue":"Pinsheng","Label":"Brand","Locale":"es_ES"},"Manufacturer":{"DisplayValue":"Pinsheng","Label":"Manufacturer","Locale":"es_ES"}},"Title":{"DisplayValue":"Pinsheng Tirantes Transparentes Sujetador 4 Pares Transparente Hombro Tirantes Claro Sujetador Correas Correas Transparentes Invisibles Antideslizantes de Sujetador para Mujer","Label":"Title","Locale":"es_ES"}},"Offers":{"Summaries":[{"Condition":{"Value":"New"},"LowestPrice":{"Amount":3.99,"Currency":"EUR","DisplayAmount":"3,99 €"}}]}},{"ASIN":"B09C376BCW","DetailPageURL":"https://www.amazon.es/dp/B09C376BCW?tag=topinalambricos-21&linkCode=osi&th=1&psc=1","Images":{"Primary":{"Small":{"Height":75,"URL":"https://m.media-amazon.com/images/I/31DDHCgK0lL._SL75_.jpg","Width":75}}},"ItemInfo":{"ByLineInfo":{"Brand":{"DisplayValue":"Jiakalamo","Label":"Brand","Locale":"es_ES"},"Manufacturer":{"DisplayValue":"Jiakalamo","Label":"Manufacturer","Locale":"es_ES"}},"Title":{"DisplayValue":"Jiakalamo Paraguas transparente plegable, Paraguas transparente automático para bodas , Paraguas transparente plegable mujer antiviento niño bodas travel ,Cierre automático Paraguas","Label":"Title","Locale":"es_ES"}},"Offers":{"Summaries":[{"Condition":{"Value":"New"},"LowestPrice":{"Amount":16.3,"Currency":"EUR","DisplayAmount":"16,30 €"}}]}},{"ASIN":"B081RPLNK1","DetailPageURL":"https://www.amazon.es/dp/B081RPLNK1?tag=topinalambricos-21&linkCode=osi&th=1&psc=1","Images":{"Primary":{"Small":{"Height":75,"URL":"https://m.media-amazon.com/images/I/4146RIkJjkL._SL75_.jpg","Width":75}}},"ItemInfo":{"ByLineInfo":{"Brand":{"DisplayValue":"WENTS","Label":"Brand","Locale":"es_ES"}},"Title":{"DisplayValue":"WENTS Bolsa Transparente de PVC Bolsa Transparente con Bolsillos con Cremallera y Correa para el Hombro Desmontable Cremallera Neceser De Cosmeticos De Mano Gran Capacidad","Label":"Title","Locale":"es_ES"}},"Offers":{"Summaries":[{"Condition":{"Value":"New"},"LowestPrice":{"Amount":11.67,"Currency":"EUR","DisplayAmount":"11,67 €"}}]}},{"ASIN":"B0BNQN89QF","DetailPageURL":"https://www.amazon.es/dp/B0BNQN89QF?tag=topinalambricos-21&linkCode=osi&th=1&psc=1","Images":{"Primary":{"Small":{"Height":75,"URL":"https://m.media-amazon.com/images/I/41m+zixsAKL._SL75_.jpg","Width":75}}},"ItemInfo":{"ByLineInfo":{"Brand":{"DisplayValue":"PUERHUACI","Label":"Brand","Locale":"es_ES"}},"Title":{"DisplayValue":"Neceser Transparente Viaje Avion,Bolsa Liquidos Avion,6 Piezas Bolso Transparente,19x14cm Neceser Viaje Avion,Bolsa Transparente Multifunción con Cremallera","Label":"Title","Locale":"es_ES"}},"Offers":{"Summaries":[{"Condition":{"Value":"New"},"LowestPrice":{"Amount":13.89,"Currency":"EUR","DisplayAmount":"13,89 €"}}]}},{"ASIN":"B0BVVKZLHT","DetailPageURL":"https://www.amazon.es/dp/B0BVVKZLHT?tag=topinalambricos-21&linkCode=osi&th=1&psc=1","Images":{"Primary":{"Small":{"Height":75,"URL":"https://m.media-amazon.com/images/I/41zd76ozzyL._SL75_.jpg","Width":75}}},"ItemInfo":{"ByLineInfo":{"Brand":{"DisplayValue":"Aucuu","Label":"Brand","Locale":"es_ES"},"Manufacturer":{"DisplayValue":"Aucuu®-EU","Label":"Manufacturer","Locale":"es_ES"}},"Title":{"DisplayValue":"Aucuu 4PCS Neceser Hombre, Transparente Neceser Viaje Avion, Bolsa liquidos Avion, Bolsa de Aseo Organizador Mujer, Viajes Accesorios, 20x20cm (Gris+ Cuerda)","Label":"Title","Locale":"es_ES"}},"Offers":{"Summaries":[{"Condition":{"Value":"New"},"LowestPrice":{"Amount":7.98,"Currency":"EUR","DisplayAmount":"7,98 €"}}]}},{"ASIN":"B0BWTJMHXF","DetailPageURL":"https://www.amazon.es/dp/B0BWTJMHXF?tag=topinalambricos-21&linkCode=osi&th=1&psc=1","Images":{"Primary":{"Small":{"Height":75,"URL":"https://m.media-amazon.com/images/I/51-Gsh1xTvL._SL75_.jpg","Width":75}}},"ItemInfo":{"ByLineInfo":{"Brand":{"DisplayValue":"talifoca","Label":"Brand","Locale":"es_ES"},"Manufacturer":{"DisplayValue":"TALIFOCA","Label":"Manufacturer","Locale":"es_ES"}},"Title":{"DisplayValue":"3 Piezas Neceser de Aseo Transparente, Bolsas Transparentes de Avión,Bolsas de Aseo Transparente,Mujer Bolsa de Cosmético Organizador,Kit de Viaje para Avión, para Mujeres y Hombres","Label":"Title","Locale":"es_ES"}},"Offers":{"Summaries":[{"Condition":{"Value":"New"},"LowestPrice":{"Amount":8.99,"Currency":"EUR","DisplayAmount":"8,99 €"}}]}},{"ASIN":"B08YNGRXNK","DetailPageURL":"https://www.amazon.es/dp/B08YNGRXNK?tag=topinalambricos-21&linkCode=osi&th=1&psc=1","Images":{"Primary":{"Small":{"Height":75,"URL":"https://m.media-amazon.com/images/I/4158WjUfRlL._SL75_.jpg","Width":75}}},"ItemInfo":{"ByLineInfo":{"Brand":{"DisplayValue":"Casio","Label":"Brand","Locale":"es_ES"},"Manufacturer":{"DisplayValue":"CASIO","Label":"Manufacturer","Locale":"es_ES"}},"Title":{"DisplayValue":"Casio Unisex-adultos Digital GA-2100SKE-7AER","Label":"Title","Locale":"es_ES"}},"Offers":{"Summaries":[{"Condition":{"Value":"New"},"LowestPrice":{"Amount":83.59,"Currency":"EUR","DisplayAmount":"83,59 €"}}]}},{"ASIN":"B0CH9FT7L6","DetailPageURL":"https://www.amazon.es/dp/B0CH9FT7L6?tag=topinalambricos-21&linkCode=osi&th=1&psc=1","Images":{"Primary":{"Small":{"Height":75,"URL":"https://m.media-amazon.com/images/I/41Zy4SoABVL._SL75_.jpg","Width":75}}},"ItemInfo":{"ByLineInfo":{"Brand":{"DisplayValue":"Smilbaley","Label":"Brand","Locale":"es_ES"},"Manufacturer":{"DisplayValue":"D-22","Label":"Manufacturer","Locale":"es_ES"}},"Title":{"DisplayValue":"Smilbaley 2 Piezas Bolsa de Gimnasia Transparente, Bolsa de Cincha Transparente, Bolsa de Gimnasia Transparente con Cordón, para Escuelas, Exteriores, Gimnasios, Playas (35×45cm)","Label":"Title","Locale":"es_ES"}},"Offers":{"Summaries":[{"Condition":{"Value":"New"},"LowestPrice":{"Amount":14.99,"Currency":"EUR","DisplayAmount":"14,99 €"}}]}}],"SearchURL":"https://www.amazon.es/s?k=transparente&rh=n%3A14223378031%2Cp_n_availability%3A-1&tag=topinalambricos-21&linkCode=osi","TotalResultCount":306}},"92":{"SearchResult":{"Items":[{"ASIN":"B07GBN7JMK","DetailPageURL":"https://www.amazon.es/dp/B07GBN7JMK?tag=topinalambricos-21&linkCode=osi&th=1&psc=1","Images":{"Primary":{"Small":{"Height":75,"URL":"https://m.media-amazon.com/images/I/31vHA+wxLoL._SL75_.jpg","Width":70}}},"ItemInfo":{"ByLineInfo":{"Brand":{"DisplayValue":"Lancoon","Label":"Brand","Locale":"es_ES"},"Manufacturer":{"DisplayValue":"Lancoon","Label":"Manufacturer","Locale":"es_ES"}},"Title":{"DisplayValue":"Lancoon Paraguas Cúpula Transparente Mujer, 16 Costillas TamañO Grande A Prueba De Viento AutomáTico Abierto KS10White","Label":"Title","Locale":"es_ES"}},"Offers":{"Summaries":[{"Condition":{"Value":"New"},"LowestPrice":{"Amount":24.99,"Currency":"EUR","DisplayAmount":"24,99 €"}}]}},{"ASIN":"B0C4YLL3QG","DetailPageURL":"https://www.amazon.es/dp/B0C4YLL3QG?tag=topinalambricos-21&linkCode=osi&th=1&psc=1","Images":{"Primary":{"Small":{"Height":75,"URL":"https://m.media-amazon.com/images/I/312yqV-pibL._SL75_.jpg","Width":64}}},"ItemInfo":{"ByLineInfo":{"Brand":{"DisplayValue":"Jissta","Label":"Brand","Locale":"es_ES"},"Manufacturer":{"DisplayValue":"Jissta","Label":"Manufacturer","Locale":"es_ES"}},"Title":{"DisplayValue":"Jissta 4 neceseres Transparentes 20 * 20CM, Bolsa para líquidos de avión, Neceser portátil, Neceser de Viaje para Mujeres y Hombres con asa","Label":"Title","Locale":"es_ES"}},"Offers":{"Summaries":[{"Condition":{"Value":"New"},"LowestPrice":{"Amount":7.99,"Currency":"EUR","DisplayAmount":"7,99 €"}}]}},{"ASIN":"B0B1V8QLLT","DetailPageURL":"https://www.amazon.es/dp/B0B1V8QLLT?tag=topinalambricos-21&linkCode=osi&th=1&psc=1","Images":{"Primary":{"Small":{"Height":75,"URL":"https://m.media-amazon.com/images/I/41aMcaqaMBL._SL75_.jpg","Width":75}}},"ItemInfo":{"ByLineInfo":{"Brand":{"DisplayValue":"Pinsheng","Label":"Brand","Locale":"es_ES"},"Manufacturer":{"DisplayValue":"Pinsheng","Label":"Manufacturer","Locale":"es_ES"}},"Title":{"DisplayValue":"Pinsheng Tirantes Transparentes Sujetador 4 Pares Transparente Hombro Tirantes Claro Sujetador Correas Correas Transparentes Invisibles Antideslizantes de Sujetador para Mujer","Label":"Title","Locale":"es_ES"}},"Offers":{"Summaries":[{"Condition":{"Value":"New"},"LowestPrice":{"Amount":3.99,"Currency":"EUR","DisplayAmount":"3,99 €"}}]}},{"ASIN":"B09C376BCW","DetailPageURL":"https://www.amazon.es/dp/B09C376BCW?tag=topinalambricos-21&linkCode=osi&th=1&psc=1","Images":{"Primary":{"Small":{"Height":75,"URL":"https://m.media-amazon.com/images/I/31DDHCgK0lL._SL75_.jpg","Width":75}}},"ItemInfo":{"ByLineInfo":{"Brand":{"DisplayValue":"Jiakalamo","Label":"Brand","Locale":"es_ES"},"Manufacturer":{"DisplayValue":"Jiakalamo","Label":"Manufacturer","Locale":"es_ES"}},"Title":{"DisplayValue":"Jiakalamo Paraguas transparente plegable, Paraguas transparente automático para bodas , Paraguas transparente plegable mujer antiviento niño bodas travel ,Cierre automático Paraguas","Label":"Title","Locale":"es_ES"}},"Offers":{"Summaries":[{"Condition":{"Value":"New"},"LowestPrice":{"Amount":16.3,"Currency":"EUR","DisplayAmount":"16,30 €"}}]}},{"ASIN":"B081RPLNK1","DetailPageURL":"https://www.amazon.es/dp/B081RPLNK1?tag=topinalambricos-21&linkCode=osi&th=1&psc=1","Images":{"Primary":{"Small":{"Height":75,"URL":"https://m.media-amazon.com/images/I/4146RIkJjkL._SL75_.jpg","Width":75}}},"ItemInfo":{"ByLineInfo":{"Brand":{"DisplayValue":"WENTS","Label":"Brand","Locale":"es_ES"}},"Title":{"DisplayValue":"WENTS Bolsa Transparente de PVC Bolsa Transparente con Bolsillos con Cremallera y Correa para el Hombro Desmontable Cremallera Neceser De Cosmeticos De Mano Gran Capacidad","Label":"Title","Locale":"es_ES"}},"Offers":{"Summaries":[{"Condition":{"Value":"New"},"LowestPrice":{"Amount":11.67,"Currency":"EUR","DisplayAmount":"11,67 €"}}]}},{"ASIN":"B0BNQN89QF","DetailPageURL":"https://www.amazon.es/dp/B0BNQN89QF?tag=topinalambricos-21&linkCode=osi&th=1&psc=1","Images":{"Primary":{"Small":{"Height":75,"URL":"https://m.media-amazon.com/images/I/41m+zixsAKL._SL75_.jpg","Width":75}}},"ItemInfo":{"ByLineInfo":{"Brand":{"DisplayValue":"PUERHUACI","Label":"Brand","Locale":"es_ES"}},"Title":{"DisplayValue":"Neceser Transparente Viaje Avion,Bolsa Liquidos Avion,6 Piezas Bolso Transparente,19x14cm Neceser Viaje Avion,Bolsa Transparente Multifunción con Cremallera","Label":"Title","Locale":"es_ES"}},"Offers":{"Summaries":[{"Condition":{"Value":"New"},"LowestPrice":{"Amount":13.89,"Currency":"EUR","DisplayAmount":"13,89 €"}}]}},{"ASIN":"B0BVVKZLHT","DetailPageURL":"https://www.amazon.es/dp/B0BVVKZLHT?tag=topinalambricos-21&linkCode=osi&th=1&psc=1","Images":{"Primary":{"Small":{"Height":75,"URL":"https://m.media-amazon.com/images/I/41zd76ozzyL._SL75_.jpg","Width":75}}},"ItemInfo":{"ByLineInfo":{"Brand":{"DisplayValue":"Aucuu","Label":"Brand","Locale":"es_ES"},"Manufacturer":{"DisplayValue":"Aucuu®-EU","Label":"Manufacturer","Locale":"es_ES"}},"Title":{"DisplayValue":"Aucuu 4PCS Neceser Hombre, Transparente Neceser Viaje Avion, Bolsa liquidos Avion, Bolsa de Aseo Organizador Mujer, Viajes Accesorios, 20x20cm (Gris+ Cuerda)","Label":"Title","Locale":"es_ES"}},"Offers":{"Summaries":[{"Condition":{"Value":"New"},"LowestPrice":{"Amount":7.98,"Currency":"EUR","DisplayAmount":"7,98 €"}}]}},{"ASIN":"B0BWTJMHXF","DetailPageURL":"https://www.amazon.es/dp/B0BWTJMHXF?tag=topinalambricos-21&linkCode=osi&th=1&psc=1","Images":{"Primary":{"Small":{"Height":75,"URL":"https://m.media-amazon.com/images/I/51-Gsh1xTvL._SL75_.jpg","Width":75}}},"ItemInfo":{"ByLineInfo":{"Brand":{"DisplayValue":"talifoca","Label":"Brand","Locale":"es_ES"},"Manufacturer":{"DisplayValue":"TALIFOCA","Label":"Manufacturer","Locale":"es_ES"}},"Title":{"DisplayValue":"3 Piezas Neceser de Aseo Transparente, Bolsas Transparentes de Avión,Bolsas de Aseo Transparente,Mujer Bolsa de Cosmético Organizador,Kit de Viaje para Avión, para Mujeres y Hombres","Label":"Title","Locale":"es_ES"}},"Offers":{"Summaries":[{"Condition":{"Value":"New"},"LowestPrice":{"Amount":8.99,"Currency":"EUR","DisplayAmount":"8,99 €"}}]}},{"ASIN":"B08YNGRXNK","DetailPageURL":"https://www.amazon.es/dp/B08YNGRXNK?tag=topinalambricos-21&linkCode=osi&th=1&psc=1","Images":{"Primary":{"Small":{"Height":75,"URL":"https://m.media-amazon.com/images/I/4158WjUfRlL._SL75_.jpg","Width":75}}},"ItemInfo":{"ByLineInfo":{"Brand":{"DisplayValue":"Casio","Label":"Brand","Locale":"es_ES"},"Manufacturer":{"DisplayValue":"CASIO","Label":"Manufacturer","Locale":"es_ES"}},"Title":{"DisplayValue":"Casio Unisex-adultos Digital GA-2100SKE-7AER","Label":"Title","Locale":"es_ES"}},"Offers":{"Summaries":[{"Condition":{"Value":"New"},"LowestPrice":{"Amount":83.59,"Currency":"EUR","DisplayAmount":"83,59 €"}}]}},{"ASIN":"B0CH9FT7L6","DetailPageURL":"https://www.amazon.es/dp/B0CH9FT7L6?tag=topinalambricos-21&linkCode=osi&th=1&psc=1","Images":{"Primary":{"Small":{"Height":75,"URL":"https://m.media-amazon.com/images/I/41Zy4SoABVL._SL75_.jpg","Width":75}}},"ItemInfo":{"ByLineInfo":{"Brand":{"DisplayValue":"Smilbaley","Label":"Brand","Locale":"es_ES"},"Manufacturer":{"DisplayValue":"D-22","Label":"Manufacturer","Locale":"es_ES"}},"Title":{"DisplayValue":"Smilbaley 2 Piezas Bolsa de Gimnasia Transparente, Bolsa de Cincha Transparente, Bolsa de Gimnasia Transparente con Cordón, para Escuelas, Exteriores, Gimnasios, Playas (35×45cm)","Label":"Title","Locale":"es_ES"}},"Offers":{"Summaries":[{"Condition":{"Value":"New"},"LowestPrice":{"Amount":14.99,"Currency":"EUR","DisplayAmount":"14,99 €"}}]}}],"SearchURL":"https://www.amazon.es/s?k=transparente&rh=n%3A14223378031%2Cp_n_availability%3A-1&tag=topinalambricos-21&linkCode=osi","TotalResultCount":306}},"93":{"SearchResult":{"Items":[{"ASIN":"B07GBN7JMK","DetailPageURL":"https://www.amazon.es/dp/B07GBN7JMK?tag=topinalambricos-21&linkCode=osi&th=1&psc=1","Images":{"Primary":{"Small":{"Height":75,"URL":"https://m.media-amazon.com/images/I/31vHA+wxLoL._SL75_.jpg","Width":70}}},"ItemInfo":{"ByLineInfo":{"Brand":{"DisplayValue":"Lancoon","Label":"Brand","Locale":"es_ES"},"Manufacturer":{"DisplayValue":"Lancoon","Label":"Manufacturer","Locale":"es_ES"}},"Title":{"DisplayValue":"Lancoon Paraguas Cúpula Transparente Mujer, 16 Costillas TamañO Grande A Prueba De Viento AutomáTico Abierto KS10White","Label":"Title","Locale":"es_ES"}},"Offers":{"Summaries":[{"Condition":{"Value":"New"},"LowestPrice":{"Amount":24.99,"Currency":"EUR","DisplayAmount":"24,99 €"}}]}},{"ASIN":"B0C4YLL3QG","DetailPageURL":"https://www.amazon.es/dp/B0C4YLL3QG?tag=topinalambricos-21&linkCode=osi&th=1&psc=1","Images":{"Primary":{"Small":{"Height":75,"URL":"https://m.media-amazon.com/images/I/312yqV-pibL._SL75_.jpg","Width":64}}},"ItemInfo":{"ByLineInfo":{"Brand":{"DisplayValue":"Jissta","Label":"Brand","Locale":"es_ES"},"Manufacturer":{"DisplayValue":"Jissta","Label":"Manufacturer","Locale":"es_ES"}},"Title":{"DisplayValue":"Jissta 4 neceseres Transparentes 20 * 20CM, Bolsa para líquidos de avión, Neceser portátil, Neceser de Viaje para Mujeres y Hombres con asa","Label":"Title","Locale":"es_ES"}},"Offers":{"Summaries":[{"Condition":{"Value":"New"},"LowestPrice":{"Amount":7.99,"Currency":"EUR","DisplayAmount":"7,99 €"}}]}},{"ASIN":"B0B1V8QLLT","DetailPageURL":"https://www.amazon.es/dp/B0B1V8QLLT?tag=topinalambricos-21&linkCode=osi&th=1&psc=1","Images":{"Primary":{"Small":{"Height":75,"URL":"https://m.media-amazon.com/images/I/41aMcaqaMBL._SL75_.jpg","Width":75}}},"ItemInfo":{"ByLineInfo":{"Brand":{"DisplayValue":"Pinsheng","Label":"Brand","Locale":"es_ES"},"Manufacturer":{"DisplayValue":"Pinsheng","Label":"Manufacturer","Locale":"es_ES"}},"Title":{"DisplayValue":"Pinsheng Tirantes Transparentes Sujetador 4 Pares Transparente Hombro Tirantes Claro Sujetador Correas Correas Transparentes Invisibles Antideslizantes de Sujetador para Mujer","Label":"Title","Locale":"es_ES"}},"Offers":{"Summaries":[{"Condition":{"Value":"New"},"LowestPrice":{"Amount":3.99,"Currency":"EUR","DisplayAmount":"3,99 €"}}]}},{"ASIN":"B09C376BCW","DetailPageURL":"https://www.amazon.es/dp/B09C376BCW?tag=topinalambricos-21&linkCode=osi&th=1&psc=1","Images":{"Primary":{"Small":{"Height":75,"URL":"https://m.media-amazon.com/images/I/31DDHCgK0lL._SL75_.jpg","Width":75}}},"ItemInfo":{"ByLineInfo":{"Brand":{"DisplayValue":"Jiakalamo","Label":"Brand","Locale":"es_ES"},"Manufacturer":{"DisplayValue":"Jiakalamo","Label":"Manufacturer","Locale":"es_ES"}},"Title":{"DisplayValue":"Jiakalamo Paraguas transparente plegable, Paraguas transparente automático para bodas , Paraguas transparente plegable mujer antiviento niño bodas travel ,Cierre automático Paraguas","Label":"Title","Locale":"es_ES"}},"Offers":{"Summaries":[{"Condition":{"Value":"New"},"LowestPrice":{"Amount":16.3,"Currency":"EUR","DisplayAmount":"16,30 €"}}]}},{"ASIN":"B081RPLNK1","DetailPageURL":"https://www.amazon.es/dp/B081RPLNK1?tag=topinalambricos-21&linkCode=osi&th=1&psc=1","Images":{"Primary":{"Small":{"Height":75,"URL":"https://m.media-amazon.com/images/I/4146RIkJjkL._SL75_.jpg","Width":75}}},"ItemInfo":{"ByLineInfo":{"Brand":{"DisplayValue":"WENTS","Label":"Brand","Locale":"es_ES"}},"Title":{"DisplayValue":"WENTS Bolsa Transparente de PVC Bolsa Transparente con Bolsillos con Cremallera y Correa para el Hombro Desmontable Cremallera Neceser De Cosmeticos De Mano Gran Capacidad","Label":"Title","Locale":"es_ES"}},"Offers":{"Summaries":[{"Condition":{"Value":"New"},"LowestPrice":{"Amount":11.67,"Currency":"EUR","DisplayAmount":"11,67 €"}}]}},{"ASIN":"B0BNQN89QF","DetailPageURL":"https://www.amazon.es/dp/B0BNQN89QF?tag=topinalambricos-21&linkCode=osi&th=1&psc=1","Images":{"Primary":{"Small":{"Height":75,"URL":"https://m.media-amazon.com/images/I/41m+zixsAKL._SL75_.jpg","Width":75}}},"ItemInfo":{"ByLineInfo":{"Brand":{"DisplayValue":"PUERHUACI","Label":"Brand","Locale":"es_ES"}},"Title":{"DisplayValue":"Neceser Transparente Viaje Avion,Bolsa Liquidos Avion,6 Piezas Bolso Transparente,19x14cm Neceser Viaje Avion,Bolsa Transparente Multifunción con Cremallera","Label":"Title","Locale":"es_ES"}},"Offers":{"Summaries":[{"Condition":{"Value":"New"},"LowestPrice":{"Amount":13.89,"Currency":"EUR","DisplayAmount":"13,89 €"}}]}},{"ASIN":"B0BVVKZLHT","DetailPageURL":"https://www.amazon.es/dp/B0BVVKZLHT?tag=topinalambricos-21&linkCode=osi&th=1&psc=1","Images":{"Primary":{"Small":{"Height":75,"URL":"https://m.media-amazon.com/images/I/41zd76ozzyL._SL75_.jpg","Width":75}}},"ItemInfo":{"ByLineInfo":{"Brand":{"DisplayValue":"Aucuu","Label":"Brand","Locale":"es_ES"},"Manufacturer":{"DisplayValue":"Aucuu®-EU","Label":"Manufacturer","Locale":"es_ES"}},"Title":{"DisplayValue":"Aucuu 4PCS Neceser Hombre, Transparente Neceser Viaje Avion, Bolsa liquidos Avion, Bolsa de Aseo Organizador Mujer, Viajes Accesorios, 20x20cm (Gris+ Cuerda)","Label":"Title","Locale":"es_ES"}},"Offers":{"Summaries":[{"Condition":{"Value":"New"},"LowestPrice":{"Amount":7.98,"Currency":"EUR","DisplayAmount":"7,98 €"}}]}},{"ASIN":"B0BWTJMHXF","DetailPageURL":"https://www.amazon.es/dp/B0BWTJMHXF?tag=topinalambricos-21&linkCode=osi&th=1&psc=1","Images":{"Primary":{"Small":{"Height":75,"URL":"https://m.media-amazon.com/images/I/51-Gsh1xTvL._SL75_.jpg","Width":75}}},"ItemInfo":{"ByLineInfo":{"Brand":{"DisplayValue":"talifoca","Label":"Brand","Locale":"es_ES"},"Manufacturer":{"DisplayValue":"TALIFOCA","Label":"Manufacturer","Locale":"es_ES"}},"Title":{"DisplayValue":"3 Piezas Neceser de Aseo Transparente, Bolsas Transparentes de Avión,Bolsas de Aseo Transparente,Mujer Bolsa de Cosmético Organizador,Kit de Viaje para Avión, para Mujeres y Hombres","Label":"Title","Locale":"es_ES"}},"Offers":{"Summaries":[{"Condition":{"Value":"New"},"LowestPrice":{"Amount":8.99,"Currency":"EUR","DisplayAmount":"8,99 €"}}]}},{"ASIN":"B08YNGRXNK","DetailPageURL":"https://www.amazon.es/dp/B08YNGRXNK?tag=topinalambricos-21&linkCode=osi&th=1&psc=1","Images":{"Primary":{"Small":{"Height":75,"URL":"https://m.media-amazon.com/images/I/4158WjUfRlL._SL75_.jpg","Width":75}}},"ItemInfo":{"ByLineInfo":{"Brand":{"DisplayValue":"Casio","Label":"Brand","Locale":"es_ES"},"Manufacturer":{"DisplayValue":"CASIO","Label":"Manufacturer","Locale":"es_ES"}},"Title":{"DisplayValue":"Casio Unisex-adultos Digital GA-2100SKE-7AER","Label":"Title","Locale":"es_ES"}},"Offers":{"Summaries":[{"Condition":{"Value":"New"},"LowestPrice":{"Amount":83.59,"Currency":"EUR","DisplayAmount":"83,59 €"}}]}},{"ASIN":"B0CH9FT7L6","DetailPageURL":"https://www.amazon.es/dp/B0CH9FT7L6?tag=topinalambricos-21&linkCode=osi&th=1&psc=1","Images":{"Primary":{"Small":{"Height":75,"URL":"https://m.media-amazon.com/images/I/41Zy4SoABVL._SL75_.jpg","Width":75}}},"ItemInfo":{"ByLineInfo":{"Brand":{"DisplayValue":"Smilbaley","Label":"Brand","Locale":"es_ES"},"Manufacturer":{"DisplayValue":"D-22","Label":"Manufacturer","Locale":"es_ES"}},"Title":{"DisplayValue":"Smilbaley 2 Piezas Bolsa de Gimnasia Transparente, Bolsa de Cincha Transparente, Bolsa de Gimnasia Transparente con Cordón, para Escuelas, Exteriores, Gimnasios, Playas (35×45cm)","Label":"Title","Locale":"es_ES"}},"Offers":{"Summaries":[{"Condition":{"Value":"New"},"LowestPrice":{"Amount":14.99,"Currency":"EUR","DisplayAmount":"14,99 €"}}]}}],"SearchURL":"https://www.amazon.es/s?k=transparente&rh=n%3A14223378031%2Cp_n_availability%3A-1&tag=topinalambricos-21&linkCode=osi","TotalResultCount":306}},"94":{"SearchResult":{"Items":[{"ASIN":"B07GBN7JMK","DetailPageURL":"https://www.amazon.es/dp/B07GBN7JMK?tag=topinalambricos-21&linkCode=osi&th=1&psc=1","Images":{"Primary":{"Small":{"Height":75,"URL":"https://m.media-amazon.com/images/I/31vHA+wxLoL._SL75_.jpg","Width":70}}},"ItemInfo":{"ByLineInfo":{"Brand":{"DisplayValue":"Lancoon","Label":"Brand","Locale":"es_ES"},"Manufacturer":{"DisplayValue":"Lancoon","Label":"Manufacturer","Locale":"es_ES"}},"Title":{"DisplayValue":"Lancoon Paraguas Cúpula Transparente Mujer, 16 Costillas TamañO Grande A Prueba De Viento AutomáTico Abierto KS10White","Label":"Title","Locale":"es_ES"}},"Offers":{"Summaries":[{"Condition":{"Value":"New"},"LowestPrice":{"Amount":24.99,"Currency":"EUR","DisplayAmount":"24,99 €"}}]}},{"ASIN":"B0C4YLL3QG","DetailPageURL":"https://www.amazon.es/dp/B0C4YLL3QG?tag=topinalambricos-21&linkCode=osi&th=1&psc=1","Images":{"Primary":{"Small":{"Height":75,"URL":"https://m.media-amazon.com/images/I/312yqV-pibL._SL75_.jpg","Width":64}}},"ItemInfo":{"ByLineInfo":{"Brand":{"DisplayValue":"Jissta","Label":"Brand","Locale":"es_ES"},"Manufacturer":{"DisplayValue":"Jissta","Label":"Manufacturer","Locale":"es_ES"}},"Title":{"DisplayValue":"Jissta 4 neceseres Transparentes 20 * 20CM, Bolsa para líquidos de avión, Neceser portátil, Neceser de Viaje para Mujeres y Hombres con asa","Label":"Title","Locale":"es_ES"}},"Offers":{"Summaries":[{"Condition":{"Value":"New"},"LowestPrice":{"Amount":7.99,"Currency":"EUR","DisplayAmount":"7,99 €"}}]}},{"ASIN":"B0B1V8QLLT","DetailPageURL":"https://www.amazon.es/dp/B0B1V8QLLT?tag=topinalambricos-21&linkCode=osi&th=1&psc=1","Images":{"Primary":{"Small":{"Height":75,"URL":"https://m.media-amazon.com/images/I/41aMcaqaMBL._SL75_.jpg","Width":75}}},"ItemInfo":{"ByLineInfo":{"Brand":{"DisplayValue":"Pinsheng","Label":"Brand","Locale":"es_ES"},"Manufacturer":{"DisplayValue":"Pinsheng","Label":"Manufacturer","Locale":"es_ES"}},"Title":{"DisplayValue":"Pinsheng Tirantes Transparentes Sujetador 4 Pares Transparente Hombro Tirantes Claro Sujetador Correas Correas Transparentes Invisibles Antideslizantes de Sujetador para Mujer","Label":"Title","Locale":"es_ES"}},"Offers":{"Summaries":[{"Condition":{"Value":"New"},"LowestPrice":{"Amount":3.99,"Currency":"EUR","DisplayAmount":"3,99 €"}}]}},{"ASIN":"B09C376BCW","DetailPageURL":"https://www.amazon.es/dp/B09C376BCW?tag=topinalambricos-21&linkCode=osi&th=1&psc=1","Images":{"Primary":{"Small":{"Height":75,"URL":"https://m.media-amazon.com/images/I/31DDHCgK0lL._SL75_.jpg","Width":75}}},"ItemInfo":{"ByLineInfo":{"Brand":{"DisplayValue":"Jiakalamo","Label":"Brand","Locale":"es_ES"},"Manufacturer":{"DisplayValue":"Jiakalamo","Label":"Manufacturer","Locale":"es_ES"}},"Title":{"DisplayValue":"Jiakalamo Paraguas transparente plegable, Paraguas transparente automático para bodas , Paraguas transparente plegable mujer antiviento niño bodas travel ,Cierre automático Paraguas","Label":"Title","Locale":"es_ES"}},"Offers":{"Summaries":[{"Condition":{"Value":"New"},"LowestPrice":{"Amount":16.3,"Currency":"EUR","DisplayAmount":"16,30 €"}}]}},{"ASIN":"B081RPLNK1","DetailPageURL":"https://www.amazon.es/dp/B081RPLNK1?tag=topinalambricos-21&linkCode=osi&th=1&psc=1","Images":{"Primary":{"Small":{"Height":75,"URL":"https://m.media-amazon.com/images/I/4146RIkJjkL._SL75_.jpg","Width":75}}},"ItemInfo":{"ByLineInfo":{"Brand":{"DisplayValue":"WENTS","Label":"Brand","Locale":"es_ES"}},"Title":{"DisplayValue":"WENTS Bolsa Transparente de PVC Bolsa Transparente con Bolsillos con Cremallera y Correa para el Hombro Desmontable Cremallera Neceser De Cosmeticos De Mano Gran Capacidad","Label":"Title","Locale":"es_ES"}},"Offers":{"Summaries":[{"Condition":{"Value":"New"},"LowestPrice":{"Amount":11.67,"Currency":"EUR","DisplayAmount":"11,67 €"}}]}},{"ASIN":"B0BNQN89QF","DetailPageURL":"https://www.amazon.es/dp/B0BNQN89QF?tag=topinalambricos-21&linkCode=osi&th=1&psc=1","Images":{"Primary":{"Small":{"Height":75,"URL":"https://m.media-amazon.com/images/I/41m+zixsAKL._SL75_.jpg","Width":75}}},"ItemInfo":{"ByLineInfo":{"Brand":{"DisplayValue":"PUERHUACI","Label":"Brand","Locale":"es_ES"}},"Title":{"DisplayValue":"Neceser Transparente Viaje Avion,Bolsa Liquidos Avion,6 Piezas Bolso Transparente,19x14cm Neceser Viaje Avion,Bolsa Transparente Multifunción con Cremallera","Label":"Title","Locale":"es_ES"}},"Offers":{"Summaries":[{"Condition":{"Value":"New"},"LowestPrice":{"Amount":13.89,"Currency":"EUR","DisplayAmount":"13,89 €"}}]}},{"ASIN":"B0BVVKZLHT","DetailPageURL":"https://www.amazon.es/dp/B0BVVKZLHT?tag=topinalambricos-21&linkCode=osi&th=1&psc=1","Images":{"Primary":{"Small":{"Height":75,"URL":"https://m.media-amazon.com/images/I/41zd76ozzyL._SL75_.jpg","Width":75}}},"ItemInfo":{"ByLineInfo":{"Brand":{"DisplayValue":"Aucuu","Label":"Brand","Locale":"es_ES"},"Manufacturer":{"DisplayValue":"Aucuu®-EU","Label":"Manufacturer","Locale":"es_ES"}},"Title":{"DisplayValue":"Aucuu 4PCS Neceser Hombre, Transparente Neceser Viaje Avion, Bolsa liquidos Avion, Bolsa de Aseo Organizador Mujer, Viajes Accesorios, 20x20cm (Gris+ Cuerda)","Label":"Title","Locale":"es_ES"}},"Offers":{"Summaries":[{"Condition":{"Value":"New"},"LowestPrice":{"Amount":7.98,"Currency":"EUR","DisplayAmount":"7,98 €"}}]}},{"ASIN":"B0BWTJMHXF","DetailPageURL":"https://www.amazon.es/dp/B0BWTJMHXF?tag=topinalambricos-21&linkCode=osi&th=1&psc=1","Images":{"Primary":{"Small":{"Height":75,"URL":"https://m.media-amazon.com/images/I/51-Gsh1xTvL._SL75_.jpg","Width":75}}},"ItemInfo":{"ByLineInfo":{"Brand":{"DisplayValue":"talifoca","Label":"Brand","Locale":"es_ES"},"Manufacturer":{"DisplayValue":"TALIFOCA","Label":"Manufacturer","Locale":"es_ES"}},"Title":{"DisplayValue":"3 Piezas Neceser de Aseo Transparente, Bolsas Transparentes de Avión,Bolsas de Aseo Transparente,Mujer Bolsa de Cosmético Organizador,Kit de Viaje para Avión, para Mujeres y Hombres","Label":"Title","Locale":"es_ES"}},"Offers":{"Summaries":[{"Condition":{"Value":"New"},"LowestPrice":{"Amount":8.99,"Currency":"EUR","DisplayAmount":"8,99 €"}}]}},{"ASIN":"B08YNGRXNK","DetailPageURL":"https://www.amazon.es/dp/B08YNGRXNK?tag=topinalambricos-21&linkCode=osi&th=1&psc=1","Images":{"Primary":{"Small":{"Height":75,"URL":"https://m.media-amazon.com/images/I/4158WjUfRlL._SL75_.jpg","Width":75}}},"ItemInfo":{"ByLineInfo":{"Brand":{"DisplayValue":"Casio","Label":"Brand","Locale":"es_ES"},"Manufacturer":{"DisplayValue":"CASIO","Label":"Manufacturer","Locale":"es_ES"}},"Title":{"DisplayValue":"Casio Unisex-adultos Digital GA-2100SKE-7AER","Label":"Title","Locale":"es_ES"}},"Offers":{"Summaries":[{"Condition":{"Value":"New"},"LowestPrice":{"Amount":83.59,"Currency":"EUR","DisplayAmount":"83,59 €"}}]}},{"ASIN":"B0CH9FT7L6","DetailPageURL":"https://www.amazon.es/dp/B0CH9FT7L6?tag=topinalambricos-21&linkCode=osi&th=1&psc=1","Images":{"Primary":{"Small":{"Height":75,"URL":"https://m.media-amazon.com/images/I/41Zy4SoABVL._SL75_.jpg","Width":75}}},"ItemInfo":{"ByLineInfo":{"Brand":{"DisplayValue":"Smilbaley","Label":"Brand","Locale":"es_ES"},"Manufacturer":{"DisplayValue":"D-22","Label":"Manufacturer","Locale":"es_ES"}},"Title":{"DisplayValue":"Smilbaley 2 Piezas Bolsa de Gimnasia Transparente, Bolsa de Cincha Transparente, Bolsa de Gimnasia Transparente con Cordón, para Escuelas, Exteriores, Gimnasios, Playas (35×45cm)","Label":"Title","Locale":"es_ES"}},"Offers":{"Summaries":[{"Condition":{"Value":"New"},"LowestPrice":{"Amount":14.99,"Currency":"EUR","DisplayAmount":"14,99 €"}}]}}],"SearchURL":"https://www.amazon.es/s?k=transparente&rh=n%3A14223378031%2Cp_n_availability%3A-1&tag=topinalambricos-21&linkCode=osi","TotalResultCount":306}},"95":{"SearchResult":{"Items":[{"ASIN":"B07GBN7JMK","DetailPageURL":"https://www.amazon.es/dp/B07GBN7JMK?tag=topinalambricos-21&linkCode=osi&th=1&psc=1","Images":{"Primary":{"Small":{"Height":75,"URL":"https://m.media-amazon.com/images/I/31vHA+wxLoL._SL75_.jpg","Width":70}}},"ItemInfo":{"ByLineInfo":{"Brand":{"DisplayValue":"Lancoon","Label":"Brand","Locale":"es_ES"},"Manufacturer":{"DisplayValue":"Lancoon","Label":"Manufacturer","Locale":"es_ES"}},"Title":{"DisplayValue":"Lancoon Paraguas Cúpula Transparente Mujer, 16 Costillas TamañO Grande A Prueba De Viento AutomáTico Abierto KS10White","Label":"Title","Locale":"es_ES"}},"Offers":{"Summaries":[{"Condition":{"Value":"New"},"LowestPrice":{"Amount":24.99,"Currency":"EUR","DisplayAmount":"24,99 €"}}]}},{"ASIN":"B0C4YLL3QG","DetailPageURL":"https://www.amazon.es/dp/B0C4YLL3QG?tag=topinalambricos-21&linkCode=osi&th=1&psc=1","Images":{"Primary":{"Small":{"Height":75,"URL":"https://m.media-amazon.com/images/I/312yqV-pibL._SL75_.jpg","Width":64}}},"ItemInfo":{"ByLineInfo":{"Brand":{"DisplayValue":"Jissta","Label":"Brand","Locale":"es_ES"},"Manufacturer":{"DisplayValue":"Jissta","Label":"Manufacturer","Locale":"es_ES"}},"Title":{"DisplayValue":"Jissta 4 neceseres Transparentes 20 * 20CM, Bolsa para líquidos de avión, Neceser portátil, Neceser de Viaje para Mujeres y Hombres con asa","Label":"Title","Locale":"es_ES"}},"Offers":{"Summaries":[{"Condition":{"Value":"New"},"LowestPrice":{"Amount":7.99,"Currency":"EUR","DisplayAmount":"7,99 €"}}]}},{"ASIN":"B0B1V8QLLT","DetailPageURL":"https://www.amazon.es/dp/B0B1V8QLLT?tag=topinalambricos-21&linkCode=osi&th=1&psc=1","Images":{"Primary":{"Small":{"Height":75,"URL":"https://m.media-amazon.com/images/I/41aMcaqaMBL._SL75_.jpg","Width":75}}},"ItemInfo":{"ByLineInfo":{"Brand":{"DisplayValue":"Pinsheng","Label":"Brand","Locale":"es_ES"},"Manufacturer":{"DisplayValue":"Pinsheng","Label":"Manufacturer","Locale":"es_ES"}},"Title":{"DisplayValue":"Pinsheng Tirantes Transparentes Sujetador 4 Pares Transparente Hombro Tirantes Claro Sujetador Correas Correas Transparentes Invisibles Antideslizantes de Sujetador para Mujer","Label":"Title","Locale":"es_ES"}},"Offers":{"Summaries":[{"Condition":{"Value":"New"},"LowestPrice":{"Amount":3.99,"Currency":"EUR","DisplayAmount":"3,99 €"}}]}},{"ASIN":"B09C376BCW","DetailPageURL":"https://www.amazon.es/dp/B09C376BCW?tag=topinalambricos-21&linkCode=osi&th=1&psc=1","Images":{"Primary":{"Small":{"Height":75,"URL":"https://m.media-amazon.com/images/I/31DDHCgK0lL._SL75_.jpg","Width":75}}},"ItemInfo":{"ByLineInfo":{"Brand":{"DisplayValue":"Jiakalamo","Label":"Brand","Locale":"es_ES"},"Manufacturer":{"DisplayValue":"Jiakalamo","Label":"Manufacturer","Locale":"es_ES"}},"Title":{"DisplayValue":"Jiakalamo Paraguas transparente plegable, Paraguas transparente automático para bodas , Paraguas transparente plegable mujer antiviento niño bodas travel ,Cierre automático Paraguas","Label":"Title","Locale":"es_ES"}},"Offers":{"Summaries":[{"Condition":{"Value":"New"},"LowestPrice":{"Amount":16.3,"Currency":"EUR","DisplayAmount":"16,30 €"}}]}},{"ASIN":"B081RPLNK1","DetailPageURL":"https://www.amazon.es/dp/B081RPLNK1?tag=topinalambricos-21&linkCode=osi&th=1&psc=1","Images":{"Primary":{"Small":{"Height":75,"URL":"https://m.media-amazon.com/images/I/4146RIkJjkL._SL75_.jpg","Width":75}}},"ItemInfo":{"ByLineInfo":{"Brand":{"DisplayValue":"WENTS","Label":"Brand","Locale":"es_ES"}},"Title":{"DisplayValue":"WENTS Bolsa Transparente de PVC Bolsa Transparente con Bolsillos con Cremallera y Correa para el Hombro Desmontable Cremallera Neceser De Cosmeticos De Mano Gran Capacidad","Label":"Title","Locale":"es_ES"}},"Offers":{"Summaries":[{"Condition":{"Value":"New"},"LowestPrice":{"Amount":11.67,"Currency":"EUR","DisplayAmount":"11,67 €"}}]}},{"ASIN":"B0BNQN89QF","DetailPageURL":"https://www.amazon.es/dp/B0BNQN89QF?tag=topinalambricos-21&linkCode=osi&th=1&psc=1","Images":{"Primary":{"Small":{"Height":75,"URL":"https://m.media-amazon.com/images/I/41m+zixsAKL._SL75_.jpg","Width":75}}},"ItemInfo":{"ByLineInfo":{"Brand":{"DisplayValue":"PUERHUACI","Label":"Brand","Locale":"es_ES"}},"Title":{"DisplayValue":"Neceser Transparente Viaje Avion,Bolsa Liquidos Avion,6 Piezas Bolso Transparente,19x14cm Neceser Viaje Avion,Bolsa Transparente Multifunción con Cremallera","Label":"Title","Locale":"es_ES"}},"Offers":{"Summaries":[{"Condition":{"Value":"New"},"LowestPrice":{"Amount":13.89,"Currency":"EUR","DisplayAmount":"13,89 €"}}]}},{"ASIN":"B0BVVKZLHT","DetailPageURL":"https://www.amazon.es/dp/B0BVVKZLHT?tag=topinalambricos-21&linkCode=osi&th=1&psc=1","Images":{"Primary":{"Small":{"Height":75,"URL":"https://m.media-amazon.com/images/I/41zd76ozzyL._SL75_.jpg","Width":75}}},"ItemInfo":{"ByLineInfo":{"Brand":{"DisplayValue":"Aucuu","Label":"Brand","Locale":"es_ES"},"Manufacturer":{"DisplayValue":"Aucuu®-EU","Label":"Manufacturer","Locale":"es_ES"}},"Title":{"DisplayValue":"Aucuu 4PCS Neceser Hombre, Transparente Neceser Viaje Avion, Bolsa liquidos Avion, Bolsa de Aseo Organizador Mujer, Viajes Accesorios, 20x20cm (Gris+ Cuerda)","Label":"Title","Locale":"es_ES"}},"Offers":{"Summaries":[{"Condition":{"Value":"New"},"LowestPrice":{"Amount":7.98,"Currency":"EUR","DisplayAmount":"7,98 €"}}]}},{"ASIN":"B0BWTJMHXF","DetailPageURL":"https://www.amazon.es/dp/B0BWTJMHXF?tag=topinalambricos-21&linkCode=osi&th=1&psc=1","Images":{"Primary":{"Small":{"Height":75,"URL":"https://m.media-amazon.com/images/I/51-Gsh1xTvL._SL75_.jpg","Width":75}}},"ItemInfo":{"ByLineInfo":{"Brand":{"DisplayValue":"talifoca","Label":"Brand","Locale":"es_ES"},"Manufacturer":{"DisplayValue":"TALIFOCA","Label":"Manufacturer","Locale":"es_ES"}},"Title":{"DisplayValue":"3 Piezas Neceser de Aseo Transparente, Bolsas Transparentes de Avión,Bolsas de Aseo Transparente,Mujer Bolsa de Cosmético Organizador,Kit de Viaje para Avión, para Mujeres y Hombres","Label":"Title","Locale":"es_ES"}},"Offers":{"Summaries":[{"Condition":{"Value":"New"},"LowestPrice":{"Amount":8.99,"Currency":"EUR","DisplayAmount":"8,99 €"}}]}},{"ASIN":"B08YNGRXNK","DetailPageURL":"https://www.amazon.es/dp/B08YNGRXNK?tag=topinalambricos-21&linkCode=osi&th=1&psc=1","Images":{"Primary":{"Small":{"Height":75,"URL":"https://m.media-amazon.com/images/I/4158WjUfRlL._SL75_.jpg","Width":75}}},"ItemInfo":{"ByLineInfo":{"Brand":{"DisplayValue":"Casio","Label":"Brand","Locale":"es_ES"},"Manufacturer":{"DisplayValue":"CASIO","Label":"Manufacturer","Locale":"es_ES"}},"Title":{"DisplayValue":"Casio Unisex-adultos Digital GA-2100SKE-7AER","Label":"Title","Locale":"es_ES"}},"Offers":{"Summaries":[{"Condition":{"Value":"New"},"LowestPrice":{"Amount":83.59,"Currency":"EUR","DisplayAmount":"83,59 €"}}]}},{"ASIN":"B0CH9FT7L6","DetailPageURL":"https://www.amazon.es/dp/B0CH9FT7L6?tag=topinalambricos-21&linkCode=osi&th=1&psc=1","Images":{"Primary":{"Small":{"Height":75,"URL":"https://m.media-amazon.com/images/I/41Zy4SoABVL._SL75_.jpg","Width":75}}},"ItemInfo":{"ByLineInfo":{"Brand":{"DisplayValue":"Smilbaley","Label":"Brand","Locale":"es_ES"},"Manufacturer":{"DisplayValue":"D-22","Label":"Manufacturer","Locale":"es_ES"}},"Title":{"DisplayValue":"Smilbaley 2 Piezas Bolsa de Gimnasia Transparente, Bolsa de Cincha Transparente, Bolsa de Gimnasia Transparente con Cordón, para Escuelas, Exteriores, Gimnasios, Playas (35×45cm)","Label":"Title","Locale":"es_ES"}},"Offers":{"Summaries":[{"Condition":{"Value":"New"},"LowestPrice":{"Amount":14.99,"Currency":"EUR","DisplayAmount":"14,99 €"}}]}}],"SearchURL":"https://www.amazon.es/s?k=transparente&rh=n%3A14223378031%2Cp_n_availability%3A-1&tag=topinalambricos-21&linkCode=osi","TotalResultCount":306}},"96":{"SearchResult":{"Items":[{"ASIN":"B07GBN7JMK","DetailPageURL":"https://www.amazon.es/dp/B07GBN7JMK?tag=topinalambricos-21&linkCode=osi&th=1&psc=1","Images":{"Primary":{"Small":{"Height":75,"URL":"https://m.media-amazon.com/images/I/31vHA+wxLoL._SL75_.jpg","Width":70}}},"ItemInfo":{"ByLineInfo":{"Brand":{"DisplayValue":"Lancoon","Label":"Brand","Locale":"es_ES"},"Manufacturer":{"DisplayValue":"Lancoon","Label":"Manufacturer","Locale":"es_ES"}},"Title":{"DisplayValue":"Lancoon Paraguas Cúpula Transparente Mujer, 16 Costillas TamañO Grande A Prueba De Viento AutomáTico Abierto KS10White","Label":"Title","Locale":"es_ES"}},"Offers":{"Summaries":[{"Condition":{"Value":"New"},"LowestPrice":{"Amount":24.99,"Currency":"EUR","DisplayAmount":"24,99 €"}}]}},{"ASIN":"B0C4YLL3QG","DetailPageURL":"https://www.amazon.es/dp/B0C4YLL3QG?tag=topinalambricos-21&linkCode=osi&th=1&psc=1","Images":{"Primary":{"Small":{"Height":75,"URL":"https://m.media-amazon.com/images/I/312yqV-pibL._SL75_.jpg","Width":64}}},"ItemInfo":{"ByLineInfo":{"Brand":{"DisplayValue":"Jissta","Label":"Brand","Locale":"es_ES"},"Manufacturer":{"DisplayValue":"Jissta","Label":"Manufacturer","Locale":"es_ES"}},"Title":{"DisplayValue":"Jissta 4 neceseres Transparentes 20 * 20CM, Bolsa para líquidos de avión, Neceser portátil, Neceser de Viaje para Mujeres y Hombres con asa","Label":"Title","Locale":"es_ES"}},"Offers":{"Summaries":[{"Condition":{"Value":"New"},"LowestPrice":{"Amount":7.99,"Currency":"EUR","DisplayAmount":"7,99 €"}}]}},{"ASIN":"B0B1V8QLLT","DetailPageURL":"https://www.amazon.es/dp/B0B1V8QLLT?tag=topinalambricos-21&linkCode=osi&th=1&psc=1","Images":{"Primary":{"Small":{"Height":75,"URL":"https://m.media-amazon.com/images/I/41aMcaqaMBL._SL75_.jpg","Width":75}}},"ItemInfo":{"ByLineInfo":{"Brand":{"DisplayValue":"Pinsheng","Label":"Brand","Locale":"es_ES"},"Manufacturer":{"DisplayValue":"Pinsheng","Label":"Manufacturer","Locale":"es_ES"}},"Title":{"DisplayValue":"Pinsheng Tirantes Transparentes Sujetador 4 Pares Transparente Hombro Tirantes Claro Sujetador Correas Correas Transparentes Invisibles Antideslizantes de Sujetador para Mujer","Label":"Title","Locale":"es_ES"}},"Offers":{"Summaries":[{"Condition":{"Value":"New"},"LowestPrice":{"Amount":3.99,"Currency":"EUR","DisplayAmount":"3,99 €"}}]}},{"ASIN":"B09C376BCW","DetailPageURL":"https://www.amazon.es/dp/B09C376BCW?tag=topinalambricos-21&linkCode=osi&th=1&psc=1","Images":{"Primary":{"Small":{"Height":75,"URL":"https://m.media-amazon.com/images/I/31DDHCgK0lL._SL75_.jpg","Width":75}}},"ItemInfo":{"ByLineInfo":{"Brand":{"DisplayValue":"Jiakalamo","Label":"Brand","Locale":"es_ES"},"Manufacturer":{"DisplayValue":"Jiakalamo","Label":"Manufacturer","Locale":"es_ES"}},"Title":{"DisplayValue":"Jiakalamo Paraguas transparente plegable, Paraguas transparente automático para bodas , Paraguas transparente plegable mujer antiviento niño bodas travel ,Cierre automático Paraguas","Label":"Title","Locale":"es_ES"}},"Offers":{"Summaries":[{"Condition":{"Value":"New"},"LowestPrice":{"Amount":16.3,"Currency":"EUR","DisplayAmount":"16,30 €"}}]}},{"ASIN":"B081RPLNK1","DetailPageURL":"https://www.amazon.es/dp/B081RPLNK1?tag=topinalambricos-21&linkCode=osi&th=1&psc=1","Images":{"Primary":{"Small":{"Height":75,"URL":"https://m.media-amazon.com/images/I/4146RIkJjkL._SL75_.jpg","Width":75}}},"ItemInfo":{"ByLineInfo":{"Brand":{"DisplayValue":"WENTS","Label":"Brand","Locale":"es_ES"}},"Title":{"DisplayValue":"WENTS Bolsa Transparente de PVC Bolsa Transparente con Bolsillos con Cremallera y Correa para el Hombro Desmontable Cremallera Neceser De Cosmeticos De Mano Gran Capacidad","Label":"Title","Locale":"es_ES"}},"Offers":{"Summaries":[{"Condition":{"Value":"New"},"LowestPrice":{"Amount":11.67,"Currency":"EUR","DisplayAmount":"11,67 €"}}]}},{"ASIN":"B0BNQN89QF","DetailPageURL":"https://www.amazon.es/dp/B0BNQN89QF?tag=topinalambricos-21&linkCode=osi&th=1&psc=1","Images":{"Primary":{"Small":{"Height":75,"URL":"https://m.media-amazon.com/images/I/41m+zixsAKL._SL75_.jpg","Width":75}}},"ItemInfo":{"ByLineInfo":{"Brand":{"DisplayValue":"PUERHUACI","Label":"Brand","Locale":"es_ES"}},"Title":{"DisplayValue":"Neceser Transparente Viaje Avion,Bolsa Liquidos Avion,6 Piezas Bolso Transparente,19x14cm Neceser Viaje Avion,Bolsa Transparente Multifunción con Cremallera","Label":"Title","Locale":"es_ES"}},"Offers":{"Summaries":[{"Condition":{"Value":"New"},"LowestPrice":{"Amount":13.89,"Currency":"EUR","DisplayAmount":"13,89 €"}}]}},{"ASIN":"B0BVVKZLHT","DetailPageURL":"https://www.amazon.es/dp/B0BVVKZLHT?tag=topinalambricos-21&linkCode=osi&th=1&psc=1","Images":{"Primary":{"Small":{"Height":75,"URL":"https://m.media-amazon.com/images/I/41zd76ozzyL._SL75_.jpg","Width":75}}},"ItemInfo":{"ByLineInfo":{"Brand":{"DisplayValue":"Aucuu","Label":"Brand","Locale":"es_ES"},"Manufacturer":{"DisplayValue":"Aucuu®-EU","Label":"Manufacturer","Locale":"es_ES"}},"Title":{"DisplayValue":"Aucuu 4PCS Neceser Hombre, Transparente Neceser Viaje Avion, Bolsa liquidos Avion, Bolsa de Aseo Organizador Mujer, Viajes Accesorios, 20x20cm (Gris+ Cuerda)","Label":"Title","Locale":"es_ES"}},"Offers":{"Summaries":[{"Condition":{"Value":"New"},"LowestPrice":{"Amount":7.98,"Currency":"EUR","DisplayAmount":"7,98 €"}}]}},{"ASIN":"B0BWTJMHXF","DetailPageURL":"https://www.amazon.es/dp/B0BWTJMHXF?tag=topinalambricos-21&linkCode=osi&th=1&psc=1","Images":{"Primary":{"Small":{"Height":75,"URL":"https://m.media-amazon.com/images/I/51-Gsh1xTvL._SL75_.jpg","Width":75}}},"ItemInfo":{"ByLineInfo":{"Brand":{"DisplayValue":"talifoca","Label":"Brand","Locale":"es_ES"},"Manufacturer":{"DisplayValue":"TALIFOCA","Label":"Manufacturer","Locale":"es_ES"}},"Title":{"DisplayValue":"3 Piezas Neceser de Aseo Transparente, Bolsas Transparentes de Avión,Bolsas de Aseo Transparente,Mujer Bolsa de Cosmético Organizador,Kit de Viaje para Avión, para Mujeres y Hombres","Label":"Title","Locale":"es_ES"}},"Offers":{"Summaries":[{"Condition":{"Value":"New"},"LowestPrice":{"Amount":8.99,"Currency":"EUR","DisplayAmount":"8,99 €"}}]}},{"ASIN":"B08YNGRXNK","DetailPageURL":"https://www.amazon.es/dp/B08YNGRXNK?tag=topinalambricos-21&linkCode=osi&th=1&psc=1","Images":{"Primary":{"Small":{"Height":75,"URL":"https://m.media-amazon.com/images/I/4158WjUfRlL._SL75_.jpg","Width":75}}},"ItemInfo":{"ByLineInfo":{"Brand":{"DisplayValue":"Casio","Label":"Brand","Locale":"es_ES"},"Manufacturer":{"DisplayValue":"CASIO","Label":"Manufacturer","Locale":"es_ES"}},"Title":{"DisplayValue":"Casio Unisex-adultos Digital GA-2100SKE-7AER","Label":"Title","Locale":"es_ES"}},"Offers":{"Summaries":[{"Condition":{"Value":"New"},"LowestPrice":{"Amount":83.59,"Currency":"EUR","DisplayAmount":"83,59 €"}}]}},{"ASIN":"B0CH9FT7L6","DetailPageURL":"https://www.amazon.es/dp/B0CH9FT7L6?tag=topinalambricos-21&linkCode=osi&th=1&psc=1","Images":{"Primary":{"Small":{"Height":75,"URL":"https://m.media-amazon.com/images/I/41Zy4SoABVL._SL75_.jpg","Width":75}}},"ItemInfo":{"ByLineInfo":{"Brand":{"DisplayValue":"Smilbaley","Label":"Brand","Locale":"es_ES"},"Manufacturer":{"DisplayValue":"D-22","Label":"Manufacturer","Locale":"es_ES"}},"Title":{"DisplayValue":"Smilbaley 2 Piezas Bolsa de Gimnasia Transparente, Bolsa de Cincha Transparente, Bolsa de Gimnasia Transparente con Cordón, para Escuelas, Exteriores, Gimnasios, Playas (35×45cm)","Label":"Title","Locale":"es_ES"}},"Offers":{"Summaries":[{"Condition":{"Value":"New"},"LowestPrice":{"Amount":14.99,"Currency":"EUR","DisplayAmount":"14,99 €"}}]}}],"SearchURL":"https://www.amazon.es/s?k=transparente&rh=n%3A14223378031%2Cp_n_availability%3A-1&tag=topinalambricos-21&linkCode=osi","TotalResultCount":306}},"97":{"SearchResult":{"Items":[{"ASIN":"B07GBN7JMK","DetailPageURL":"https://www.amazon.es/dp/B07GBN7JMK?tag=topinalambricos-21&linkCode=osi&th=1&psc=1","Images":{"Primary":{"Small":{"Height":75,"URL":"https://m.media-amazon.com/images/I/31vHA+wxLoL._SL75_.jpg","Width":70}}},"ItemInfo":{"ByLineInfo":{"Brand":{"DisplayValue":"Lancoon","Label":"Brand","Locale":"es_ES"},"Manufacturer":{"DisplayValue":"Lancoon","Label":"Manufacturer","Locale":"es_ES"}},"Title":{"DisplayValue":"Lancoon Paraguas Cúpula Transparente Mujer, 16 Costillas TamañO Grande A Prueba De Viento AutomáTico Abierto KS10White","Label":"Title","Locale":"es_ES"}},"Offers":{"Summaries":[{"Condition":{"Value":"New"},"LowestPrice":{"Amount":24.99,"Currency":"EUR","DisplayAmount":"24,99 €"}}]}},{"ASIN":"B0C4YLL3QG","DetailPageURL":"https://www.amazon.es/dp/B0C4YLL3QG?tag=topinalambricos-21&linkCode=osi&th=1&psc=1","Images":{"Primary":{"Small":{"Height":75,"URL":"https://m.media-amazon.com/images/I/312yqV-pibL._SL75_.jpg","Width":64}}},"ItemInfo":{"ByLineInfo":{"Brand":{"DisplayValue":"Jissta","Label":"Brand","Locale":"es_ES"},"Manufacturer":{"DisplayValue":"Jissta","Label":"Manufacturer","Locale":"es_ES"}},"Title":{"DisplayValue":"Jissta 4 neceseres Transparentes 20 * 20CM, Bolsa para líquidos de avión, Neceser portátil, Neceser de Viaje para Mujeres y Hombres con asa","Label":"Title","Locale":"es_ES"}},"Offers":{"Summaries":[{"Condition":{"Value":"New"},"LowestPrice":{"Amount":7.99,"Currency":"EUR","DisplayAmount":"7,99 €"}}]}},{"ASIN":"B0B1V8QLLT","DetailPageURL":"https://www.amazon.es/dp/B0B1V8QLLT?tag=topinalambricos-21&linkCode=osi&th=1&psc=1","Images":{"Primary":{"Small":{"Height":75,"URL":"https://m.media-amazon.com/images/I/41aMcaqaMBL._SL75_.jpg","Width":75}}},"ItemInfo":{"ByLineInfo":{"Brand":{"DisplayValue":"Pinsheng","Label":"Brand","Locale":"es_ES"},"Manufacturer":{"DisplayValue":"Pinsheng","Label":"Manufacturer","Locale":"es_ES"}},"Title":{"DisplayValue":"Pinsheng Tirantes Transparentes Sujetador 4 Pares Transparente Hombro Tirantes Claro Sujetador Correas Correas Transparentes Invisibles Antideslizantes de Sujetador para Mujer","Label":"Title","Locale":"es_ES"}},"Offers":{"Summaries":[{"Condition":{"Value":"New"},"LowestPrice":{"Amount":3.99,"Currency":"EUR","DisplayAmount":"3,99 €"}}]}},{"ASIN":"B09C376BCW","DetailPageURL":"https://www.amazon.es/dp/B09C376BCW?tag=topinalambricos-21&linkCode=osi&th=1&psc=1","Images":{"Primary":{"Small":{"Height":75,"URL":"https://m.media-amazon.com/images/I/31DDHCgK0lL._SL75_.jpg","Width":75}}},"ItemInfo":{"ByLineInfo":{"Brand":{"DisplayValue":"Jiakalamo","Label":"Brand","Locale":"es_ES"},"Manufacturer":{"DisplayValue":"Jiakalamo","Label":"Manufacturer","Locale":"es_ES"}},"Title":{"DisplayValue":"Jiakalamo Paraguas transparente plegable, Paraguas transparente automático para bodas , Paraguas transparente plegable mujer antiviento niño bodas travel ,Cierre automático Paraguas","Label":"Title","Locale":"es_ES"}},"Offers":{"Summaries":[{"Condition":{"Value":"New"},"LowestPrice":{"Amount":16.3,"Currency":"EUR","DisplayAmount":"16,30 €"}}]}},{"ASIN":"B081RPLNK1","DetailPageURL":"https://www.amazon.es/dp/B081RPLNK1?tag=topinalambricos-21&linkCode=osi&th=1&psc=1","Images":{"Primary":{"Small":{"Height":75,"URL":"https://m.media-amazon.com/images/I/4146RIkJjkL._SL75_.jpg","Width":75}}},"ItemInfo":{"ByLineInfo":{"Brand":{"DisplayValue":"WENTS","Label":"Brand","Locale":"es_ES"}},"Title":{"DisplayValue":"WENTS Bolsa Transparente de PVC Bolsa Transparente con Bolsillos con Cremallera y Correa para el Hombro Desmontable Cremallera Neceser De Cosmeticos De Mano Gran Capacidad","Label":"Title","Locale":"es_ES"}},"Offers":{"Summaries":[{"Condition":{"Value":"New"},"LowestPrice":{"Amount":11.67,"Currency":"EUR","DisplayAmount":"11,67 €"}}]}},{"ASIN":"B0BNQN89QF","DetailPageURL":"https://www.amazon.es/dp/B0BNQN89QF?tag=topinalambricos-21&linkCode=osi&th=1&psc=1","Images":{"Primary":{"Small":{"Height":75,"URL":"https://m.media-amazon.com/images/I/41m+zixsAKL._SL75_.jpg","Width":75}}},"ItemInfo":{"ByLineInfo":{"Brand":{"DisplayValue":"PUERHUACI","Label":"Brand","Locale":"es_ES"}},"Title":{"DisplayValue":"Neceser Transparente Viaje Avion,Bolsa Liquidos Avion,6 Piezas Bolso Transparente,19x14cm Neceser Viaje Avion,Bolsa Transparente Multifunción con Cremallera","Label":"Title","Locale":"es_ES"}},"Offers":{"Summaries":[{"Condition":{"Value":"New"},"LowestPrice":{"Amount":13.89,"Currency":"EUR","DisplayAmount":"13,89 €"}}]}},{"ASIN":"B0BVVKZLHT","DetailPageURL":"https://www.amazon.es/dp/B0BVVKZLHT?tag=topinalambricos-21&linkCode=osi&th=1&psc=1","Images":{"Primary":{"Small":{"Height":75,"URL":"https://m.media-amazon.com/images/I/41zd76ozzyL._SL75_.jpg","Width":75}}},"ItemInfo":{"ByLineInfo":{"Brand":{"DisplayValue":"Aucuu","Label":"Brand","Locale":"es_ES"},"Manufacturer":{"DisplayValue":"Aucuu®-EU","Label":"Manufacturer","Locale":"es_ES"}},"Title":{"DisplayValue":"Aucuu 4PCS Neceser Hombre, Transparente Neceser Viaje Avion, Bolsa liquidos Avion, Bolsa de Aseo Organizador Mujer, Viajes Accesorios, 20x20cm (Gris+ Cuerda)","Label":"Title","Locale":"es_ES"}},"Offers":{"Summaries":[{"Condition":{"Value":"New"},"LowestPrice":{"Amount":7.98,"Currency":"EUR","DisplayAmount":"7,98 €"}}]}},{"ASIN":"B0BWTJMHXF","DetailPageURL":"https://www.amazon.es/dp/B0BWTJMHXF?tag=topinalambricos-21&linkCode=osi&th=1&psc=1","Images":{"Primary":{"Small":{"Height":75,"URL":"https://m.media-amazon.com/images/I/51-Gsh1xTvL._SL75_.jpg","Width":75}}},"ItemInfo":{"ByLineInfo":{"Brand":{"DisplayValue":"talifoca","Label":"Brand","Locale":"es_ES"},"Manufacturer":{"DisplayValue":"TALIFOCA","Label":"Manufacturer","Locale":"es_ES"}},"Title":{"DisplayValue":"3 Piezas Neceser de Aseo Transparente, Bolsas Transparentes de Avión,Bolsas de Aseo Transparente,Mujer Bolsa de Cosmético Organizador,Kit de Viaje para Avión, para Mujeres y Hombres","Label":"Title","Locale":"es_ES"}},"Offers":{"Summaries":[{"Condition":{"Value":"New"},"LowestPrice":{"Amount":8.99,"Currency":"EUR","DisplayAmount":"8,99 €"}}]}},{"ASIN":"B08YNGRXNK","DetailPageURL":"https://www.amazon.es/dp/B08YNGRXNK?tag=topinalambricos-21&linkCode=osi&th=1&psc=1","Images":{"Primary":{"Small":{"Height":75,"URL":"https://m.media-amazon.com/images/I/4158WjUfRlL._SL75_.jpg","Width":75}}},"ItemInfo":{"ByLineInfo":{"Brand":{"DisplayValue":"Casio","Label":"Brand","Locale":"es_ES"},"Manufacturer":{"DisplayValue":"CASIO","Label":"Manufacturer","Locale":"es_ES"}},"Title":{"DisplayValue":"Casio Unisex-adultos Digital GA-2100SKE-7AER","Label":"Title","Locale":"es_ES"}},"Offers":{"Summaries":[{"Condition":{"Value":"New"},"LowestPrice":{"Amount":83.59,"Currency":"EUR","DisplayAmount":"83,59 €"}}]}},{"ASIN":"B0CH9FT7L6","DetailPageURL":"https://www.amazon.es/dp/B0CH9FT7L6?tag=topinalambricos-21&linkCode=osi&th=1&psc=1","Images":{"Primary":{"Small":{"Height":75,"URL":"https://m.media-amazon.com/images/I/41Zy4SoABVL._SL75_.jpg","Width":75}}},"ItemInfo":{"ByLineInfo":{"Brand":{"DisplayValue":"Smilbaley","Label":"Brand","Locale":"es_ES"},"Manufacturer":{"DisplayValue":"D-22","Label":"Manufacturer","Locale":"es_ES"}},"Title":{"DisplayValue":"Smilbaley 2 Piezas Bolsa de Gimnasia Transparente, Bolsa de Cincha Transparente, Bolsa de Gimnasia Transparente con Cordón, para Escuelas, Exteriores, Gimnasios, Playas (35×45cm)","Label":"Title","Locale":"es_ES"}},"Offers":{"Summaries":[{"Condition":{"Value":"New"},"LowestPrice":{"Amount":14.99,"Currency":"EUR","DisplayAmount":"14,99 €"}}]}}],"SearchURL":"https://www.amazon.es/s?k=transparente&rh=n%3A14223378031%2Cp_n_availability%3A-1&tag=topinalambricos-21&linkCode=osi","TotalResultCount":306}},"98":{"SearchResult":{"Items":[{"ASIN":"B07GBN7JMK","DetailPageURL":"https://www.amazon.es/dp/B07GBN7JMK?tag=topinalambricos-21&linkCode=osi&th=1&psc=1","Images":{"Primary":{"Small":{"Height":75,"URL":"https://m.media-amazon.com/images/I/31vHA+wxLoL._SL75_.jpg","Width":70}}},"ItemInfo":{"ByLineInfo":{"Brand":{"DisplayValue":"Lancoon","Label":"Brand","Locale":"es_ES"},"Manufacturer":{"DisplayValue":"Lancoon","Label":"Manufacturer","Locale":"es_ES"}},"Title":{"DisplayValue":"Lancoon Paraguas Cúpula Transparente Mujer, 16 Costillas TamañO Grande A Prueba De Viento AutomáTico Abierto KS10White","Label":"Title","Locale":"es_ES"}},"Offers":{"Summaries":[{"Condition":{"Value":"New"},"LowestPrice":{"Amount":24.99,"Currency":"EUR","DisplayAmount":"24,99 €"}}]}},{"ASIN":"B0C4YLL3QG","DetailPageURL":"https://www.amazon.es/dp/B0C4YLL3QG?tag=topinalambricos-21&linkCode=osi&th=1&psc=1","Images":{"Primary":{"Small":{"Height":75,"URL":"https://m.media-amazon.com/images/I/312yqV-pibL._SL75_.jpg","Width":64}}},"ItemInfo":{"ByLineInfo":{"Brand":{"DisplayValue":"Jissta","Label":"Brand","Locale":"es_ES"},"Manufacturer":{"DisplayValue":"Jissta","Label":"Manufacturer","Locale":"es_ES"}},"Title":{"DisplayValue":"Jissta 4 neceseres Transparentes 20 * 20CM, Bolsa para líquidos de avión, Neceser portátil, Neceser de Viaje para Mujeres y Hombres con asa","Label":"Title","Locale":"es_ES"}},"Offers":{"Summaries":[{"Condition":{"Value":"New"},"LowestPrice":{"Amount":7.99,"Currency":"EUR","DisplayAmount":"7,99 €"}}]}},{"ASIN":"B0B1V8QLLT","DetailPageURL":"https://www.amazon.es/dp/B0B1V8QLLT?tag=topinalambricos-21&linkCode=osi&th=1&psc=1","Images":{"Primary":{"Small":{"Height":75,"URL":"https://m.media-amazon.com/images/I/41aMcaqaMBL._SL75_.jpg","Width":75}}},"ItemInfo":{"ByLineInfo":{"Brand":{"DisplayValue":"Pinsheng","Label":"Brand","Locale":"es_ES"},"Manufacturer":{"DisplayValue":"Pinsheng","Label":"Manufacturer","Locale":"es_ES"}},"Title":{"DisplayValue":"Pinsheng Tirantes Transparentes Sujetador 4 Pares Transparente Hombro Tirantes Claro Sujetador Correas Correas Transparentes Invisibles Antideslizantes de Sujetador para Mujer","Label":"Title","Locale":"es_ES"}},"Offers":{"Summaries":[{"Condition":{"Value":"New"},"LowestPrice":{"Amount":3.99,"Currency":"EUR","DisplayAmount":"3,99 €"}}]}},{"ASIN":"B09C376BCW","DetailPageURL":"https://www.amazon.es/dp/B09C376BCW?tag=topinalambricos-21&linkCode=osi&th=1&psc=1","Images":{"Primary":{"Small":{"Height":75,"URL":"https://m.media-amazon.com/images/I/31DDHCgK0lL._SL75_.jpg","Width":75}}},"ItemInfo":{"ByLineInfo":{"Brand":{"DisplayValue":"Jiakalamo","Label":"Brand","Locale":"es_ES"},"Manufacturer":{"DisplayValue":"Jiakalamo","Label":"Manufacturer","Locale":"es_ES"}},"Title":{"DisplayValue":"Jiakalamo Paraguas transparente plegable, Paraguas transparente automático para bodas , Paraguas transparente plegable mujer antiviento niño bodas travel ,Cierre automático Paraguas","Label":"Title","Locale":"es_ES"}},"Offers":{"Summaries":[{"Condition":{"Value":"New"},"LowestPrice":{"Amount":16.3,"Currency":"EUR","DisplayAmount":"16,30 €"}}]}},{"ASIN":"B081RPLNK1","DetailPageURL":"https://www.amazon.es/dp/B081RPLNK1?tag=topinalambricos-21&linkCode=osi&th=1&psc=1","Images":{"Primary":{"Small":{"Height":75,"URL":"https://m.media-amazon.com/images/I/4146RIkJjkL._SL75_.jpg","Width":75}}},"ItemInfo":{"ByLineInfo":{"Brand":{"DisplayValue":"WENTS","Label":"Brand","Locale":"es_ES"}},"Title":{"DisplayValue":"WENTS Bolsa Transparente de PVC Bolsa Transparente con Bolsillos con Cremallera y Correa para el Hombro Desmontable Cremallera Neceser De Cosmeticos De Mano Gran Capacidad","Label":"Title","Locale":"es_ES"}},"Offers":{"Summaries":[{"Condition":{"Value":"New"},"LowestPrice":{"Amount":11.67,"Currency":"EUR","DisplayAmount":"11,67 €"}}]}},{"ASIN":"B0BNQN89QF","DetailPageURL":"https://www.amazon.es/dp/B0BNQN89QF?tag=topinalambricos-21&linkCode=osi&th=1&psc=1","Images":{"Primary":{"Small":{"Height":75,"URL":"https://m.media-amazon.com/images/I/41m+zixsAKL._SL75_.jpg","Width":75}}},"ItemInfo":{"ByLineInfo":{"Brand":{"DisplayValue":"PUERHUACI","Label":"Brand","Locale":"es_ES"}},"Title":{"DisplayValue":"Neceser Transparente Viaje Avion,Bolsa Liquidos Avion,6 Piezas Bolso Transparente,19x14cm Neceser Viaje Avion,Bolsa Transparente Multifunción con Cremallera","Label":"Title","Locale":"es_ES"}},"Offers":{"Summaries":[{"Condition":{"Value":"New"},"LowestPrice":{"Amount":13.89,"Currency":"EUR","DisplayAmount":"13,89 €"}}]}},{"ASIN":"B0BVVKZLHT","DetailPageURL":"https://www.amazon.es/dp/B0BVVKZLHT?tag=topinalambricos-21&linkCode=osi&th=1&psc=1","Images":{"Primary":{"Small":{"Height":75,"URL":"https://m.media-amazon.com/images/I/41zd76ozzyL._SL75_.jpg","Width":75}}},"ItemInfo":{"ByLineInfo":{"Brand":{"DisplayValue":"Aucuu","Label":"Brand","Locale":"es_ES"},"Manufacturer":{"DisplayValue":"Aucuu®-EU","Label":"Manufacturer","Locale":"es_ES"}},"Title":{"DisplayValue":"Aucuu 4PCS Neceser Hombre, Transparente Neceser Viaje Avion, Bolsa liquidos Avion, Bolsa de Aseo Organizador Mujer, Viajes Accesorios, 20x20cm (Gris+ Cuerda)","Label":"Title","Locale":"es_ES"}},"Offers":{"Summaries":[{"Condition":{"Value":"New"},"LowestPrice":{"Amount":7.98,"Currency":"EUR","DisplayAmount":"7,98 €"}}]}},{"ASIN":"B0BWTJMHXF","DetailPageURL":"https://www.amazon.es/dp/B0BWTJMHXF?tag=topinalambricos-21&linkCode=osi&th=1&psc=1","Images":{"Primary":{"Small":{"Height":75,"URL":"https://m.media-amazon.com/images/I/51-Gsh1xTvL._SL75_.jpg","Width":75}}},"ItemInfo":{"ByLineInfo":{"Brand":{"DisplayValue":"talifoca","Label":"Brand","Locale":"es_ES"},"Manufacturer":{"DisplayValue":"TALIFOCA","Label":"Manufacturer","Locale":"es_ES"}},"Title":{"DisplayValue":"3 Piezas Neceser de Aseo Transparente, Bolsas Transparentes de Avión,Bolsas de Aseo Transparente,Mujer Bolsa de Cosmético Organizador,Kit de Viaje para Avión, para Mujeres y Hombres","Label":"Title","Locale":"es_ES"}},"Offers":{"Summaries":[{"Condition":{"Value":"New"},"LowestPrice":{"Amount":8.99,"Currency":"EUR","DisplayAmount":"8,99 €"}}]}},{"ASIN":"B08YNGRXNK","DetailPageURL":"https://www.amazon.es/dp/B08YNGRXNK?tag=topinalambricos-21&linkCode=osi&th=1&psc=1","Images":{"Primary":{"Small":{"Height":75,"URL":"https://m.media-amazon.com/images/I/4158WjUfRlL._SL75_.jpg","Width":75}}},"ItemInfo":{"ByLineInfo":{"Brand":{"DisplayValue":"Casio","Label":"Brand","Locale":"es_ES"},"Manufacturer":{"DisplayValue":"CASIO","Label":"Manufacturer","Locale":"es_ES"}},"Title":{"DisplayValue":"Casio Unisex-adultos Digital GA-2100SKE-7AER","Label":"Title","Locale":"es_ES"}},"Offers":{"Summaries":[{"Condition":{"Value":"New"},"LowestPrice":{"Amount":83.59,"Currency":"EUR","DisplayAmount":"83,59 €"}}]}},{"ASIN":"B0CH9FT7L6","DetailPageURL":"https://www.amazon.es/dp/B0CH9FT7L6?tag=topinalambricos-21&linkCode=osi&th=1&psc=1","Images":{"Primary":{"Small":{"Height":75,"URL":"https://m.media-amazon.com/images/I/41Zy4SoABVL._SL75_.jpg","Width":75}}},"ItemInfo":{"ByLineInfo":{"Brand":{"DisplayValue":"Smilbaley","Label":"Brand","Locale":"es_ES"},"Manufacturer":{"DisplayValue":"D-22","Label":"Manufacturer","Locale":"es_ES"}},"Title":{"DisplayValue":"Smilbaley 2 Piezas Bolsa de Gimnasia Transparente, Bolsa de Cincha Transparente, Bolsa de Gimnasia Transparente con Cordón, para Escuelas, Exteriores, Gimnasios, Playas (35×45cm)","Label":"Title","Locale":"es_ES"}},"Offers":{"Summaries":[{"Condition":{"Value":"New"},"LowestPrice":{"Amount":14.99,"Currency":"EUR","DisplayAmount":"14,99 €"}}]}}],"SearchURL":"https://www.amazon.es/s?k=transparente&rh=n%3A14223378031%2Cp_n_availability%3A-1&tag=topinalambricos-21&linkCode=osi","TotalResultCount":306}},"99":{"SearchResult":{"Items":[{"ASIN":"B07GBN7JMK","DetailPageURL":"https://www.amazon.es/dp/B07GBN7JMK?tag=topinalambricos-21&linkCode=osi&th=1&psc=1","Images":{"Primary":{"Small":{"Height":75,"URL":"https://m.media-amazon.com/images/I/31vHA+wxLoL._SL75_.jpg","Width":70}}},"ItemInfo":{"ByLineInfo":{"Brand":{"DisplayValue":"Lancoon","Label":"Brand","Locale":"es_ES"},"Manufacturer":{"DisplayValue":"Lancoon","Label":"Manufacturer","Locale":"es_ES"}},"Title":{"DisplayValue":"Lancoon Paraguas Cúpula Transparente Mujer, 16 Costillas TamañO Grande A Prueba De Viento AutomáTico Abierto KS10White","Label":"Title","Locale":"es_ES"}},"Offers":{"Summaries":[{"Condition":{"Value":"New"},"LowestPrice":{"Amount":24.99,"Currency":"EUR","DisplayAmount":"24,99 €"}}]}},{"ASIN":"B0C4YLL3QG","DetailPageURL":"https://www.amazon.es/dp/B0C4YLL3QG?tag=topinalambricos-21&linkCode=osi&th=1&psc=1","Images":{"Primary":{"Small":{"Height":75,"URL":"https://m.media-amazon.com/images/I/312yqV-pibL._SL75_.jpg","Width":64}}},"ItemInfo":{"ByLineInfo":{"Brand":{"DisplayValue":"Jissta","Label":"Brand","Locale":"es_ES"},"Manufacturer":{"DisplayValue":"Jissta","Label":"Manufacturer","Locale":"es_ES"}},"Title":{"DisplayValue":"Jissta 4 neceseres Transparentes 20 * 20CM, Bolsa para líquidos de avión, Neceser portátil, Neceser de Viaje para Mujeres y Hombres con asa","Label":"Title","Locale":"es_ES"}},"Offers":{"Summaries":[{"Condition":{"Value":"New"},"LowestPrice":{"Amount":7.99,"Currency":"EUR","DisplayAmount":"7,99 €"}}]}},{"ASIN":"B0B1V8QLLT","DetailPageURL":"https://www.amazon.es/dp/B0B1V8QLLT?tag=topinalambricos-21&linkCode=osi&th=1&psc=1","Images":{"Primary":{"Small":{"Height":75,"URL":"https://m.media-amazon.com/images/I/41aMcaqaMBL._SL75_.jpg","Width":75}}},"ItemInfo":{"ByLineInfo":{"Brand":{"DisplayValue":"Pinsheng","Label":"Brand","Locale":"es_ES"},"Manufacturer":{"DisplayValue":"Pinsheng","Label":"Manufacturer","Locale":"es_ES"}},"Title":{"DisplayValue":"Pinsheng Tirantes Transparentes Sujetador 4 Pares Transparente Hombro Tirantes Claro Sujetador Correas Correas Transparentes Invisibles Antideslizantes de Sujetador para Mujer","Label":"Title","Locale":"es_ES"}},"Offers":{"Summaries":[{"Condition":{"Value":"New"},"LowestPrice":{"Amount":3.99,"Currency":"EUR","DisplayAmount":"3,99 €"}}]}},{"ASIN":"B09C376BCW","DetailPageURL":"https://www.amazon.es/dp/B09C376BCW?tag=topinalambricos-21&linkCode=osi&th=1&psc=1","Images":{"Primary":{"Small":{"Height":75,"URL":"https://m.media-amazon.com/images/I/31DDHCgK0lL._SL75_.jpg","Width":75}}},"ItemInfo":{"ByLineInfo":{"Brand":{"DisplayValue":"Jiakalamo","Label":"Brand","Locale":"es_ES"},"Manufacturer":{"DisplayValue":"Jiakalamo","Label":"Manufacturer","Locale":"es_ES"}},"Title":{"DisplayValue":"Jiakalamo Paraguas transparente plegable, Paraguas transparente automático para bodas , Paraguas transparente plegable mujer antiviento niño bodas travel ,Cierre automático Paraguas","Label":"Title","Locale":"es_ES"}},"Offers":{"Summaries":[{"Condition":{"Value":"New"},"LowestPrice":{"Amount":16.3,"Currency":"EUR","DisplayAmount":"16,30 €"}}]}},{"ASIN":"B081RPLNK1","DetailPageURL":"https://www.amazon.es/dp/B081RPLNK1?tag=topinalambricos-21&linkCode=osi&th=1&psc=1","Images":{"Primary":{"Small":{"Height":75,"URL":"https://m.media-amazon.com/images/I/4146RIkJjkL._SL75_.jpg","Width":75}}},"ItemInfo":{"ByLineInfo":{"Brand":{"DisplayValue":"WENTS","Label":"Brand","Locale":"es_ES"}},"Title":{"DisplayValue":"WENTS Bolsa Transparente de PVC Bolsa Transparente con Bolsillos con Cremallera y Correa para el Hombro Desmontable Cremallera Neceser De Cosmeticos De Mano Gran Capacidad","Label":"Title","Locale":"es_ES"}},"Offers":{"Summaries":[{"Condition":{"Value":"New"},"LowestPrice":{"Amount":11.67,"Currency":"EUR","DisplayAmount":"11,67 €"}}]}},{"ASIN":"B0BNQN89QF","DetailPageURL":"https://www.amazon.es/dp/B0BNQN89QF?tag=topinalambricos-21&linkCode=osi&th=1&psc=1","Images":{"Primary":{"Small":{"Height":75,"URL":"https://m.media-amazon.com/images/I/41m+zixsAKL._SL75_.jpg","Width":75}}},"ItemInfo":{"ByLineInfo":{"Brand":{"DisplayValue":"PUERHUACI","Label":"Brand","Locale":"es_ES"}},"Title":{"DisplayValue":"Neceser Transparente Viaje Avion,Bolsa Liquidos Avion,6 Piezas Bolso Transparente,19x14cm Neceser Viaje Avion,Bolsa Transparente Multifunción con Cremallera","Label":"Title","Locale":"es_ES"}},"Offers":{"Summaries":[{"Condition":{"Value":"New"},"LowestPrice":{"Amount":13.89,"Currency":"EUR","DisplayAmount":"13,89 €"}}]}},{"ASIN":"B0BVVKZLHT","DetailPageURL":"https://www.amazon.es/dp/B0BVVKZLHT?tag=topinalambricos-21&linkCode=osi&th=1&psc=1","Images":{"Primary":{"Small":{"Height":75,"URL":"https://m.media-amazon.com/images/I/41zd76ozzyL._SL75_.jpg","Width":75}}},"ItemInfo":{"ByLineInfo":{"Brand":{"DisplayValue":"Aucuu","Label":"Brand","Locale":"es_ES"},"Manufacturer":{"DisplayValue":"Aucuu®-EU","Label":"Manufacturer","Locale":"es_ES"}},"Title":{"DisplayValue":"Aucuu 4PCS Neceser Hombre, Transparente Neceser Viaje Avion, Bolsa liquidos Avion, Bolsa de Aseo Organizador Mujer, Viajes Accesorios, 20x20cm (Gris+ Cuerda)","Label":"Title","Locale":"es_ES"}},"Offers":{"Summaries":[{"Condition":{"Value":"New"},"LowestPrice":{"Amount":7.98,"Currency":"EUR","DisplayAmount":"7,98 €"}}]}},{"ASIN":"B0BWTJMHXF","DetailPageURL":"https://www.amazon.es/dp/B0BWTJMHXF?tag=topinalambricos-21&linkCode=osi&th=1&psc=1","Images":{"Primary":{"Small":{"Height":75,"URL":"https://m.media-amazon.com/images/I/51-Gsh1xTvL._SL75_.jpg","Width":75}}},"ItemInfo":{"ByLineInfo":{"Brand":{"DisplayValue":"talifoca","Label":"Brand","Locale":"es_ES"},"Manufacturer":{"DisplayValue":"TALIFOCA","Label":"Manufacturer","Locale":"es_ES"}},"Title":{"DisplayValue":"3 Piezas Neceser de Aseo Transparente, Bolsas Transparentes de Avión,Bolsas de Aseo Transparente,Mujer Bolsa de Cosmético Organizador,Kit de Viaje para Avión, para Mujeres y Hombres","Label":"Title","Locale":"es_ES"}},"Offers":{"Summaries":[{"Condition":{"Value":"New"},"LowestPrice":{"Amount":8.99,"Currency":"EUR","DisplayAmount":"8,99 €"}}]}},{"ASIN":"B08YNGRXNK","DetailPageURL":"https://www.amazon.es/dp/B08YNGRXNK?tag=topinalambricos-21&linkCode=osi&th=1&psc=1","Images":{"Primary":{"Small":{"Height":75,"URL":"https://m.media-amazon.com/images/I/4158WjUfRlL._SL75_.jpg","Width":75}}},"ItemInfo":{"ByLineInfo":{"Brand":{"DisplayValue":"Casio","Label":"Brand","Locale":"es_ES"},"Manufacturer":{"DisplayValue":"CASIO","Label":"Manufacturer","Locale":"es_ES"}},"Title":{"DisplayValue":"Casio Unisex-adultos Digital GA-2100SKE-7AER","Label":"Title","Locale":"es_ES"}},"Offers":{"Summaries":[{"Condition":{"Value":"New"},"LowestPrice":{"Amount":83.59,"Currency":"EUR","DisplayAmount":"83,59 €"}}]}},{"ASIN":"B0CH9FT7L6","DetailPageURL":"https://www.amazon.es/dp/B0CH9FT7L6?tag=topinalambricos-21&linkCode=osi&th=1&psc=1","Images":{"Primary":{"Small":{"Height":75,"URL":"https://m.media-amazon.com/images/I/41Zy4SoABVL._SL75_.jpg","Width":75}}},"ItemInfo":{"ByLineInfo":{"Brand":{"DisplayValue":"Smilbaley","Label":"Brand","Locale":"es_ES"},"Manufacturer":{"DisplayValue":"D-22","Label":"Manufacturer","Locale":"es_ES"}},"Title":{"DisplayValue":"Smilbaley 2 Piezas Bolsa de Gimnasia Transparente, Bolsa de Cincha Transparente, Bolsa de Gimnasia Transparente con Cordón, para Escuelas, Exteriores, Gimnasios, Playas (35×45cm)","Label":"Title","Locale":"es_ES"}},"Offers":{"Summaries":[{"Condition":{"Value":"New"},"LowestPrice":{"Amount":14.99,"Currency":"EUR","DisplayAmount":"14,99 €"}}]}}],"SearchURL":"https://www.amazon.es/s?k=transparente&rh=n%3A14223378031%2Cp_n_availability%3A-1&tag=topinalambricos-21&linkCode=osi","TotalResultCount":306}},"100":{"SearchResult":{"Items":[{"ASIN":"B07GBN7JMK","DetailPageURL":"https://www.amazon.es/dp/B07GBN7JMK?tag=topinalambricos-21&linkCode=osi&th=1&psc=1","Images":{"Primary":{"Small":{"Height":75,"URL":"https://m.media-amazon.com/images/I/31vHA+wxLoL._SL75_.jpg","Width":70}}},"ItemInfo":{"ByLineInfo":{"Brand":{"DisplayValue":"Lancoon","Label":"Brand","Locale":"es_ES"},"Manufacturer":{"DisplayValue":"Lancoon","Label":"Manufacturer","Locale":"es_ES"}},"Title":{"DisplayValue":"Lancoon Paraguas Cúpula Transparente Mujer, 16 Costillas TamañO Grande A Prueba De Viento AutomáTico Abierto KS10White","Label":"Title","Locale":"es_ES"}},"Offers":{"Summaries":[{"Condition":{"Value":"New"},"LowestPrice":{"Amount":24.99,"Currency":"EUR","DisplayAmount":"24,99 €"}}]}},{"ASIN":"B0C4YLL3QG","DetailPageURL":"https://www.amazon.es/dp/B0C4YLL3QG?tag=topinalambricos-21&linkCode=osi&th=1&psc=1","Images":{"Primary":{"Small":{"Height":75,"URL":"https://m.media-amazon.com/images/I/312yqV-pibL._SL75_.jpg","Width":64}}},"ItemInfo":{"ByLineInfo":{"Brand":{"DisplayValue":"Jissta","Label":"Brand","Locale":"es_ES"},"Manufacturer":{"DisplayValue":"Jissta","Label":"Manufacturer","Locale":"es_ES"}},"Title":{"DisplayValue":"Jissta 4 neceseres Transparentes 20 * 20CM, Bolsa para líquidos de avión, Neceser portátil, Neceser de Viaje para Mujeres y Hombres con asa","Label":"Title","Locale":"es_ES"}},"Offers":{"Summaries":[{"Condition":{"Value":"New"},"LowestPrice":{"Amount":7.99,"Currency":"EUR","DisplayAmount":"7,99 €"}}]}},{"ASIN":"B0B1V8QLLT","DetailPageURL":"https://www.amazon.es/dp/B0B1V8QLLT?tag=topinalambricos-21&linkCode=osi&th=1&psc=1","Images":{"Primary":{"Small":{"Height":75,"URL":"https://m.media-amazon.com/images/I/41aMcaqaMBL._SL75_.jpg","Width":75}}},"ItemInfo":{"ByLineInfo":{"Brand":{"DisplayValue":"Pinsheng","Label":"Brand","Locale":"es_ES"},"Manufacturer":{"DisplayValue":"Pinsheng","Label":"Manufacturer","Locale":"es_ES"}},"Title":{"DisplayValue":"Pinsheng Tirantes Transparentes Sujetador 4 Pares Transparente Hombro Tirantes Claro Sujetador Correas Correas Transparentes Invisibles Antideslizantes de Sujetador para Mujer","Label":"Title","Locale":"es_ES"}},"Offers":{"Summaries":[{"Condition":{"Value":"New"},"LowestPrice":{"Amount":3.99,"Currency":"EUR","DisplayAmount":"3,99 €"}}]}},{"ASIN":"B09C376BCW","DetailPageURL":"https://www.amazon.es/dp/B09C376BCW?tag=topinalambricos-21&linkCode=osi&th=1&psc=1","Images":{"Primary":{"Small":{"Height":75,"URL":"https://m.media-amazon.com/images/I/31DDHCgK0lL._SL75_.jpg","Width":75}}},"ItemInfo":{"ByLineInfo":{"Brand":{"DisplayValue":"Jiakalamo","Label":"Brand","Locale":"es_ES"},"Manufacturer":{"DisplayValue":"Jiakalamo","Label":"Manufacturer","Locale":"es_ES"}},"Title":{"DisplayValue":"Jiakalamo Paraguas transparente plegable, Paraguas transparente automático para bodas , Paraguas transparente plegable mujer antiviento niño bodas travel ,Cierre automático Paraguas","Label":"Title","Locale":"es_ES"}},"Offers":{"Summaries":[{"Condition":{"Value":"New"},"LowestPrice":{"Amount":16.3,"Currency":"EUR","DisplayAmount":"16,30 €"}}]}},{"ASIN":"B081RPLNK1","DetailPageURL":"https://www.amazon.es/dp/B081RPLNK1?tag=topinalambricos-21&linkCode=osi&th=1&psc=1","Images":{"Primary":{"Small":{"Height":75,"URL":"https://m.media-amazon.com/images/I/4146RIkJjkL._SL75_.jpg","Width":75}}},"ItemInfo":{"ByLineInfo":{"Brand":{"DisplayValue":"WENTS","Label":"Brand","Locale":"es_ES"}},"Title":{"DisplayValue":"WENTS Bolsa Transparente de PVC Bolsa Transparente con Bolsillos con Cremallera y Correa para el Hombro Desmontable Cremallera Neceser De Cosmeticos De Mano Gran Capacidad","Label":"Title","Locale":"es_ES"}},"Offers":{"Summaries":[{"Condition":{"Value":"New"},"LowestPrice":{"Amount":11.67,"Currency":"EUR","DisplayAmount":"11,67 €"}}]}},{"ASIN":"B0BNQN89QF","DetailPageURL":"https://www.amazon.es/dp/B0BNQN89QF?tag=topinalambricos-21&linkCode=osi&th=1&psc=1","Images":{"Primary":{"Small":{"Height":75,"URL":"https://m.media-amazon.com/images/I/41m+zixsAKL._SL75_.jpg","Width":75}}},"ItemInfo":{"ByLineInfo":{"Brand":{"DisplayValue":"PUERHUACI","Label":"Brand","Locale":"es_ES"}},"Title":{"DisplayValue":"Neceser Transparente Viaje Avion,Bolsa Liquidos Avion,6 Piezas Bolso Transparente,19x14cm Neceser Viaje Avion,Bolsa Transparente Multifunción con Cremallera","Label":"Title","Locale":"es_ES"}},"Offers":{"Summaries":[{"Condition":{"Value":"New"},"LowestPrice":{"Amount":13.89,"Currency":"EUR","DisplayAmount":"13,89 €"}}]}},{"ASIN":"B0BVVKZLHT","DetailPageURL":"https://www.amazon.es/dp/B0BVVKZLHT?tag=topinalambricos-21&linkCode=osi&th=1&psc=1","Images":{"Primary":{"Small":{"Height":75,"URL":"https://m.media-amazon.com/images/I/41zd76ozzyL._SL75_.jpg","Width":75}}},"ItemInfo":{"ByLineInfo":{"Brand":{"DisplayValue":"Aucuu","Label":"Brand","Locale":"es_ES"},"Manufacturer":{"DisplayValue":"Aucuu®-EU","Label":"Manufacturer","Locale":"es_ES"}},"Title":{"DisplayValue":"Aucuu 4PCS Neceser Hombre, Transparente Neceser Viaje Avion, Bolsa liquidos Avion, Bolsa de Aseo Organizador Mujer, Viajes Accesorios, 20x20cm (Gris+ Cuerda)","Label":"Title","Locale":"es_ES"}},"Offers":{"Summaries":[{"Condition":{"Value":"New"},"LowestPrice":{"Amount":7.98,"Currency":"EUR","DisplayAmount":"7,98 €"}}]}},{"ASIN":"B0BWTJMHXF","DetailPageURL":"https://www.amazon.es/dp/B0BWTJMHXF?tag=topinalambricos-21&linkCode=osi&th=1&psc=1","Images":{"Primary":{"Small":{"Height":75,"URL":"https://m.media-amazon.com/images/I/51-Gsh1xTvL._SL75_.jpg","Width":75}}},"ItemInfo":{"ByLineInfo":{"Brand":{"DisplayValue":"talifoca","Label":"Brand","Locale":"es_ES"},"Manufacturer":{"DisplayValue":"TALIFOCA","Label":"Manufacturer","Locale":"es_ES"}},"Title":{"DisplayValue":"3 Piezas Neceser de Aseo Transparente, Bolsas Transparentes de Avión,Bolsas de Aseo Transparente,Mujer Bolsa de Cosmético Organizador,Kit de Viaje para Avión, para Mujeres y Hombres","Label":"Title","Locale":"es_ES"}},"Offers":{"Summaries":[{"Condition":{"Value":"New"},"LowestPrice":{"Amount":8.99,"Currency":"EUR","DisplayAmount":"8,99 €"}}]}},{"ASIN":"B08YNGRXNK","DetailPageURL":"https://www.amazon.es/dp/B08YNGRXNK?tag=topinalambricos-21&linkCode=osi&th=1&psc=1","Images":{"Primary":{"Small":{"Height":75,"URL":"https://m.media-amazon.com/images/I/4158WjUfRlL._SL75_.jpg","Width":75}}},"ItemInfo":{"ByLineInfo":{"Brand":{"DisplayValue":"Casio","Label":"Brand","Locale":"es_ES"},"Manufacturer":{"DisplayValue":"CASIO","Label":"Manufacturer","Locale":"es_ES"}},"Title":{"DisplayValue":"Casio Unisex-adultos Digital GA-2100SKE-7AER","Label":"Title","Locale":"es_ES"}},"Offers":{"Summaries":[{"Condition":{"Value":"New"},"LowestPrice":{"Amount":83.59,"Currency":"EUR","DisplayAmount":"83,59 €"}}]}},{"ASIN":"B0CH9FT7L6","DetailPageURL":"https://www.amazon.es/dp/B0CH9FT7L6?tag=topinalambricos-21&linkCode=osi&th=1&psc=1","Images":{"Primary":{"Small":{"Height":75,"URL":"https://m.media-amazon.com/images/I/41Zy4SoABVL._SL75_.jpg","Width":75}}},"ItemInfo":{"ByLineInfo":{"Brand":{"DisplayValue":"Smilbaley","Label":"Brand","Locale":"es_ES"},"Manufacturer":{"DisplayValue":"D-22","Label":"Manufacturer","Locale":"es_ES"}},"Title":{"DisplayValue":"Smilbaley 2 Piezas Bolsa de Gimnasia Transparente, Bolsa de Cincha Transparente, Bolsa de Gimnasia Transparente con Cordón, para Escuelas, Exteriores, Gimnasios, Playas (35×45cm)","Label":"Title","Locale":"es_ES"}},"Offers":{"Summaries":[{"Condition":{"Value":"New"},"LowestPrice":{"Amount":14.99,"Currency":"EUR","DisplayAmount":"14,99 €"}}]}}],"SearchURL":"https://www.amazon.es/s?k=transparente&rh=n%3A14223378031%2Cp_n_availability%3A-1&tag=topinalambricos-21&linkCode=osi","TotalResultCount":306}},"101":{"SearchResult":{"Items":[{"ASIN":"B07GBN7JMK","DetailPageURL":"https://www.amazon.es/dp/B07GBN7JMK?tag=topinalambricos-21&linkCode=osi&th=1&psc=1","Images":{"Primary":{"Small":{"Height":75,"URL":"https://m.media-amazon.com/images/I/31vHA+wxLoL._SL75_.jpg","Width":70}}},"ItemInfo":{"ByLineInfo":{"Brand":{"DisplayValue":"Lancoon","Label":"Brand","Locale":"es_ES"},"Manufacturer":{"DisplayValue":"Lancoon","Label":"Manufacturer","Locale":"es_ES"}},"Title":{"DisplayValue":"Lancoon Paraguas Cúpula Transparente Mujer, 16 Costillas TamañO Grande A Prueba De Viento AutomáTico Abierto KS10White","Label":"Title","Locale":"es_ES"}},"Offers":{"Summaries":[{"Condition":{"Value":"New"},"LowestPrice":{"Amount":24.99,"Currency":"EUR","DisplayAmount":"24,99 €"}}]}},{"ASIN":"B0C4YLL3QG","DetailPageURL":"https://www.amazon.es/dp/B0C4YLL3QG?tag=topinalambricos-21&linkCode=osi&th=1&psc=1","Images":{"Primary":{"Small":{"Height":75,"URL":"https://m.media-amazon.com/images/I/312yqV-pibL._SL75_.jpg","Width":64}}},"ItemInfo":{"ByLineInfo":{"Brand":{"DisplayValue":"Jissta","Label":"Brand","Locale":"es_ES"},"Manufacturer":{"DisplayValue":"Jissta","Label":"Manufacturer","Locale":"es_ES"}},"Title":{"DisplayValue":"Jissta 4 neceseres Transparentes 20 * 20CM, Bolsa para líquidos de avión, Neceser portátil, Neceser de Viaje para Mujeres y Hombres con asa","Label":"Title","Locale":"es_ES"}},"Offers":{"Summaries":[{"Condition":{"Value":"New"},"LowestPrice":{"Amount":7.99,"Currency":"EUR","DisplayAmount":"7,99 €"}}]}},{"ASIN":"B0B1V8QLLT","DetailPageURL":"https://www.amazon.es/dp/B0B1V8QLLT?tag=topinalambricos-21&linkCode=osi&th=1&psc=1","Images":{"Primary":{"Small":{"Height":75,"URL":"https://m.media-amazon.com/images/I/41aMcaqaMBL._SL75_.jpg","Width":75}}},"ItemInfo":{"ByLineInfo":{"Brand":{"DisplayValue":"Pinsheng","Label":"Brand","Locale":"es_ES"},"Manufacturer":{"DisplayValue":"Pinsheng","Label":"Manufacturer","Locale":"es_ES"}},"Title":{"DisplayValue":"Pinsheng Tirantes Transparentes Sujetador 4 Pares Transparente Hombro Tirantes Claro Sujetador Correas Correas Transparentes Invisibles Antideslizantes de Sujetador para Mujer","Label":"Title","Locale":"es_ES"}},"Offers":{"Summaries":[{"Condition":{"Value":"New"},"LowestPrice":{"Amount":3.99,"Currency":"EUR","DisplayAmount":"3,99 €"}}]}},{"ASIN":"B09C376BCW","DetailPageURL":"https://www.amazon.es/dp/B09C376BCW?tag=topinalambricos-21&linkCode=osi&th=1&psc=1","Images":{"Primary":{"Small":{"Height":75,"URL":"https://m.media-amazon.com/images/I/31DDHCgK0lL._SL75_.jpg","Width":75}}},"ItemInfo":{"ByLineInfo":{"Brand":{"DisplayValue":"Jiakalamo","Label":"Brand","Locale":"es_ES"},"Manufacturer":{"DisplayValue":"Jiakalamo","Label":"Manufacturer","Locale":"es_ES"}},"Title":{"DisplayValue":"Jiakalamo Paraguas transparente plegable, Paraguas transparente automático para bodas , Paraguas transparente plegable mujer antiviento niño bodas travel ,Cierre automático Paraguas","Label":"Title","Locale":"es_ES"}},"Offers":{"Summaries":[{"Condition":{"Value":"New"},"LowestPrice":{"Amount":16.3,"Currency":"EUR","DisplayAmount":"16,30 €"}}]}},{"ASIN":"B081RPLNK1","DetailPageURL":"https://www.amazon.es/dp/B081RPLNK1?tag=topinalambricos-21&linkCode=osi&th=1&psc=1","Images":{"Primary":{"Small":{"Height":75,"URL":"https://m.media-amazon.com/images/I/4146RIkJjkL._SL75_.jpg","Width":75}}},"ItemInfo":{"ByLineInfo":{"Brand":{"DisplayValue":"WENTS","Label":"Brand","Locale":"es_ES"}},"Title":{"DisplayValue":"WENTS Bolsa Transparente de PVC Bolsa Transparente con Bolsillos con Cremallera y Correa para el Hombro Desmontable Cremallera Neceser De Cosmeticos De Mano Gran Capacidad","Label":"Title","Locale":"es_ES"}},"Offers":{"Summaries":[{"Condition":{"Value":"New"},"LowestPrice":{"Amount":11.67,"Currency":"EUR","DisplayAmount":"11,67 €"}}]}},{"ASIN":"B0BNQN89QF","DetailPageURL":"https://www.amazon.es/dp/B0BNQN89QF?tag=topinalambricos-21&linkCode=osi&th=1&psc=1","Images":{"Primary":{"Small":{"Height":75,"URL":"https://m.media-amazon.com/images/I/41m+zixsAKL._SL75_.jpg","Width":75}}},"ItemInfo":{"ByLineInfo":{"Brand":{"DisplayValue":"PUERHUACI","Label":"Brand","Locale":"es_ES"}},"Title":{"DisplayValue":"Neceser Transparente Viaje Avion,Bolsa Liquidos Avion,6 Piezas Bolso Transparente,19x14cm Neceser Viaje Avion,Bolsa Transparente Multifunción con Cremallera","Label":"Title","Locale":"es_ES"}},"Offers":{"Summaries":[{"Condition":{"Value":"New"},"LowestPrice":{"Amount":13.89,"Currency":"EUR","DisplayAmount":"13,89 €"}}]}},{"ASIN":"B0BVVKZLHT","DetailPageURL":"https://www.amazon.es/dp/B0BVVKZLHT?tag=topinalambricos-21&linkCode=osi&th=1&psc=1","Images":{"Primary":{"Small":{"Height":75,"URL":"https://m.media-amazon.com/images/I/41zd76ozzyL._SL75_.jpg","Width":75}}},"ItemInfo":{"ByLineInfo":{"Brand":{"DisplayValue":"Aucuu","Label":"Brand","Locale":"es_ES"},"Manufacturer":{"DisplayValue":"Aucuu®-EU","Label":"Manufacturer","Locale":"es_ES"}},"Title":{"DisplayValue":"Aucuu 4PCS Neceser Hombre, Transparente Neceser Viaje Avion, Bolsa liquidos Avion, Bolsa de Aseo Organizador Mujer, Viajes Accesorios, 20x20cm (Gris+ Cuerda)","Label":"Title","Locale":"es_ES"}},"Offers":{"Summaries":[{"Condition":{"Value":"New"},"LowestPrice":{"Amount":7.98,"Currency":"EUR","DisplayAmount":"7,98 €"}}]}},{"ASIN":"B0BWTJMHXF","DetailPageURL":"https://www.amazon.es/dp/B0BWTJMHXF?tag=topinalambricos-21&linkCode=osi&th=1&psc=1","Images":{"Primary":{"Small":{"Height":75,"URL":"https://m.media-amazon.com/images/I/51-Gsh1xTvL._SL75_.jpg","Width":75}}},"ItemInfo":{"ByLineInfo":{"Brand":{"DisplayValue":"talifoca","Label":"Brand","Locale":"es_ES"},"Manufacturer":{"DisplayValue":"TALIFOCA","Label":"Manufacturer","Locale":"es_ES"}},"Title":{"DisplayValue":"3 Piezas Neceser de Aseo Transparente, Bolsas Transparentes de Avión,Bolsas de Aseo Transparente,Mujer Bolsa de Cosmético Organizador,Kit de Viaje para Avión, para Mujeres y Hombres","Label":"Title","Locale":"es_ES"}},"Offers":{"Summaries":[{"Condition":{"Value":"New"},"LowestPrice":{"Amount":8.99,"Currency":"EUR","DisplayAmount":"8,99 €"}}]}},{"ASIN":"B08YNGRXNK","DetailPageURL":"https://www.amazon.es/dp/B08YNGRXNK?tag=topinalambricos-21&linkCode=osi&th=1&psc=1","Images":{"Primary":{"Small":{"Height":75,"URL":"https://m.media-amazon.com/images/I/4158WjUfRlL._SL75_.jpg","Width":75}}},"ItemInfo":{"ByLineInfo":{"Brand":{"DisplayValue":"Casio","Label":"Brand","Locale":"es_ES"},"Manufacturer":{"DisplayValue":"CASIO","Label":"Manufacturer","Locale":"es_ES"}},"Title":{"DisplayValue":"Casio Unisex-adultos Digital GA-2100SKE-7AER","Label":"Title","Locale":"es_ES"}},"Offers":{"Summaries":[{"Condition":{"Value":"New"},"LowestPrice":{"Amount":83.59,"Currency":"EUR","DisplayAmount":"83,59 €"}}]}},{"ASIN":"B0CH9FT7L6","DetailPageURL":"https://www.amazon.es/dp/B0CH9FT7L6?tag=topinalambricos-21&linkCode=osi&th=1&psc=1","Images":{"Primary":{"Small":{"Height":75,"URL":"https://m.media-amazon.com/images/I/41Zy4SoABVL._SL75_.jpg","Width":75}}},"ItemInfo":{"ByLineInfo":{"Brand":{"DisplayValue":"Smilbaley","Label":"Brand","Locale":"es_ES"},"Manufacturer":{"DisplayValue":"D-22","Label":"Manufacturer","Locale":"es_ES"}},"Title":{"DisplayValue":"Smilbaley 2 Piezas Bolsa de Gimnasia Transparente, Bolsa de Cincha Transparente, Bolsa de Gimnasia Transparente con Cordón, para Escuelas, Exteriores, Gimnasios, Playas (35×45cm)","Label":"Title","Locale":"es_ES"}},"Offers":{"Summaries":[{"Condition":{"Value":"New"},"LowestPrice":{"Amount":14.99,"Currency":"EUR","DisplayAmount":"14,99 €"}}]}}],"SearchURL":"https://www.amazon.es/s?k=transparente&rh=n%3A14223378031%2Cp_n_availability%3A-1&tag=topinalambricos-21&linkCode=osi","TotalResultCount":306}},"102":{"SearchResult":{"Items":[{"ASIN":"B07GBN7JMK","DetailPageURL":"https://www.amazon.es/dp/B07GBN7JMK?tag=topinalambricos-21&linkCode=osi&th=1&psc=1","Images":{"Primary":{"Small":{"Height":75,"URL":"https://m.media-amazon.com/images/I/31vHA+wxLoL._SL75_.jpg","Width":70}}},"ItemInfo":{"ByLineInfo":{"Brand":{"DisplayValue":"Lancoon","Label":"Brand","Locale":"es_ES"},"Manufacturer":{"DisplayValue":"Lancoon","Label":"Manufacturer","Locale":"es_ES"}},"Title":{"DisplayValue":"Lancoon Paraguas Cúpula Transparente Mujer, 16 Costillas TamañO Grande A Prueba De Viento AutomáTico Abierto KS10White","Label":"Title","Locale":"es_ES"}},"Offers":{"Summaries":[{"Condition":{"Value":"New"},"LowestPrice":{"Amount":24.99,"Currency":"EUR","DisplayAmount":"24,99 €"}}]}},{"ASIN":"B0C4YLL3QG","DetailPageURL":"https://www.amazon.es/dp/B0C4YLL3QG?tag=topinalambricos-21&linkCode=osi&th=1&psc=1","Images":{"Primary":{"Small":{"Height":75,"URL":"https://m.media-amazon.com/images/I/312yqV-pibL._SL75_.jpg","Width":64}}},"ItemInfo":{"ByLineInfo":{"Brand":{"DisplayValue":"Jissta","Label":"Brand","Locale":"es_ES"},"Manufacturer":{"DisplayValue":"Jissta","Label":"Manufacturer","Locale":"es_ES"}},"Title":{"DisplayValue":"Jissta 4 neceseres Transparentes 20 * 20CM, Bolsa para líquidos de avión, Neceser portátil, Neceser de Viaje para Mujeres y Hombres con asa","Label":"Title","Locale":"es_ES"}},"Offers":{"Summaries":[{"Condition":{"Value":"New"},"LowestPrice":{"Amount":7.99,"Currency":"EUR","DisplayAmount":"7,99 €"}}]}},{"ASIN":"B0B1V8QLLT","DetailPageURL":"https://www.amazon.es/dp/B0B1V8QLLT?tag=topinalambricos-21&linkCode=osi&th=1&psc=1","Images":{"Primary":{"Small":{"Height":75,"URL":"https://m.media-amazon.com/images/I/41aMcaqaMBL._SL75_.jpg","Width":75}}},"ItemInfo":{"ByLineInfo":{"Brand":{"DisplayValue":"Pinsheng","Label":"Brand","Locale":"es_ES"},"Manufacturer":{"DisplayValue":"Pinsheng","Label":"Manufacturer","Locale":"es_ES"}},"Title":{"DisplayValue":"Pinsheng Tirantes Transparentes Sujetador 4 Pares Transparente Hombro Tirantes Claro Sujetador Correas Correas Transparentes Invisibles Antideslizantes de Sujetador para Mujer","Label":"Title","Locale":"es_ES"}},"Offers":{"Summaries":[{"Condition":{"Value":"New"},"LowestPrice":{"Amount":3.99,"Currency":"EUR","DisplayAmount":"3,99 €"}}]}},{"ASIN":"B09C376BCW","DetailPageURL":"https://www.amazon.es/dp/B09C376BCW?tag=topinalambricos-21&linkCode=osi&th=1&psc=1","Images":{"Primary":{"Small":{"Height":75,"URL":"https://m.media-amazon.com/images/I/31DDHCgK0lL._SL75_.jpg","Width":75}}},"ItemInfo":{"ByLineInfo":{"Brand":{"DisplayValue":"Jiakalamo","Label":"Brand","Locale":"es_ES"},"Manufacturer":{"DisplayValue":"Jiakalamo","Label":"Manufacturer","Locale":"es_ES"}},"Title":{"DisplayValue":"Jiakalamo Paraguas transparente plegable, Paraguas transparente automático para bodas , Paraguas transparente plegable mujer antiviento niño bodas travel ,Cierre automático Paraguas","Label":"Title","Locale":"es_ES"}},"Offers":{"Summaries":[{"Condition":{"Value":"New"},"LowestPrice":{"Amount":16.3,"Currency":"EUR","DisplayAmount":"16,30 €"}}]}},{"ASIN":"B081RPLNK1","DetailPageURL":"https://www.amazon.es/dp/B081RPLNK1?tag=topinalambricos-21&linkCode=osi&th=1&psc=1","Images":{"Primary":{"Small":{"Height":75,"URL":"https://m.media-amazon.com/images/I/4146RIkJjkL._SL75_.jpg","Width":75}}},"ItemInfo":{"ByLineInfo":{"Brand":{"DisplayValue":"WENTS","Label":"Brand","Locale":"es_ES"}},"Title":{"DisplayValue":"WENTS Bolsa Transparente de PVC Bolsa Transparente con Bolsillos con Cremallera y Correa para el Hombro Desmontable Cremallera Neceser De Cosmeticos De Mano Gran Capacidad","Label":"Title","Locale":"es_ES"}},"Offers":{"Summaries":[{"Condition":{"Value":"New"},"LowestPrice":{"Amount":11.67,"Currency":"EUR","DisplayAmount":"11,67 €"}}]}},{"ASIN":"B0BNQN89QF","DetailPageURL":"https://www.amazon.es/dp/B0BNQN89QF?tag=topinalambricos-21&linkCode=osi&th=1&psc=1","Images":{"Primary":{"Small":{"Height":75,"URL":"https://m.media-amazon.com/images/I/41m+zixsAKL._SL75_.jpg","Width":75}}},"ItemInfo":{"ByLineInfo":{"Brand":{"DisplayValue":"PUERHUACI","Label":"Brand","Locale":"es_ES"}},"Title":{"DisplayValue":"Neceser Transparente Viaje Avion,Bolsa Liquidos Avion,6 Piezas Bolso Transparente,19x14cm Neceser Viaje Avion,Bolsa Transparente Multifunción con Cremallera","Label":"Title","Locale":"es_ES"}},"Offers":{"Summaries":[{"Condition":{"Value":"New"},"LowestPrice":{"Amount":13.89,"Currency":"EUR","DisplayAmount":"13,89 €"}}]}},{"ASIN":"B0BVVKZLHT","DetailPageURL":"https://www.amazon.es/dp/B0BVVKZLHT?tag=topinalambricos-21&linkCode=osi&th=1&psc=1","Images":{"Primary":{"Small":{"Height":75,"URL":"https://m.media-amazon.com/images/I/41zd76ozzyL._SL75_.jpg","Width":75}}},"ItemInfo":{"ByLineInfo":{"Brand":{"DisplayValue":"Aucuu","Label":"Brand","Locale":"es_ES"},"Manufacturer":{"DisplayValue":"Aucuu®-EU","Label":"Manufacturer","Locale":"es_ES"}},"Title":{"DisplayValue":"Aucuu 4PCS Neceser Hombre, Transparente Neceser Viaje Avion, Bolsa liquidos Avion, Bolsa de Aseo Organizador Mujer, Viajes Accesorios, 20x20cm (Gris+ Cuerda)","Label":"Title","Locale":"es_ES"}},"Offers":{"Summaries":[{"Condition":{"Value":"New"},"LowestPrice":{"Amount":7.98,"Currency":"EUR","DisplayAmount":"7,98 €"}}]}},{"ASIN":"B0BWTJMHXF","DetailPageURL":"https://www.amazon.es/dp/B0BWTJMHXF?tag=topinalambricos-21&linkCode=osi&th=1&psc=1","Images":{"Primary":{"Small":{"Height":75,"URL":"https://m.media-amazon.com/images/I/51-Gsh1xTvL._SL75_.jpg","Width":75}}},"ItemInfo":{"ByLineInfo":{"Brand":{"DisplayValue":"talifoca","Label":"Brand","Locale":"es_ES"},"Manufacturer":{"DisplayValue":"TALIFOCA","Label":"Manufacturer","Locale":"es_ES"}},"Title":{"DisplayValue":"3 Piezas Neceser de Aseo Transparente, Bolsas Transparentes de Avión,Bolsas de Aseo Transparente,Mujer Bolsa de Cosmético Organizador,Kit de Viaje para Avión, para Mujeres y Hombres","Label":"Title","Locale":"es_ES"}},"Offers":{"Summaries":[{"Condition":{"Value":"New"},"LowestPrice":{"Amount":8.99,"Currency":"EUR","DisplayAmount":"8,99 €"}}]}},{"ASIN":"B08YNGRXNK","DetailPageURL":"https://www.amazon.es/dp/B08YNGRXNK?tag=topinalambricos-21&linkCode=osi&th=1&psc=1","Images":{"Primary":{"Small":{"Height":75,"URL":"https://m.media-amazon.com/images/I/4158WjUfRlL._SL75_.jpg","Width":75}}},"ItemInfo":{"ByLineInfo":{"Brand":{"DisplayValue":"Casio","Label":"Brand","Locale":"es_ES"},"Manufacturer":{"DisplayValue":"CASIO","Label":"Manufacturer","Locale":"es_ES"}},"Title":{"DisplayValue":"Casio Unisex-adultos Digital GA-2100SKE-7AER","Label":"Title","Locale":"es_ES"}},"Offers":{"Summaries":[{"Condition":{"Value":"New"},"LowestPrice":{"Amount":83.59,"Currency":"EUR","DisplayAmount":"83,59 €"}}]}},{"ASIN":"B0CH9FT7L6","DetailPageURL":"https://www.amazon.es/dp/B0CH9FT7L6?tag=topinalambricos-21&linkCode=osi&th=1&psc=1","Images":{"Primary":{"Small":{"Height":75,"URL":"https://m.media-amazon.com/images/I/41Zy4SoABVL._SL75_.jpg","Width":75}}},"ItemInfo":{"ByLineInfo":{"Brand":{"DisplayValue":"Smilbaley","Label":"Brand","Locale":"es_ES"},"Manufacturer":{"DisplayValue":"D-22","Label":"Manufacturer","Locale":"es_ES"}},"Title":{"DisplayValue":"Smilbaley 2 Piezas Bolsa de Gimnasia Transparente, Bolsa de Cincha Transparente, Bolsa de Gimnasia Transparente con Cordón, para Escuelas, Exteriores, Gimnasios, Playas (35×45cm)","Label":"Title","Locale":"es_ES"}},"Offers":{"Summaries":[{"Condition":{"Value":"New"},"LowestPrice":{"Amount":14.99,"Currency":"EUR","DisplayAmount":"14,99 €"}}]}}],"SearchURL":"https://www.amazon.es/s?k=transparente&rh=n%3A14223378031%2Cp_n_availability%3A-1&tag=topinalambricos-21&linkCode=osi","TotalResultCount":306}},"103":{"SearchResult":{"Items":[{"ASIN":"B07GBN7JMK","DetailPageURL":"https://www.amazon.es/dp/B07GBN7JMK?tag=topinalambricos-21&linkCode=osi&th=1&psc=1","Images":{"Primary":{"Small":{"Height":75,"URL":"https://m.media-amazon.com/images/I/31vHA+wxLoL._SL75_.jpg","Width":70}}},"ItemInfo":{"ByLineInfo":{"Brand":{"DisplayValue":"Lancoon","Label":"Brand","Locale":"es_ES"},"Manufacturer":{"DisplayValue":"Lancoon","Label":"Manufacturer","Locale":"es_ES"}},"Title":{"DisplayValue":"Lancoon Paraguas Cúpula Transparente Mujer, 16 Costillas TamañO Grande A Prueba De Viento AutomáTico Abierto KS10White","Label":"Title","Locale":"es_ES"}},"Offers":{"Summaries":[{"Condition":{"Value":"New"},"LowestPrice":{"Amount":24.99,"Currency":"EUR","DisplayAmount":"24,99 €"}}]}},{"ASIN":"B0C4YLL3QG","DetailPageURL":"https://www.amazon.es/dp/B0C4YLL3QG?tag=topinalambricos-21&linkCode=osi&th=1&psc=1","Images":{"Primary":{"Small":{"Height":75,"URL":"https://m.media-amazon.com/images/I/312yqV-pibL._SL75_.jpg","Width":64}}},"ItemInfo":{"ByLineInfo":{"Brand":{"DisplayValue":"Jissta","Label":"Brand","Locale":"es_ES"},"Manufacturer":{"DisplayValue":"Jissta","Label":"Manufacturer","Locale":"es_ES"}},"Title":{"DisplayValue":"Jissta 4 neceseres Transparentes 20 * 20CM, Bolsa para líquidos de avión, Neceser portátil, Neceser de Viaje para Mujeres y Hombres con asa","Label":"Title","Locale":"es_ES"}},"Offers":{"Summaries":[{"Condition":{"Value":"New"},"LowestPrice":{"Amount":7.99,"Currency":"EUR","DisplayAmount":"7,99 €"}}]}},{"ASIN":"B0B1V8QLLT","DetailPageURL":"https://www.amazon.es/dp/B0B1V8QLLT?tag=topinalambricos-21&linkCode=osi&th=1&psc=1","Images":{"Primary":{"Small":{"Height":75,"URL":"https://m.media-amazon.com/images/I/41aMcaqaMBL._SL75_.jpg","Width":75}}},"ItemInfo":{"ByLineInfo":{"Brand":{"DisplayValue":"Pinsheng","Label":"Brand","Locale":"es_ES"},"Manufacturer":{"DisplayValue":"Pinsheng","Label":"Manufacturer","Locale":"es_ES"}},"Title":{"DisplayValue":"Pinsheng Tirantes Transparentes Sujetador 4 Pares Transparente Hombro Tirantes Claro Sujetador Correas Correas Transparentes Invisibles Antideslizantes de Sujetador para Mujer","Label":"Title","Locale":"es_ES"}},"Offers":{"Summaries":[{"Condition":{"Value":"New"},"LowestPrice":{"Amount":3.99,"Currency":"EUR","DisplayAmount":"3,99 €"}}]}},{"ASIN":"B09C376BCW","DetailPageURL":"https://www.amazon.es/dp/B09C376BCW?tag=topinalambricos-21&linkCode=osi&th=1&psc=1","Images":{"Primary":{"Small":{"Height":75,"URL":"https://m.media-amazon.com/images/I/31DDHCgK0lL._SL75_.jpg","Width":75}}},"ItemInfo":{"ByLineInfo":{"Brand":{"DisplayValue":"Jiakalamo","Label":"Brand","Locale":"es_ES"},"Manufacturer":{"DisplayValue":"Jiakalamo","Label":"Manufacturer","Locale":"es_ES"}},"Title":{"DisplayValue":"Jiakalamo Paraguas transparente plegable, Paraguas transparente automático para bodas , Paraguas transparente plegable mujer antiviento niño bodas travel ,Cierre automático Paraguas","Label":"Title","Locale":"es_ES"}},"Offers":{"Summaries":[{"Condition":{"Value":"New"},"LowestPrice":{"Amount":16.3,"Currency":"EUR","DisplayAmount":"16,30 €"}}]}},{"ASIN":"B081RPLNK1","DetailPageURL":"https://www.amazon.es/dp/B081RPLNK1?tag=topinalambricos-21&linkCode=osi&th=1&psc=1","Images":{"Primary":{"Small":{"Height":75,"URL":"https://m.media-amazon.com/images/I/4146RIkJjkL._SL75_.jpg","Width":75}}},"ItemInfo":{"ByLineInfo":{"Brand":{"DisplayValue":"WENTS","Label":"Brand","Locale":"es_ES"}},"Title":{"DisplayValue":"WENTS Bolsa Transparente de PVC Bolsa Transparente con Bolsillos con Cremallera y Correa para el Hombro Desmontable Cremallera Neceser De Cosmeticos De Mano Gran Capacidad","Label":"Title","Locale":"es_ES"}},"Offers":{"Summaries":[{"Condition":{"Value":"New"},"LowestPrice":{"Amount":11.67,"Currency":"EUR","DisplayAmount":"11,67 €"}}]}},{"ASIN":"B0BNQN89QF","DetailPageURL":"https://www.amazon.es/dp/B0BNQN89QF?tag=topinalambricos-21&linkCode=osi&th=1&psc=1","Images":{"Primary":{"Small":{"Height":75,"URL":"https://m.media-amazon.com/images/I/41m+zixsAKL._SL75_.jpg","Width":75}}},"ItemInfo":{"ByLineInfo":{"Brand":{"DisplayValue":"PUERHUACI","Label":"Brand","Locale":"es_ES"}},"Title":{"DisplayValue":"Neceser Transparente Viaje Avion,Bolsa Liquidos Avion,6 Piezas Bolso Transparente,19x14cm Neceser Viaje Avion,Bolsa Transparente Multifunción con Cremallera","Label":"Title","Locale":"es_ES"}},"Offers":{"Summaries":[{"Condition":{"Value":"New"},"LowestPrice":{"Amount":13.89,"Currency":"EUR","DisplayAmount":"13,89 €"}}]}},{"ASIN":"B0BVVKZLHT","DetailPageURL":"https://www.amazon.es/dp/B0BVVKZLHT?tag=topinalambricos-21&linkCode=osi&th=1&psc=1","Images":{"Primary":{"Small":{"Height":75,"URL":"https://m.media-amazon.com/images/I/41zd76ozzyL._SL75_.jpg","Width":75}}},"ItemInfo":{"ByLineInfo":{"Brand":{"DisplayValue":"Aucuu","Label":"Brand","Locale":"es_ES"},"Manufacturer":{"DisplayValue":"Aucuu®-EU","Label":"Manufacturer","Locale":"es_ES"}},"Title":{"DisplayValue":"Aucuu 4PCS Neceser Hombre, Transparente Neceser Viaje Avion, Bolsa liquidos Avion, Bolsa de Aseo Organizador Mujer, Viajes Accesorios, 20x20cm (Gris+ Cuerda)","Label":"Title","Locale":"es_ES"}},"Offers":{"Summaries":[{"Condition":{"Value":"New"},"LowestPrice":{"Amount":7.98,"Currency":"EUR","DisplayAmount":"7,98 €"}}]}},{"ASIN":"B0BWTJMHXF","DetailPageURL":"https://www.amazon.es/dp/B0BWTJMHXF?tag=topinalambricos-21&linkCode=osi&th=1&psc=1","Images":{"Primary":{"Small":{"Height":75,"URL":"https://m.media-amazon.com/images/I/51-Gsh1xTvL._SL75_.jpg","Width":75}}},"ItemInfo":{"ByLineInfo":{"Brand":{"DisplayValue":"talifoca","Label":"Brand","Locale":"es_ES"},"Manufacturer":{"DisplayValue":"TALIFOCA","Label":"Manufacturer","Locale":"es_ES"}},"Title":{"DisplayValue":"3 Piezas Neceser de Aseo Transparente, Bolsas Transparentes de Avión,Bolsas de Aseo Transparente,Mujer Bolsa de Cosmético Organizador,Kit de Viaje para Avión, para Mujeres y Hombres","Label":"Title","Locale":"es_ES"}},"Offers":{"Summaries":[{"Condition":{"Value":"New"},"LowestPrice":{"Amount":8.99,"Currency":"EUR","DisplayAmount":"8,99 €"}}]}},{"ASIN":"B08YNGRXNK","DetailPageURL":"https://www.amazon.es/dp/B08YNGRXNK?tag=topinalambricos-21&linkCode=osi&th=1&psc=1","Images":{"Primary":{"Small":{"Height":75,"URL":"https://m.media-amazon.com/images/I/4158WjUfRlL._SL75_.jpg","Width":75}}},"ItemInfo":{"ByLineInfo":{"Brand":{"DisplayValue":"Casio","Label":"Brand","Locale":"es_ES"},"Manufacturer":{"DisplayValue":"CASIO","Label":"Manufacturer","Locale":"es_ES"}},"Title":{"DisplayValue":"Casio Unisex-adultos Digital GA-2100SKE-7AER","Label":"Title","Locale":"es_ES"}},"Offers":{"Summaries":[{"Condition":{"Value":"New"},"LowestPrice":{"Amount":83.59,"Currency":"EUR","DisplayAmount":"83,59 €"}}]}},{"ASIN":"B0CH9FT7L6","DetailPageURL":"https://www.amazon.es/dp/B0CH9FT7L6?tag=topinalambricos-21&linkCode=osi&th=1&psc=1","Images":{"Primary":{"Small":{"Height":75,"URL":"https://m.media-amazon.com/images/I/41Zy4SoABVL._SL75_.jpg","Width":75}}},"ItemInfo":{"ByLineInfo":{"Brand":{"DisplayValue":"Smilbaley","Label":"Brand","Locale":"es_ES"},"Manufacturer":{"DisplayValue":"D-22","Label":"Manufacturer","Locale":"es_ES"}},"Title":{"DisplayValue":"Smilbaley 2 Piezas Bolsa de Gimnasia Transparente, Bolsa de Cincha Transparente, Bolsa de Gimnasia Transparente con Cordón, para Escuelas, Exteriores, Gimnasios, Playas (35×45cm)","Label":"Title","Locale":"es_ES"}},"Offers":{"Summaries":[{"Condition":{"Value":"New"},"LowestPrice":{"Amount":14.99,"Currency":"EUR","DisplayAmount":"14,99 €"}}]}}],"SearchURL":"https://www.amazon.es/s?k=transparente&rh=n%3A14223378031%2Cp_n_availability%3A-1&tag=topinalambricos-21&linkCode=osi","TotalResultCount":306}},"104":{"SearchResult":{"Items":[{"ASIN":"B07GBN7JMK","DetailPageURL":"https://www.amazon.es/dp/B07GBN7JMK?tag=topinalambricos-21&linkCode=osi&th=1&psc=1","Images":{"Primary":{"Small":{"Height":75,"URL":"https://m.media-amazon.com/images/I/31vHA+wxLoL._SL75_.jpg","Width":70}}},"ItemInfo":{"ByLineInfo":{"Brand":{"DisplayValue":"Lancoon","Label":"Brand","Locale":"es_ES"},"Manufacturer":{"DisplayValue":"Lancoon","Label":"Manufacturer","Locale":"es_ES"}},"Title":{"DisplayValue":"Lancoon Paraguas Cúpula Transparente Mujer, 16 Costillas TamañO Grande A Prueba De Viento AutomáTico Abierto KS10White","Label":"Title","Locale":"es_ES"}},"Offers":{"Summaries":[{"Condition":{"Value":"New"},"LowestPrice":{"Amount":24.99,"Currency":"EUR","DisplayAmount":"24,99 €"}}]}},{"ASIN":"B0C4YLL3QG","DetailPageURL":"https://www.amazon.es/dp/B0C4YLL3QG?tag=topinalambricos-21&linkCode=osi&th=1&psc=1","Images":{"Primary":{"Small":{"Height":75,"URL":"https://m.media-amazon.com/images/I/312yqV-pibL._SL75_.jpg","Width":64}}},"ItemInfo":{"ByLineInfo":{"Brand":{"DisplayValue":"Jissta","Label":"Brand","Locale":"es_ES"},"Manufacturer":{"DisplayValue":"Jissta","Label":"Manufacturer","Locale":"es_ES"}},"Title":{"DisplayValue":"Jissta 4 neceseres Transparentes 20 * 20CM, Bolsa para líquidos de avión, Neceser portátil, Neceser de Viaje para Mujeres y Hombres con asa","Label":"Title","Locale":"es_ES"}},"Offers":{"Summaries":[{"Condition":{"Value":"New"},"LowestPrice":{"Amount":7.99,"Currency":"EUR","DisplayAmount":"7,99 €"}}]}},{"ASIN":"B0B1V8QLLT","DetailPageURL":"https://www.amazon.es/dp/B0B1V8QLLT?tag=topinalambricos-21&linkCode=osi&th=1&psc=1","Images":{"Primary":{"Small":{"Height":75,"URL":"https://m.media-amazon.com/images/I/41aMcaqaMBL._SL75_.jpg","Width":75}}},"ItemInfo":{"ByLineInfo":{"Brand":{"DisplayValue":"Pinsheng","Label":"Brand","Locale":"es_ES"},"Manufacturer":{"DisplayValue":"Pinsheng","Label":"Manufacturer","Locale":"es_ES"}},"Title":{"DisplayValue":"Pinsheng Tirantes Transparentes Sujetador 4 Pares Transparente Hombro Tirantes Claro Sujetador Correas Correas Transparentes Invisibles Antideslizantes de Sujetador para Mujer","Label":"Title","Locale":"es_ES"}},"Offers":{"Summaries":[{"Condition":{"Value":"New"},"LowestPrice":{"Amount":3.99,"Currency":"EUR","DisplayAmount":"3,99 €"}}]}},{"ASIN":"B09C376BCW","DetailPageURL":"https://www.amazon.es/dp/B09C376BCW?tag=topinalambricos-21&linkCode=osi&th=1&psc=1","Images":{"Primary":{"Small":{"Height":75,"URL":"https://m.media-amazon.com/images/I/31DDHCgK0lL._SL75_.jpg","Width":75}}},"ItemInfo":{"ByLineInfo":{"Brand":{"DisplayValue":"Jiakalamo","Label":"Brand","Locale":"es_ES"},"Manufacturer":{"DisplayValue":"Jiakalamo","Label":"Manufacturer","Locale":"es_ES"}},"Title":{"DisplayValue":"Jiakalamo Paraguas transparente plegable, Paraguas transparente automático para bodas , Paraguas transparente plegable mujer antiviento niño bodas travel ,Cierre automático Paraguas","Label":"Title","Locale":"es_ES"}},"Offers":{"Summaries":[{"Condition":{"Value":"New"},"LowestPrice":{"Amount":16.3,"Currency":"EUR","DisplayAmount":"16,30 €"}}]}},{"ASIN":"B081RPLNK1","DetailPageURL":"https://www.amazon.es/dp/B081RPLNK1?tag=topinalambricos-21&linkCode=osi&th=1&psc=1","Images":{"Primary":{"Small":{"Height":75,"URL":"https://m.media-amazon.com/images/I/4146RIkJjkL._SL75_.jpg","Width":75}}},"ItemInfo":{"ByLineInfo":{"Brand":{"DisplayValue":"WENTS","Label":"Brand","Locale":"es_ES"}},"Title":{"DisplayValue":"WENTS Bolsa Transparente de PVC Bolsa Transparente con Bolsillos con Cremallera y Correa para el Hombro Desmontable Cremallera Neceser De Cosmeticos De Mano Gran Capacidad","Label":"Title","Locale":"es_ES"}},"Offers":{"Summaries":[{"Condition":{"Value":"New"},"LowestPrice":{"Amount":11.67,"Currency":"EUR","DisplayAmount":"11,67 €"}}]}},{"ASIN":"B0BNQN89QF","DetailPageURL":"https://www.amazon.es/dp/B0BNQN89QF?tag=topinalambricos-21&linkCode=osi&th=1&psc=1","Images":{"Primary":{"Small":{"Height":75,"URL":"https://m.media-amazon.com/images/I/41m+zixsAKL._SL75_.jpg","Width":75}}},"ItemInfo":{"ByLineInfo":{"Brand":{"DisplayValue":"PUERHUACI","Label":"Brand","Locale":"es_ES"}},"Title":{"DisplayValue":"Neceser Transparente Viaje Avion,Bolsa Liquidos Avion,6 Piezas Bolso Transparente,19x14cm Neceser Viaje Avion,Bolsa Transparente Multifunción con Cremallera","Label":"Title","Locale":"es_ES"}},"Offers":{"Summaries":[{"Condition":{"Value":"New"},"LowestPrice":{"Amount":13.89,"Currency":"EUR","DisplayAmount":"13,89 €"}}]}},{"ASIN":"B0BVVKZLHT","DetailPageURL":"https://www.amazon.es/dp/B0BVVKZLHT?tag=topinalambricos-21&linkCode=osi&th=1&psc=1","Images":{"Primary":{"Small":{"Height":75,"URL":"https://m.media-amazon.com/images/I/41zd76ozzyL._SL75_.jpg","Width":75}}},"ItemInfo":{"ByLineInfo":{"Brand":{"DisplayValue":"Aucuu","Label":"Brand","Locale":"es_ES"},"Manufacturer":{"DisplayValue":"Aucuu®-EU","Label":"Manufacturer","Locale":"es_ES"}},"Title":{"DisplayValue":"Aucuu 4PCS Neceser Hombre, Transparente Neceser Viaje Avion, Bolsa liquidos Avion, Bolsa de Aseo Organizador Mujer, Viajes Accesorios, 20x20cm (Gris+ Cuerda)","Label":"Title","Locale":"es_ES"}},"Offers":{"Summaries":[{"Condition":{"Value":"New"},"LowestPrice":{"Amount":7.98,"Currency":"EUR","DisplayAmount":"7,98 €"}}]}},{"ASIN":"B0BWTJMHXF","DetailPageURL":"https://www.amazon.es/dp/B0BWTJMHXF?tag=topinalambricos-21&linkCode=osi&th=1&psc=1","Images":{"Primary":{"Small":{"Height":75,"URL":"https://m.media-amazon.com/images/I/51-Gsh1xTvL._SL75_.jpg","Width":75}}},"ItemInfo":{"ByLineInfo":{"Brand":{"DisplayValue":"talifoca","Label":"Brand","Locale":"es_ES"},"Manufacturer":{"DisplayValue":"TALIFOCA","Label":"Manufacturer","Locale":"es_ES"}},"Title":{"DisplayValue":"3 Piezas Neceser de Aseo Transparente, Bolsas Transparentes de Avión,Bolsas de Aseo Transparente,Mujer Bolsa de Cosmético Organizador,Kit de Viaje para Avión, para Mujeres y Hombres","Label":"Title","Locale":"es_ES"}},"Offers":{"Summaries":[{"Condition":{"Value":"New"},"LowestPrice":{"Amount":8.99,"Currency":"EUR","DisplayAmount":"8,99 €"}}]}},{"ASIN":"B08YNGRXNK","DetailPageURL":"https://www.amazon.es/dp/B08YNGRXNK?tag=topinalambricos-21&linkCode=osi&th=1&psc=1","Images":{"Primary":{"Small":{"Height":75,"URL":"https://m.media-amazon.com/images/I/4158WjUfRlL._SL75_.jpg","Width":75}}},"ItemInfo":{"ByLineInfo":{"Brand":{"DisplayValue":"Casio","Label":"Brand","Locale":"es_ES"},"Manufacturer":{"DisplayValue":"CASIO","Label":"Manufacturer","Locale":"es_ES"}},"Title":{"DisplayValue":"Casio Unisex-adultos Digital GA-2100SKE-7AER","Label":"Title","Locale":"es_ES"}},"Offers":{"Summaries":[{"Condition":{"Value":"New"},"LowestPrice":{"Amount":83.59,"Currency":"EUR","DisplayAmount":"83,59 €"}}]}},{"ASIN":"B0CH9FT7L6","DetailPageURL":"https://www.amazon.es/dp/B0CH9FT7L6?tag=topinalambricos-21&linkCode=osi&th=1&psc=1","Images":{"Primary":{"Small":{"Height":75,"URL":"https://m.media-amazon.com/images/I/41Zy4SoABVL._SL75_.jpg","Width":75}}},"ItemInfo":{"ByLineInfo":{"Brand":{"DisplayValue":"Smilbaley","Label":"Brand","Locale":"es_ES"},"Manufacturer":{"DisplayValue":"D-22","Label":"Manufacturer","Locale":"es_ES"}},"Title":{"DisplayValue":"Smilbaley 2 Piezas Bolsa de Gimnasia Transparente, Bolsa de Cincha Transparente, Bolsa de Gimnasia Transparente con Cordón, para Escuelas, Exteriores, Gimnasios, Playas (35×45cm)","Label":"Title","Locale":"es_ES"}},"Offers":{"Summaries":[{"Condition":{"Value":"New"},"LowestPrice":{"Amount":14.99,"Currency":"EUR","DisplayAmount":"14,99 €"}}]}}],"SearchURL":"https://www.amazon.es/s?k=transparente&rh=n%3A14223378031%2Cp_n_availability%3A-1&tag=topinalambricos-21&linkCode=osi","TotalResultCount":306}},"105":{"SearchResult":{"Items":[{"ASIN":"B07GBN7JMK","DetailPageURL":"https://www.amazon.es/dp/B07GBN7JMK?tag=topinalambricos-21&linkCode=osi&th=1&psc=1","Images":{"Primary":{"Small":{"Height":75,"URL":"https://m.media-amazon.com/images/I/31vHA+wxLoL._SL75_.jpg","Width":70}}},"ItemInfo":{"ByLineInfo":{"Brand":{"DisplayValue":"Lancoon","Label":"Brand","Locale":"es_ES"},"Manufacturer":{"DisplayValue":"Lancoon","Label":"Manufacturer","Locale":"es_ES"}},"Title":{"DisplayValue":"Lancoon Paraguas Cúpula Transparente Mujer, 16 Costillas TamañO Grande A Prueba De Viento AutomáTico Abierto KS10White","Label":"Title","Locale":"es_ES"}},"Offers":{"Summaries":[{"Condition":{"Value":"New"},"LowestPrice":{"Amount":24.99,"Currency":"EUR","DisplayAmount":"24,99 €"}}]}},{"ASIN":"B0C4YLL3QG","DetailPageURL":"https://www.amazon.es/dp/B0C4YLL3QG?tag=topinalambricos-21&linkCode=osi&th=1&psc=1","Images":{"Primary":{"Small":{"Height":75,"URL":"https://m.media-amazon.com/images/I/312yqV-pibL._SL75_.jpg","Width":64}}},"ItemInfo":{"ByLineInfo":{"Brand":{"DisplayValue":"Jissta","Label":"Brand","Locale":"es_ES"},"Manufacturer":{"DisplayValue":"Jissta","Label":"Manufacturer","Locale":"es_ES"}},"Title":{"DisplayValue":"Jissta 4 neceseres Transparentes 20 * 20CM, Bolsa para líquidos de avión, Neceser portátil, Neceser de Viaje para Mujeres y Hombres con asa","Label":"Title","Locale":"es_ES"}},"Offers":{"Summaries":[{"Condition":{"Value":"New"},"LowestPrice":{"Amount":7.99,"Currency":"EUR","DisplayAmount":"7,99 €"}}]}},{"ASIN":"B0B1V8QLLT","DetailPageURL":"https://www.amazon.es/dp/B0B1V8QLLT?tag=topinalambricos-21&linkCode=osi&th=1&psc=1","Images":{"Primary":{"Small":{"Height":75,"URL":"https://m.media-amazon.com/images/I/41aMcaqaMBL._SL75_.jpg","Width":75}}},"ItemInfo":{"ByLineInfo":{"Brand":{"DisplayValue":"Pinsheng","Label":"Brand","Locale":"es_ES"},"Manufacturer":{"DisplayValue":"Pinsheng","Label":"Manufacturer","Locale":"es_ES"}},"Title":{"DisplayValue":"Pinsheng Tirantes Transparentes Sujetador 4 Pares Transparente Hombro Tirantes Claro Sujetador Correas Correas Transparentes Invisibles Antideslizantes de Sujetador para Mujer","Label":"Title","Locale":"es_ES"}},"Offers":{"Summaries":[{"Condition":{"Value":"New"},"LowestPrice":{"Amount":3.99,"Currency":"EUR","DisplayAmount":"3,99 €"}}]}},{"ASIN":"B09C376BCW","DetailPageURL":"https://www.amazon.es/dp/B09C376BCW?tag=topinalambricos-21&linkCode=osi&th=1&psc=1","Images":{"Primary":{"Small":{"Height":75,"URL":"https://m.media-amazon.com/images/I/31DDHCgK0lL._SL75_.jpg","Width":75}}},"ItemInfo":{"ByLineInfo":{"Brand":{"DisplayValue":"Jiakalamo","Label":"Brand","Locale":"es_ES"},"Manufacturer":{"DisplayValue":"Jiakalamo","Label":"Manufacturer","Locale":"es_ES"}},"Title":{"DisplayValue":"Jiakalamo Paraguas transparente plegable, Paraguas transparente automático para bodas , Paraguas transparente plegable mujer antiviento niño bodas travel ,Cierre automático Paraguas","Label":"Title","Locale":"es_ES"}},"Offers":{"Summaries":[{"Condition":{"Value":"New"},"LowestPrice":{"Amount":16.3,"Currency":"EUR","DisplayAmount":"16,30 €"}}]}},{"ASIN":"B081RPLNK1","DetailPageURL":"https://www.amazon.es/dp/B081RPLNK1?tag=topinalambricos-21&linkCode=osi&th=1&psc=1","Images":{"Primary":{"Small":{"Height":75,"URL":"https://m.media-amazon.com/images/I/4146RIkJjkL._SL75_.jpg","Width":75}}},"ItemInfo":{"ByLineInfo":{"Brand":{"DisplayValue":"WENTS","Label":"Brand","Locale":"es_ES"}},"Title":{"DisplayValue":"WENTS Bolsa Transparente de PVC Bolsa Transparente con Bolsillos con Cremallera y Correa para el Hombro Desmontable Cremallera Neceser De Cosmeticos De Mano Gran Capacidad","Label":"Title","Locale":"es_ES"}},"Offers":{"Summaries":[{"Condition":{"Value":"New"},"LowestPrice":{"Amount":11.67,"Currency":"EUR","DisplayAmount":"11,67 €"}}]}},{"ASIN":"B0BNQN89QF","DetailPageURL":"https://www.amazon.es/dp/B0BNQN89QF?tag=topinalambricos-21&linkCode=osi&th=1&psc=1","Images":{"Primary":{"Small":{"Height":75,"URL":"https://m.media-amazon.com/images/I/41m+zixsAKL._SL75_.jpg","Width":75}}},"ItemInfo":{"ByLineInfo":{"Brand":{"DisplayValue":"PUERHUACI","Label":"Brand","Locale":"es_ES"}},"Title":{"DisplayValue":"Neceser Transparente Viaje Avion,Bolsa Liquidos Avion,6 Piezas Bolso Transparente,19x14cm Neceser Viaje Avion,Bolsa Transparente Multifunción con Cremallera","Label":"Title","Locale":"es_ES"}},"Offers":{"Summaries":[{"Condition":{"Value":"New"},"LowestPrice":{"Amount":13.89,"Currency":"EUR","DisplayAmount":"13,89 €"}}]}},{"ASIN":"B0BVVKZLHT","DetailPageURL":"https://www.amazon.es/dp/B0BVVKZLHT?tag=topinalambricos-21&linkCode=osi&th=1&psc=1","Images":{"Primary":{"Small":{"Height":75,"URL":"https://m.media-amazon.com/images/I/41zd76ozzyL._SL75_.jpg","Width":75}}},"ItemInfo":{"ByLineInfo":{"Brand":{"DisplayValue":"Aucuu","Label":"Brand","Locale":"es_ES"},"Manufacturer":{"DisplayValue":"Aucuu®-EU","Label":"Manufacturer","Locale":"es_ES"}},"Title":{"DisplayValue":"Aucuu 4PCS Neceser Hombre, Transparente Neceser Viaje Avion, Bolsa liquidos Avion, Bolsa de Aseo Organizador Mujer, Viajes Accesorios, 20x20cm (Gris+ Cuerda)","Label":"Title","Locale":"es_ES"}},"Offers":{"Summaries":[{"Condition":{"Value":"New"},"LowestPrice":{"Amount":7.98,"Currency":"EUR","DisplayAmount":"7,98 €"}}]}},{"ASIN":"B0BWTJMHXF","DetailPageURL":"https://www.amazon.es/dp/B0BWTJMHXF?tag=topinalambricos-21&linkCode=osi&th=1&psc=1","Images":{"Primary":{"Small":{"Height":75,"URL":"https://m.media-amazon.com/images/I/51-Gsh1xTvL._SL75_.jpg","Width":75}}},"ItemInfo":{"ByLineInfo":{"Brand":{"DisplayValue":"talifoca","Label":"Brand","Locale":"es_ES"},"Manufacturer":{"DisplayValue":"TALIFOCA","Label":"Manufacturer","Locale":"es_ES"}},"Title":{"DisplayValue":"3 Piezas Neceser de Aseo Transparente, Bolsas Transparentes de Avión,Bolsas de Aseo Transparente,Mujer Bolsa de Cosmético Organizador,Kit de Viaje para Avión, para Mujeres y Hombres","Label":"Title","Locale":"es_ES"}},"Offers":{"Summaries":[{"Condition":{"Value":"New"},"LowestPrice":{"Amount":8.99,"Currency":"EUR","DisplayAmount":"8,99 €"}}]}},{"ASIN":"B08YNGRXNK","DetailPageURL":"https://www.amazon.es/dp/B08YNGRXNK?tag=topinalambricos-21&linkCode=osi&th=1&psc=1","Images":{"Primary":{"Small":{"Height":75,"URL":"https://m.media-amazon.com/images/I/4158WjUfRlL._SL75_.jpg","Width":75}}},"ItemInfo":{"ByLineInfo":{"Brand":{"DisplayValue":"Casio","Label":"Brand","Locale":"es_ES"},"Manufacturer":{"DisplayValue":"CASIO","Label":"Manufacturer","Locale":"es_ES"}},"Title":{"DisplayValue":"Casio Unisex-adultos Digital GA-2100SKE-7AER","Label":"Title","Locale":"es_ES"}},"Offers":{"Summaries":[{"Condition":{"Value":"New"},"LowestPrice":{"Amount":83.59,"Currency":"EUR","DisplayAmount":"83,59 €"}}]}},{"ASIN":"B0CH9FT7L6","DetailPageURL":"https://www.amazon.es/dp/B0CH9FT7L6?tag=topinalambricos-21&linkCode=osi&th=1&psc=1","Images":{"Primary":{"Small":{"Height":75,"URL":"https://m.media-amazon.com/images/I/41Zy4SoABVL._SL75_.jpg","Width":75}}},"ItemInfo":{"ByLineInfo":{"Brand":{"DisplayValue":"Smilbaley","Label":"Brand","Locale":"es_ES"},"Manufacturer":{"DisplayValue":"D-22","Label":"Manufacturer","Locale":"es_ES"}},"Title":{"DisplayValue":"Smilbaley 2 Piezas Bolsa de Gimnasia Transparente, Bolsa de Cincha Transparente, Bolsa de Gimnasia Transparente con Cordón, para Escuelas, Exteriores, Gimnasios, Playas (35×45cm)","Label":"Title","Locale":"es_ES"}},"Offers":{"Summaries":[{"Condition":{"Value":"New"},"LowestPrice":{"Amount":14.99,"Currency":"EUR","DisplayAmount":"14,99 €"}}]}}],"SearchURL":"https://www.amazon.es/s?k=transparente&rh=n%3A14223378031%2Cp_n_availability%3A-1&tag=topinalambricos-21&linkCode=osi","TotalResultCount":306}},"106":{"SearchResult":{"Items":[{"ASIN":"B07GBN7JMK","DetailPageURL":"https://www.amazon.es/dp/B07GBN7JMK?tag=topinalambricos-21&linkCode=osi&th=1&psc=1","Images":{"Primary":{"Small":{"Height":75,"URL":"https://m.media-amazon.com/images/I/31vHA+wxLoL._SL75_.jpg","Width":70}}},"ItemInfo":{"ByLineInfo":{"Brand":{"DisplayValue":"Lancoon","Label":"Brand","Locale":"es_ES"},"Manufacturer":{"DisplayValue":"Lancoon","Label":"Manufacturer","Locale":"es_ES"}},"Title":{"DisplayValue":"Lancoon Paraguas Cúpula Transparente Mujer, 16 Costillas TamañO Grande A Prueba De Viento AutomáTico Abierto KS10White","Label":"Title","Locale":"es_ES"}},"Offers":{"Summaries":[{"Condition":{"Value":"New"},"LowestPrice":{"Amount":24.99,"Currency":"EUR","DisplayAmount":"24,99 €"}}]}},{"ASIN":"B0C4YLL3QG","DetailPageURL":"https://www.amazon.es/dp/B0C4YLL3QG?tag=topinalambricos-21&linkCode=osi&th=1&psc=1","Images":{"Primary":{"Small":{"Height":75,"URL":"https://m.media-amazon.com/images/I/312yqV-pibL._SL75_.jpg","Width":64}}},"ItemInfo":{"ByLineInfo":{"Brand":{"DisplayValue":"Jissta","Label":"Brand","Locale":"es_ES"},"Manufacturer":{"DisplayValue":"Jissta","Label":"Manufacturer","Locale":"es_ES"}},"Title":{"DisplayValue":"Jissta 4 neceseres Transparentes 20 * 20CM, Bolsa para líquidos de avión, Neceser portátil, Neceser de Viaje para Mujeres y Hombres con asa","Label":"Title","Locale":"es_ES"}},"Offers":{"Summaries":[{"Condition":{"Value":"New"},"LowestPrice":{"Amount":7.99,"Currency":"EUR","DisplayAmount":"7,99 €"}}]}},{"ASIN":"B0B1V8QLLT","DetailPageURL":"https://www.amazon.es/dp/B0B1V8QLLT?tag=topinalambricos-21&linkCode=osi&th=1&psc=1","Images":{"Primary":{"Small":{"Height":75,"URL":"https://m.media-amazon.com/images/I/41aMcaqaMBL._SL75_.jpg","Width":75}}},"ItemInfo":{"ByLineInfo":{"Brand":{"DisplayValue":"Pinsheng","Label":"Brand","Locale":"es_ES"},"Manufacturer":{"DisplayValue":"Pinsheng","Label":"Manufacturer","Locale":"es_ES"}},"Title":{"DisplayValue":"Pinsheng Tirantes Transparentes Sujetador 4 Pares Transparente Hombro Tirantes Claro Sujetador Correas Correas Transparentes Invisibles Antideslizantes de Sujetador para Mujer","Label":"Title","Locale":"es_ES"}},"Offers":{"Summaries":[{"Condition":{"Value":"New"},"LowestPrice":{"Amount":3.99,"Currency":"EUR","DisplayAmount":"3,99 €"}}]}},{"ASIN":"B09C376BCW","DetailPageURL":"https://www.amazon.es/dp/B09C376BCW?tag=topinalambricos-21&linkCode=osi&th=1&psc=1","Images":{"Primary":{"Small":{"Height":75,"URL":"https://m.media-amazon.com/images/I/31DDHCgK0lL._SL75_.jpg","Width":75}}},"ItemInfo":{"ByLineInfo":{"Brand":{"DisplayValue":"Jiakalamo","Label":"Brand","Locale":"es_ES"},"Manufacturer":{"DisplayValue":"Jiakalamo","Label":"Manufacturer","Locale":"es_ES"}},"Title":{"DisplayValue":"Jiakalamo Paraguas transparente plegable, Paraguas transparente automático para bodas , Paraguas transparente plegable mujer antiviento niño bodas travel ,Cierre automático Paraguas","Label":"Title","Locale":"es_ES"}},"Offers":{"Summaries":[{"Condition":{"Value":"New"},"LowestPrice":{"Amount":16.3,"Currency":"EUR","DisplayAmount":"16,30 €"}}]}},{"ASIN":"B081RPLNK1","DetailPageURL":"https://www.amazon.es/dp/B081RPLNK1?tag=topinalambricos-21&linkCode=osi&th=1&psc=1","Images":{"Primary":{"Small":{"Height":75,"URL":"https://m.media-amazon.com/images/I/4146RIkJjkL._SL75_.jpg","Width":75}}},"ItemInfo":{"ByLineInfo":{"Brand":{"DisplayValue":"WENTS","Label":"Brand","Locale":"es_ES"}},"Title":{"DisplayValue":"WENTS Bolsa Transparente de PVC Bolsa Transparente con Bolsillos con Cremallera y Correa para el Hombro Desmontable Cremallera Neceser De Cosmeticos De Mano Gran Capacidad","Label":"Title","Locale":"es_ES"}},"Offers":{"Summaries":[{"Condition":{"Value":"New"},"LowestPrice":{"Amount":11.67,"Currency":"EUR","DisplayAmount":"11,67 €"}}]}},{"ASIN":"B0BNQN89QF","DetailPageURL":"https://www.amazon.es/dp/B0BNQN89QF?tag=topinalambricos-21&linkCode=osi&th=1&psc=1","Images":{"Primary":{"Small":{"Height":75,"URL":"https://m.media-amazon.com/images/I/41m+zixsAKL._SL75_.jpg","Width":75}}},"ItemInfo":{"ByLineInfo":{"Brand":{"DisplayValue":"PUERHUACI","Label":"Brand","Locale":"es_ES"}},"Title":{"DisplayValue":"Neceser Transparente Viaje Avion,Bolsa Liquidos Avion,6 Piezas Bolso Transparente,19x14cm Neceser Viaje Avion,Bolsa Transparente Multifunción con Cremallera","Label":"Title","Locale":"es_ES"}},"Offers":{"Summaries":[{"Condition":{"Value":"New"},"LowestPrice":{"Amount":13.89,"Currency":"EUR","DisplayAmount":"13,89 €"}}]}},{"ASIN":"B0BVVKZLHT","DetailPageURL":"https://www.amazon.es/dp/B0BVVKZLHT?tag=topinalambricos-21&linkCode=osi&th=1&psc=1","Images":{"Primary":{"Small":{"Height":75,"URL":"https://m.media-amazon.com/images/I/41zd76ozzyL._SL75_.jpg","Width":75}}},"ItemInfo":{"ByLineInfo":{"Brand":{"DisplayValue":"Aucuu","Label":"Brand","Locale":"es_ES"},"Manufacturer":{"DisplayValue":"Aucuu®-EU","Label":"Manufacturer","Locale":"es_ES"}},"Title":{"DisplayValue":"Aucuu 4PCS Neceser Hombre, Transparente Neceser Viaje Avion, Bolsa liquidos Avion, Bolsa de Aseo Organizador Mujer, Viajes Accesorios, 20x20cm (Gris+ Cuerda)","Label":"Title","Locale":"es_ES"}},"Offers":{"Summaries":[{"Condition":{"Value":"New"},"LowestPrice":{"Amount":7.98,"Currency":"EUR","DisplayAmount":"7,98 €"}}]}},{"ASIN":"B0BWTJMHXF","DetailPageURL":"https://www.amazon.es/dp/B0BWTJMHXF?tag=topinalambricos-21&linkCode=osi&th=1&psc=1","Images":{"Primary":{"Small":{"Height":75,"URL":"https://m.media-amazon.com/images/I/51-Gsh1xTvL._SL75_.jpg","Width":75}}},"ItemInfo":{"ByLineInfo":{"Brand":{"DisplayValue":"talifoca","Label":"Brand","Locale":"es_ES"},"Manufacturer":{"DisplayValue":"TALIFOCA","Label":"Manufacturer","Locale":"es_ES"}},"Title":{"DisplayValue":"3 Piezas Neceser de Aseo Transparente, Bolsas Transparentes de Avión,Bolsas de Aseo Transparente,Mujer Bolsa de Cosmético Organizador,Kit de Viaje para Avión, para Mujeres y Hombres","Label":"Title","Locale":"es_ES"}},"Offers":{"Summaries":[{"Condition":{"Value":"New"},"LowestPrice":{"Amount":8.99,"Currency":"EUR","DisplayAmount":"8,99 €"}}]}},{"ASIN":"B08YNGRXNK","DetailPageURL":"https://www.amazon.es/dp/B08YNGRXNK?tag=topinalambricos-21&linkCode=osi&th=1&psc=1","Images":{"Primary":{"Small":{"Height":75,"URL":"https://m.media-amazon.com/images/I/4158WjUfRlL._SL75_.jpg","Width":75}}},"ItemInfo":{"ByLineInfo":{"Brand":{"DisplayValue":"Casio","Label":"Brand","Locale":"es_ES"},"Manufacturer":{"DisplayValue":"CASIO","Label":"Manufacturer","Locale":"es_ES"}},"Title":{"DisplayValue":"Casio Unisex-adultos Digital GA-2100SKE-7AER","Label":"Title","Locale":"es_ES"}},"Offers":{"Summaries":[{"Condition":{"Value":"New"},"LowestPrice":{"Amount":83.59,"Currency":"EUR","DisplayAmount":"83,59 €"}}]}},{"ASIN":"B0CH9FT7L6","DetailPageURL":"https://www.amazon.es/dp/B0CH9FT7L6?tag=topinalambricos-21&linkCode=osi&th=1&psc=1","Images":{"Primary":{"Small":{"Height":75,"URL":"https://m.media-amazon.com/images/I/41Zy4SoABVL._SL75_.jpg","Width":75}}},"ItemInfo":{"ByLineInfo":{"Brand":{"DisplayValue":"Smilbaley","Label":"Brand","Locale":"es_ES"},"Manufacturer":{"DisplayValue":"D-22","Label":"Manufacturer","Locale":"es_ES"}},"Title":{"DisplayValue":"Smilbaley 2 Piezas Bolsa de Gimnasia Transparente, Bolsa de Cincha Transparente, Bolsa de Gimnasia Transparente con Cordón, para Escuelas, Exteriores, Gimnasios, Playas (35×45cm)","Label":"Title","Locale":"es_ES"}},"Offers":{"Summaries":[{"Condition":{"Value":"New"},"LowestPrice":{"Amount":14.99,"Currency":"EUR","DisplayAmount":"14,99 €"}}]}}],"SearchURL":"https://www.amazon.es/s?k=transparente&rh=n%3A14223378031%2Cp_n_availability%3A-1&tag=topinalambricos-21&linkCode=osi","TotalResultCount":306}},"107":{"SearchResult":{"Items":[{"ASIN":"B07GBN7JMK","DetailPageURL":"https://www.amazon.es/dp/B07GBN7JMK?tag=topinalambricos-21&linkCode=osi&th=1&psc=1","Images":{"Primary":{"Small":{"Height":75,"URL":"https://m.media-amazon.com/images/I/31vHA+wxLoL._SL75_.jpg","Width":70}}},"ItemInfo":{"ByLineInfo":{"Brand":{"DisplayValue":"Lancoon","Label":"Brand","Locale":"es_ES"},"Manufacturer":{"DisplayValue":"Lancoon","Label":"Manufacturer","Locale":"es_ES"}},"Title":{"DisplayValue":"Lancoon Paraguas Cúpula Transparente Mujer, 16 Costillas TamañO Grande A Prueba De Viento AutomáTico Abierto KS10White","Label":"Title","Locale":"es_ES"}},"Offers":{"Summaries":[{"Condition":{"Value":"New"},"LowestPrice":{"Amount":24.99,"Currency":"EUR","DisplayAmount":"24,99 €"}}]}},{"ASIN":"B0C4YLL3QG","DetailPageURL":"https://www.amazon.es/dp/B0C4YLL3QG?tag=topinalambricos-21&linkCode=osi&th=1&psc=1","Images":{"Primary":{"Small":{"Height":75,"URL":"https://m.media-amazon.com/images/I/312yqV-pibL._SL75_.jpg","Width":64}}},"ItemInfo":{"ByLineInfo":{"Brand":{"DisplayValue":"Jissta","Label":"Brand","Locale":"es_ES"},"Manufacturer":{"DisplayValue":"Jissta","Label":"Manufacturer","Locale":"es_ES"}},"Title":{"DisplayValue":"Jissta 4 neceseres Transparentes 20 * 20CM, Bolsa para líquidos de avión, Neceser portátil, Neceser de Viaje para Mujeres y Hombres con asa","Label":"Title","Locale":"es_ES"}},"Offers":{"Summaries":[{"Condition":{"Value":"New"},"LowestPrice":{"Amount":7.99,"Currency":"EUR","DisplayAmount":"7,99 €"}}]}},{"ASIN":"B0B1V8QLLT","DetailPageURL":"https://www.amazon.es/dp/B0B1V8QLLT?tag=topinalambricos-21&linkCode=osi&th=1&psc=1","Images":{"Primary":{"Small":{"Height":75,"URL":"https://m.media-amazon.com/images/I/41aMcaqaMBL._SL75_.jpg","Width":75}}},"ItemInfo":{"ByLineInfo":{"Brand":{"DisplayValue":"Pinsheng","Label":"Brand","Locale":"es_ES"},"Manufacturer":{"DisplayValue":"Pinsheng","Label":"Manufacturer","Locale":"es_ES"}},"Title":{"DisplayValue":"Pinsheng Tirantes Transparentes Sujetador 4 Pares Transparente Hombro Tirantes Claro Sujetador Correas Correas Transparentes Invisibles Antideslizantes de Sujetador para Mujer","Label":"Title","Locale":"es_ES"}},"Offers":{"Summaries":[{"Condition":{"Value":"New"},"LowestPrice":{"Amount":3.99,"Currency":"EUR","DisplayAmount":"3,99 €"}}]}},{"ASIN":"B09C376BCW","DetailPageURL":"https://www.amazon.es/dp/B09C376BCW?tag=topinalambricos-21&linkCode=osi&th=1&psc=1","Images":{"Primary":{"Small":{"Height":75,"URL":"https://m.media-amazon.com/images/I/31DDHCgK0lL._SL75_.jpg","Width":75}}},"ItemInfo":{"ByLineInfo":{"Brand":{"DisplayValue":"Jiakalamo","Label":"Brand","Locale":"es_ES"},"Manufacturer":{"DisplayValue":"Jiakalamo","Label":"Manufacturer","Locale":"es_ES"}},"Title":{"DisplayValue":"Jiakalamo Paraguas transparente plegable, Paraguas transparente automático para bodas , Paraguas transparente plegable mujer antiviento niño bodas travel ,Cierre automático Paraguas","Label":"Title","Locale":"es_ES"}},"Offers":{"Summaries":[{"Condition":{"Value":"New"},"LowestPrice":{"Amount":16.3,"Currency":"EUR","DisplayAmount":"16,30 €"}}]}},{"ASIN":"B081RPLNK1","DetailPageURL":"https://www.amazon.es/dp/B081RPLNK1?tag=topinalambricos-21&linkCode=osi&th=1&psc=1","Images":{"Primary":{"Small":{"Height":75,"URL":"https://m.media-amazon.com/images/I/4146RIkJjkL._SL75_.jpg","Width":75}}},"ItemInfo":{"ByLineInfo":{"Brand":{"DisplayValue":"WENTS","Label":"Brand","Locale":"es_ES"}},"Title":{"DisplayValue":"WENTS Bolsa Transparente de PVC Bolsa Transparente con Bolsillos con Cremallera y Correa para el Hombro Desmontable Cremallera Neceser De Cosmeticos De Mano Gran Capacidad","Label":"Title","Locale":"es_ES"}},"Offers":{"Summaries":[{"Condition":{"Value":"New"},"LowestPrice":{"Amount":11.67,"Currency":"EUR","DisplayAmount":"11,67 €"}}]}},{"ASIN":"B0BNQN89QF","DetailPageURL":"https://www.amazon.es/dp/B0BNQN89QF?tag=topinalambricos-21&linkCode=osi&th=1&psc=1","Images":{"Primary":{"Small":{"Height":75,"URL":"https://m.media-amazon.com/images/I/41m+zixsAKL._SL75_.jpg","Width":75}}},"ItemInfo":{"ByLineInfo":{"Brand":{"DisplayValue":"PUERHUACI","Label":"Brand","Locale":"es_ES"}},"Title":{"DisplayValue":"Neceser Transparente Viaje Avion,Bolsa Liquidos Avion,6 Piezas Bolso Transparente,19x14cm Neceser Viaje Avion,Bolsa Transparente Multifunción con Cremallera","Label":"Title","Locale":"es_ES"}},"Offers":{"Summaries":[{"Condition":{"Value":"New"},"LowestPrice":{"Amount":13.89,"Currency":"EUR","DisplayAmount":"13,89 €"}}]}},{"ASIN":"B0BVVKZLHT","DetailPageURL":"https://www.amazon.es/dp/B0BVVKZLHT?tag=topinalambricos-21&linkCode=osi&th=1&psc=1","Images":{"Primary":{"Small":{"Height":75,"URL":"https://m.media-amazon.com/images/I/41zd76ozzyL._SL75_.jpg","Width":75}}},"ItemInfo":{"ByLineInfo":{"Brand":{"DisplayValue":"Aucuu","Label":"Brand","Locale":"es_ES"},"Manufacturer":{"DisplayValue":"Aucuu®-EU","Label":"Manufacturer","Locale":"es_ES"}},"Title":{"DisplayValue":"Aucuu 4PCS Neceser Hombre, Transparente Neceser Viaje Avion, Bolsa liquidos Avion, Bolsa de Aseo Organizador Mujer, Viajes Accesorios, 20x20cm (Gris+ Cuerda)","Label":"Title","Locale":"es_ES"}},"Offers":{"Summaries":[{"Condition":{"Value":"New"},"LowestPrice":{"Amount":7.98,"Currency":"EUR","DisplayAmount":"7,98 €"}}]}},{"ASIN":"B0BWTJMHXF","DetailPageURL":"https://www.amazon.es/dp/B0BWTJMHXF?tag=topinalambricos-21&linkCode=osi&th=1&psc=1","Images":{"Primary":{"Small":{"Height":75,"URL":"https://m.media-amazon.com/images/I/51-Gsh1xTvL._SL75_.jpg","Width":75}}},"ItemInfo":{"ByLineInfo":{"Brand":{"DisplayValue":"talifoca","Label":"Brand","Locale":"es_ES"},"Manufacturer":{"DisplayValue":"TALIFOCA","Label":"Manufacturer","Locale":"es_ES"}},"Title":{"DisplayValue":"3 Piezas Neceser de Aseo Transparente, Bolsas Transparentes de Avión,Bolsas de Aseo Transparente,Mujer Bolsa de Cosmético Organizador,Kit de Viaje para Avión, para Mujeres y Hombres","Label":"Title","Locale":"es_ES"}},"Offers":{"Summaries":[{"Condition":{"Value":"New"},"LowestPrice":{"Amount":8.99,"Currency":"EUR","DisplayAmount":"8,99 €"}}]}},{"ASIN":"B08YNGRXNK","DetailPageURL":"https://www.amazon.es/dp/B08YNGRXNK?tag=topinalambricos-21&linkCode=osi&th=1&psc=1","Images":{"Primary":{"Small":{"Height":75,"URL":"https://m.media-amazon.com/images/I/4158WjUfRlL._SL75_.jpg","Width":75}}},"ItemInfo":{"ByLineInfo":{"Brand":{"DisplayValue":"Casio","Label":"Brand","Locale":"es_ES"},"Manufacturer":{"DisplayValue":"CASIO","Label":"Manufacturer","Locale":"es_ES"}},"Title":{"DisplayValue":"Casio Unisex-adultos Digital GA-2100SKE-7AER","Label":"Title","Locale":"es_ES"}},"Offers":{"Summaries":[{"Condition":{"Value":"New"},"LowestPrice":{"Amount":83.59,"Currency":"EUR","DisplayAmount":"83,59 €"}}]}},{"ASIN":"B0CH9FT7L6","DetailPageURL":"https://www.amazon.es/dp/B0CH9FT7L6?tag=topinalambricos-21&linkCode=osi&th=1&psc=1","Images":{"Primary":{"Small":{"Height":75,"URL":"https://m.media-amazon.com/images/I/41Zy4SoABVL._SL75_.jpg","Width":75}}},"ItemInfo":{"ByLineInfo":{"Brand":{"DisplayValue":"Smilbaley","Label":"Brand","Locale":"es_ES"},"Manufacturer":{"DisplayValue":"D-22","Label":"Manufacturer","Locale":"es_ES"}},"Title":{"DisplayValue":"Smilbaley 2 Piezas Bolsa de Gimnasia Transparente, Bolsa de Cincha Transparente, Bolsa de Gimnasia Transparente con Cordón, para Escuelas, Exteriores, Gimnasios, Playas (35×45cm)","Label":"Title","Locale":"es_ES"}},"Offers":{"Summaries":[{"Condition":{"Value":"New"},"LowestPrice":{"Amount":14.99,"Currency":"EUR","DisplayAmount":"14,99 €"}}]}}],"SearchURL":"https://www.amazon.es/s?k=transparente&rh=n%3A14223378031%2Cp_n_availability%3A-1&tag=topinalambricos-21&linkCode=osi","TotalResultCount":306}},"108":{"SearchResult":{"Items":[{"ASIN":"B07GBN7JMK","DetailPageURL":"https://www.amazon.es/dp/B07GBN7JMK?tag=topinalambricos-21&linkCode=osi&th=1&psc=1","Images":{"Primary":{"Small":{"Height":75,"URL":"https://m.media-amazon.com/images/I/31vHA+wxLoL._SL75_.jpg","Width":70}}},"ItemInfo":{"ByLineInfo":{"Brand":{"DisplayValue":"Lancoon","Label":"Brand","Locale":"es_ES"},"Manufacturer":{"DisplayValue":"Lancoon","Label":"Manufacturer","Locale":"es_ES"}},"Title":{"DisplayValue":"Lancoon Paraguas Cúpula Transparente Mujer, 16 Costillas TamañO Grande A Prueba De Viento AutomáTico Abierto KS10White","Label":"Title","Locale":"es_ES"}},"Offers":{"Summaries":[{"Condition":{"Value":"New"},"LowestPrice":{"Amount":24.99,"Currency":"EUR","DisplayAmount":"24,99 €"}}]}},{"ASIN":"B0C4YLL3QG","DetailPageURL":"https://www.amazon.es/dp/B0C4YLL3QG?tag=topinalambricos-21&linkCode=osi&th=1&psc=1","Images":{"Primary":{"Small":{"Height":75,"URL":"https://m.media-amazon.com/images/I/312yqV-pibL._SL75_.jpg","Width":64}}},"ItemInfo":{"ByLineInfo":{"Brand":{"DisplayValue":"Jissta","Label":"Brand","Locale":"es_ES"},"Manufacturer":{"DisplayValue":"Jissta","Label":"Manufacturer","Locale":"es_ES"}},"Title":{"DisplayValue":"Jissta 4 neceseres Transparentes 20 * 20CM, Bolsa para líquidos de avión, Neceser portátil, Neceser de Viaje para Mujeres y Hombres con asa","Label":"Title","Locale":"es_ES"}},"Offers":{"Summaries":[{"Condition":{"Value":"New"},"LowestPrice":{"Amount":7.99,"Currency":"EUR","DisplayAmount":"7,99 €"}}]}},{"ASIN":"B0B1V8QLLT","DetailPageURL":"https://www.amazon.es/dp/B0B1V8QLLT?tag=topinalambricos-21&linkCode=osi&th=1&psc=1","Images":{"Primary":{"Small":{"Height":75,"URL":"https://m.media-amazon.com/images/I/41aMcaqaMBL._SL75_.jpg","Width":75}}},"ItemInfo":{"ByLineInfo":{"Brand":{"DisplayValue":"Pinsheng","Label":"Brand","Locale":"es_ES"},"Manufacturer":{"DisplayValue":"Pinsheng","Label":"Manufacturer","Locale":"es_ES"}},"Title":{"DisplayValue":"Pinsheng Tirantes Transparentes Sujetador 4 Pares Transparente Hombro Tirantes Claro Sujetador Correas Correas Transparentes Invisibles Antideslizantes de Sujetador para Mujer","Label":"Title","Locale":"es_ES"}},"Offers":{"Summaries":[{"Condition":{"Value":"New"},"LowestPrice":{"Amount":3.99,"Currency":"EUR","DisplayAmount":"3,99 €"}}]}},{"ASIN":"B09C376BCW","DetailPageURL":"https://www.amazon.es/dp/B09C376BCW?tag=topinalambricos-21&linkCode=osi&th=1&psc=1","Images":{"Primary":{"Small":{"Height":75,"URL":"https://m.media-amazon.com/images/I/31DDHCgK0lL._SL75_.jpg","Width":75}}},"ItemInfo":{"ByLineInfo":{"Brand":{"DisplayValue":"Jiakalamo","Label":"Brand","Locale":"es_ES"},"Manufacturer":{"DisplayValue":"Jiakalamo","Label":"Manufacturer","Locale":"es_ES"}},"Title":{"DisplayValue":"Jiakalamo Paraguas transparente plegable, Paraguas transparente automático para bodas , Paraguas transparente plegable mujer antiviento niño bodas travel ,Cierre automático Paraguas","Label":"Title","Locale":"es_ES"}},"Offers":{"Summaries":[{"Condition":{"Value":"New"},"LowestPrice":{"Amount":16.3,"Currency":"EUR","DisplayAmount":"16,30 €"}}]}},{"ASIN":"B081RPLNK1","DetailPageURL":"https://www.amazon.es/dp/B081RPLNK1?tag=topinalambricos-21&linkCode=osi&th=1&psc=1","Images":{"Primary":{"Small":{"Height":75,"URL":"https://m.media-amazon.com/images/I/4146RIkJjkL._SL75_.jpg","Width":75}}},"ItemInfo":{"ByLineInfo":{"Brand":{"DisplayValue":"WENTS","Label":"Brand","Locale":"es_ES"}},"Title":{"DisplayValue":"WENTS Bolsa Transparente de PVC Bolsa Transparente con Bolsillos con Cremallera y Correa para el Hombro Desmontable Cremallera Neceser De Cosmeticos De Mano Gran Capacidad","Label":"Title","Locale":"es_ES"}},"Offers":{"Summaries":[{"Condition":{"Value":"New"},"LowestPrice":{"Amount":11.67,"Currency":"EUR","DisplayAmount":"11,67 €"}}]}},{"ASIN":"B0BNQN89QF","DetailPageURL":"https://www.amazon.es/dp/B0BNQN89QF?tag=topinalambricos-21&linkCode=osi&th=1&psc=1","Images":{"Primary":{"Small":{"Height":75,"URL":"https://m.media-amazon.com/images/I/41m+zixsAKL._SL75_.jpg","Width":75}}},"ItemInfo":{"ByLineInfo":{"Brand":{"DisplayValue":"PUERHUACI","Label":"Brand","Locale":"es_ES"}},"Title":{"DisplayValue":"Neceser Transparente Viaje Avion,Bolsa Liquidos Avion,6 Piezas Bolso Transparente,19x14cm Neceser Viaje Avion,Bolsa Transparente Multifunción con Cremallera","Label":"Title","Locale":"es_ES"}},"Offers":{"Summaries":[{"Condition":{"Value":"New"},"LowestPrice":{"Amount":13.89,"Currency":"EUR","DisplayAmount":"13,89 €"}}]}},{"ASIN":"B0BVVKZLHT","DetailPageURL":"https://www.amazon.es/dp/B0BVVKZLHT?tag=topinalambricos-21&linkCode=osi&th=1&psc=1","Images":{"Primary":{"Small":{"Height":75,"URL":"https://m.media-amazon.com/images/I/41zd76ozzyL._SL75_.jpg","Width":75}}},"ItemInfo":{"ByLineInfo":{"Brand":{"DisplayValue":"Aucuu","Label":"Brand","Locale":"es_ES"},"Manufacturer":{"DisplayValue":"Aucuu®-EU","Label":"Manufacturer","Locale":"es_ES"}},"Title":{"DisplayValue":"Aucuu 4PCS Neceser Hombre, Transparente Neceser Viaje Avion, Bolsa liquidos Avion, Bolsa de Aseo Organizador Mujer, Viajes Accesorios, 20x20cm (Gris+ Cuerda)","Label":"Title","Locale":"es_ES"}},"Offers":{"Summaries":[{"Condition":{"Value":"New"},"LowestPrice":{"Amount":7.98,"Currency":"EUR","DisplayAmount":"7,98 €"}}]}},{"ASIN":"B0BWTJMHXF","DetailPageURL":"https://www.amazon.es/dp/B0BWTJMHXF?tag=topinalambricos-21&linkCode=osi&th=1&psc=1","Images":{"Primary":{"Small":{"Height":75,"URL":"https://m.media-amazon.com/images/I/51-Gsh1xTvL._SL75_.jpg","Width":75}}},"ItemInfo":{"ByLineInfo":{"Brand":{"DisplayValue":"talifoca","Label":"Brand","Locale":"es_ES"},"Manufacturer":{"DisplayValue":"TALIFOCA","Label":"Manufacturer","Locale":"es_ES"}},"Title":{"DisplayValue":"3 Piezas Neceser de Aseo Transparente, Bolsas Transparentes de Avión,Bolsas de Aseo Transparente,Mujer Bolsa de Cosmético Organizador,Kit de Viaje para Avión, para Mujeres y Hombres","Label":"Title","Locale":"es_ES"}},"Offers":{"Summaries":[{"Condition":{"Value":"New"},"LowestPrice":{"Amount":8.99,"Currency":"EUR","DisplayAmount":"8,99 €"}}]}},{"ASIN":"B08YNGRXNK","DetailPageURL":"https://www.amazon.es/dp/B08YNGRXNK?tag=topinalambricos-21&linkCode=osi&th=1&psc=1","Images":{"Primary":{"Small":{"Height":75,"URL":"https://m.media-amazon.com/images/I/4158WjUfRlL._SL75_.jpg","Width":75}}},"ItemInfo":{"ByLineInfo":{"Brand":{"DisplayValue":"Casio","Label":"Brand","Locale":"es_ES"},"Manufacturer":{"DisplayValue":"CASIO","Label":"Manufacturer","Locale":"es_ES"}},"Title":{"DisplayValue":"Casio Unisex-adultos Digital GA-2100SKE-7AER","Label":"Title","Locale":"es_ES"}},"Offers":{"Summaries":[{"Condition":{"Value":"New"},"LowestPrice":{"Amount":83.59,"Currency":"EUR","DisplayAmount":"83,59 €"}}]}},{"ASIN":"B0CH9FT7L6","DetailPageURL":"https://www.amazon.es/dp/B0CH9FT7L6?tag=topinalambricos-21&linkCode=osi&th=1&psc=1","Images":{"Primary":{"Small":{"Height":75,"URL":"https://m.media-amazon.com/images/I/41Zy4SoABVL._SL75_.jpg","Width":75}}},"ItemInfo":{"ByLineInfo":{"Brand":{"DisplayValue":"Smilbaley","Label":"Brand","Locale":"es_ES"},"Manufacturer":{"DisplayValue":"D-22","Label":"Manufacturer","Locale":"es_ES"}},"Title":{"DisplayValue":"Smilbaley 2 Piezas Bolsa de Gimnasia Transparente, Bolsa de Cincha Transparente, Bolsa de Gimnasia Transparente con Cordón, para Escuelas, Exteriores, Gimnasios, Playas (35×45cm)","Label":"Title","Locale":"es_ES"}},"Offers":{"Summaries":[{"Condition":{"Value":"New"},"LowestPrice":{"Amount":14.99,"Currency":"EUR","DisplayAmount":"14,99 €"}}]}}],"SearchURL":"https://www.amazon.es/s?k=transparente&rh=n%3A14223378031%2Cp_n_availability%3A-1&tag=topinalambricos-21&linkCode=osi","TotalResultCount":306}},"109":{"SearchResult":{"Items":[{"ASIN":"B07GBN7JMK","DetailPageURL":"https://www.amazon.es/dp/B07GBN7JMK?tag=topinalambricos-21&linkCode=osi&th=1&psc=1","Images":{"Primary":{"Small":{"Height":75,"URL":"https://m.media-amazon.com/images/I/31vHA+wxLoL._SL75_.jpg","Width":70}}},"ItemInfo":{"ByLineInfo":{"Brand":{"DisplayValue":"Lancoon","Label":"Brand","Locale":"es_ES"},"Manufacturer":{"DisplayValue":"Lancoon","Label":"Manufacturer","Locale":"es_ES"}},"Title":{"DisplayValue":"Lancoon Paraguas Cúpula Transparente Mujer, 16 Costillas TamañO Grande A Prueba De Viento AutomáTico Abierto KS10White","Label":"Title","Locale":"es_ES"}},"Offers":{"Summaries":[{"Condition":{"Value":"New"},"LowestPrice":{"Amount":24.99,"Currency":"EUR","DisplayAmount":"24,99 €"}}]}},{"ASIN":"B0C4YLL3QG","DetailPageURL":"https://www.amazon.es/dp/B0C4YLL3QG?tag=topinalambricos-21&linkCode=osi&th=1&psc=1","Images":{"Primary":{"Small":{"Height":75,"URL":"https://m.media-amazon.com/images/I/312yqV-pibL._SL75_.jpg","Width":64}}},"ItemInfo":{"ByLineInfo":{"Brand":{"DisplayValue":"Jissta","Label":"Brand","Locale":"es_ES"},"Manufacturer":{"DisplayValue":"Jissta","Label":"Manufacturer","Locale":"es_ES"}},"Title":{"DisplayValue":"Jissta 4 neceseres Transparentes 20 * 20CM, Bolsa para líquidos de avión, Neceser portátil, Neceser de Viaje para Mujeres y Hombres con asa","Label":"Title","Locale":"es_ES"}},"Offers":{"Summaries":[{"Condition":{"Value":"New"},"LowestPrice":{"Amount":7.99,"Currency":"EUR","DisplayAmount":"7,99 €"}}]}},{"ASIN":"B0B1V8QLLT","DetailPageURL":"https://www.amazon.es/dp/B0B1V8QLLT?tag=topinalambricos-21&linkCode=osi&th=1&psc=1","Images":{"Primary":{"Small":{"Height":75,"URL":"https://m.media-amazon.com/images/I/41aMcaqaMBL._SL75_.jpg","Width":75}}},"ItemInfo":{"ByLineInfo":{"Brand":{"DisplayValue":"Pinsheng","Label":"Brand","Locale":"es_ES"},"Manufacturer":{"DisplayValue":"Pinsheng","Label":"Manufacturer","Locale":"es_ES"}},"Title":{"DisplayValue":"Pinsheng Tirantes Transparentes Sujetador 4 Pares Transparente Hombro Tirantes Claro Sujetador Correas Correas Transparentes Invisibles Antideslizantes de Sujetador para Mujer","Label":"Title","Locale":"es_ES"}},"Offers":{"Summaries":[{"Condition":{"Value":"New"},"LowestPrice":{"Amount":3.99,"Currency":"EUR","DisplayAmount":"3,99 €"}}]}},{"ASIN":"B09C376BCW","DetailPageURL":"https://www.amazon.es/dp/B09C376BCW?tag=topinalambricos-21&linkCode=osi&th=1&psc=1","Images":{"Primary":{"Small":{"Height":75,"URL":"https://m.media-amazon.com/images/I/31DDHCgK0lL._SL75_.jpg","Width":75}}},"ItemInfo":{"ByLineInfo":{"Brand":{"DisplayValue":"Jiakalamo","Label":"Brand","Locale":"es_ES"},"Manufacturer":{"DisplayValue":"Jiakalamo","Label":"Manufacturer","Locale":"es_ES"}},"Title":{"DisplayValue":"Jiakalamo Paraguas transparente plegable, Paraguas transparente automático para bodas , Paraguas transparente plegable mujer antiviento niño bodas travel ,Cierre automático Paraguas","Label":"Title","Locale":"es_ES"}},"Offers":{"Summaries":[{"Condition":{"Value":"New"},"LowestPrice":{"Amount":16.3,"Currency":"EUR","DisplayAmount":"16,30 €"}}]}},{"ASIN":"B081RPLNK1","DetailPageURL":"https://www.amazon.es/dp/B081RPLNK1?tag=topinalambricos-21&linkCode=osi&th=1&psc=1","Images":{"Primary":{"Small":{"Height":75,"URL":"https://m.media-amazon.com/images/I/4146RIkJjkL._SL75_.jpg","Width":75}}},"ItemInfo":{"ByLineInfo":{"Brand":{"DisplayValue":"WENTS","Label":"Brand","Locale":"es_ES"}},"Title":{"DisplayValue":"WENTS Bolsa Transparente de PVC Bolsa Transparente con Bolsillos con Cremallera y Correa para el Hombro Desmontable Cremallera Neceser De Cosmeticos De Mano Gran Capacidad","Label":"Title","Locale":"es_ES"}},"Offers":{"Summaries":[{"Condition":{"Value":"New"},"LowestPrice":{"Amount":11.67,"Currency":"EUR","DisplayAmount":"11,67 €"}}]}},{"ASIN":"B0BNQN89QF","DetailPageURL":"https://www.amazon.es/dp/B0BNQN89QF?tag=topinalambricos-21&linkCode=osi&th=1&psc=1","Images":{"Primary":{"Small":{"Height":75,"URL":"https://m.media-amazon.com/images/I/41m+zixsAKL._SL75_.jpg","Width":75}}},"ItemInfo":{"ByLineInfo":{"Brand":{"DisplayValue":"PUERHUACI","Label":"Brand","Locale":"es_ES"}},"Title":{"DisplayValue":"Neceser Transparente Viaje Avion,Bolsa Liquidos Avion,6 Piezas Bolso Transparente,19x14cm Neceser Viaje Avion,Bolsa Transparente Multifunción con Cremallera","Label":"Title","Locale":"es_ES"}},"Offers":{"Summaries":[{"Condition":{"Value":"New"},"LowestPrice":{"Amount":13.89,"Currency":"EUR","DisplayAmount":"13,89 €"}}]}},{"ASIN":"B0BVVKZLHT","DetailPageURL":"https://www.amazon.es/dp/B0BVVKZLHT?tag=topinalambricos-21&linkCode=osi&th=1&psc=1","Images":{"Primary":{"Small":{"Height":75,"URL":"https://m.media-amazon.com/images/I/41zd76ozzyL._SL75_.jpg","Width":75}}},"ItemInfo":{"ByLineInfo":{"Brand":{"DisplayValue":"Aucuu","Label":"Brand","Locale":"es_ES"},"Manufacturer":{"DisplayValue":"Aucuu®-EU","Label":"Manufacturer","Locale":"es_ES"}},"Title":{"DisplayValue":"Aucuu 4PCS Neceser Hombre, Transparente Neceser Viaje Avion, Bolsa liquidos Avion, Bolsa de Aseo Organizador Mujer, Viajes Accesorios, 20x20cm (Gris+ Cuerda)","Label":"Title","Locale":"es_ES"}},"Offers":{"Summaries":[{"Condition":{"Value":"New"},"LowestPrice":{"Amount":7.98,"Currency":"EUR","DisplayAmount":"7,98 €"}}]}},{"ASIN":"B0BWTJMHXF","DetailPageURL":"https://www.amazon.es/dp/B0BWTJMHXF?tag=topinalambricos-21&linkCode=osi&th=1&psc=1","Images":{"Primary":{"Small":{"Height":75,"URL":"https://m.media-amazon.com/images/I/51-Gsh1xTvL._SL75_.jpg","Width":75}}},"ItemInfo":{"ByLineInfo":{"Brand":{"DisplayValue":"talifoca","Label":"Brand","Locale":"es_ES"},"Manufacturer":{"DisplayValue":"TALIFOCA","Label":"Manufacturer","Locale":"es_ES"}},"Title":{"DisplayValue":"3 Piezas Neceser de Aseo Transparente, Bolsas Transparentes de Avión,Bolsas de Aseo Transparente,Mujer Bolsa de Cosmético Organizador,Kit de Viaje para Avión, para Mujeres y Hombres","Label":"Title","Locale":"es_ES"}},"Offers":{"Summaries":[{"Condition":{"Value":"New"},"LowestPrice":{"Amount":8.99,"Currency":"EUR","DisplayAmount":"8,99 €"}}]}},{"ASIN":"B08YNGRXNK","DetailPageURL":"https://www.amazon.es/dp/B08YNGRXNK?tag=topinalambricos-21&linkCode=osi&th=1&psc=1","Images":{"Primary":{"Small":{"Height":75,"URL":"https://m.media-amazon.com/images/I/4158WjUfRlL._SL75_.jpg","Width":75}}},"ItemInfo":{"ByLineInfo":{"Brand":{"DisplayValue":"Casio","Label":"Brand","Locale":"es_ES"},"Manufacturer":{"DisplayValue":"CASIO","Label":"Manufacturer","Locale":"es_ES"}},"Title":{"DisplayValue":"Casio Unisex-adultos Digital GA-2100SKE-7AER","Label":"Title","Locale":"es_ES"}},"Offers":{"Summaries":[{"Condition":{"Value":"New"},"LowestPrice":{"Amount":83.59,"Currency":"EUR","DisplayAmount":"83,59 €"}}]}},{"ASIN":"B0CH9FT7L6","DetailPageURL":"https://www.amazon.es/dp/B0CH9FT7L6?tag=topinalambricos-21&linkCode=osi&th=1&psc=1","Images":{"Primary":{"Small":{"Height":75,"URL":"https://m.media-amazon.com/images/I/41Zy4SoABVL._SL75_.jpg","Width":75}}},"ItemInfo":{"ByLineInfo":{"Brand":{"DisplayValue":"Smilbaley","Label":"Brand","Locale":"es_ES"},"Manufacturer":{"DisplayValue":"D-22","Label":"Manufacturer","Locale":"es_ES"}},"Title":{"DisplayValue":"Smilbaley 2 Piezas Bolsa de Gimnasia Transparente, Bolsa de Cincha Transparente, Bolsa de Gimnasia Transparente con Cordón, para Escuelas, Exteriores, Gimnasios, Playas (35×45cm)","Label":"Title","Locale":"es_ES"}},"Offers":{"Summaries":[{"Condition":{"Value":"New"},"LowestPrice":{"Amount":14.99,"Currency":"EUR","DisplayAmount":"14,99 €"}}]}}],"SearchURL":"https://www.amazon.es/s?k=transparente&rh=n%3A14223378031%2Cp_n_availability%3A-1&tag=topinalambricos-21&linkCode=osi","TotalResultCount":306}},"110":{"SearchResult":{"Items":[{"ASIN":"B07GBN7JMK","DetailPageURL":"https://www.amazon.es/dp/B07GBN7JMK?tag=topinalambricos-21&linkCode=osi&th=1&psc=1","Images":{"Primary":{"Small":{"Height":75,"URL":"https://m.media-amazon.com/images/I/31vHA+wxLoL._SL75_.jpg","Width":70}}},"ItemInfo":{"ByLineInfo":{"Brand":{"DisplayValue":"Lancoon","Label":"Brand","Locale":"es_ES"},"Manufacturer":{"DisplayValue":"Lancoon","Label":"Manufacturer","Locale":"es_ES"}},"Title":{"DisplayValue":"Lancoon Paraguas Cúpula Transparente Mujer, 16 Costillas TamañO Grande A Prueba De Viento AutomáTico Abierto KS10White","Label":"Title","Locale":"es_ES"}},"Offers":{"Summaries":[{"Condition":{"Value":"New"},"LowestPrice":{"Amount":24.99,"Currency":"EUR","DisplayAmount":"24,99 €"}}]}},{"ASIN":"B0C4YLL3QG","DetailPageURL":"https://www.amazon.es/dp/B0C4YLL3QG?tag=topinalambricos-21&linkCode=osi&th=1&psc=1","Images":{"Primary":{"Small":{"Height":75,"URL":"https://m.media-amazon.com/images/I/312yqV-pibL._SL75_.jpg","Width":64}}},"ItemInfo":{"ByLineInfo":{"Brand":{"DisplayValue":"Jissta","Label":"Brand","Locale":"es_ES"},"Manufacturer":{"DisplayValue":"Jissta","Label":"Manufacturer","Locale":"es_ES"}},"Title":{"DisplayValue":"Jissta 4 neceseres Transparentes 20 * 20CM, Bolsa para líquidos de avión, Neceser portátil, Neceser de Viaje para Mujeres y Hombres con asa","Label":"Title","Locale":"es_ES"}},"Offers":{"Summaries":[{"Condition":{"Value":"New"},"LowestPrice":{"Amount":7.99,"Currency":"EUR","DisplayAmount":"7,99 €"}}]}},{"ASIN":"B0B1V8QLLT","DetailPageURL":"https://www.amazon.es/dp/B0B1V8QLLT?tag=topinalambricos-21&linkCode=osi&th=1&psc=1","Images":{"Primary":{"Small":{"Height":75,"URL":"https://m.media-amazon.com/images/I/41aMcaqaMBL._SL75_.jpg","Width":75}}},"ItemInfo":{"ByLineInfo":{"Brand":{"DisplayValue":"Pinsheng","Label":"Brand","Locale":"es_ES"},"Manufacturer":{"DisplayValue":"Pinsheng","Label":"Manufacturer","Locale":"es_ES"}},"Title":{"DisplayValue":"Pinsheng Tirantes Transparentes Sujetador 4 Pares Transparente Hombro Tirantes Claro Sujetador Correas Correas Transparentes Invisibles Antideslizantes de Sujetador para Mujer","Label":"Title","Locale":"es_ES"}},"Offers":{"Summaries":[{"Condition":{"Value":"New"},"LowestPrice":{"Amount":3.99,"Currency":"EUR","DisplayAmount":"3,99 €"}}]}},{"ASIN":"B09C376BCW","DetailPageURL":"https://www.amazon.es/dp/B09C376BCW?tag=topinalambricos-21&linkCode=osi&th=1&psc=1","Images":{"Primary":{"Small":{"Height":75,"URL":"https://m.media-amazon.com/images/I/31DDHCgK0lL._SL75_.jpg","Width":75}}},"ItemInfo":{"ByLineInfo":{"Brand":{"DisplayValue":"Jiakalamo","Label":"Brand","Locale":"es_ES"},"Manufacturer":{"DisplayValue":"Jiakalamo","Label":"Manufacturer","Locale":"es_ES"}},"Title":{"DisplayValue":"Jiakalamo Paraguas transparente plegable, Paraguas transparente automático para bodas , Paraguas transparente plegable mujer antiviento niño bodas travel ,Cierre automático Paraguas","Label":"Title","Locale":"es_ES"}},"Offers":{"Summaries":[{"Condition":{"Value":"New"},"LowestPrice":{"Amount":16.3,"Currency":"EUR","DisplayAmount":"16,30 €"}}]}},{"ASIN":"B081RPLNK1","DetailPageURL":"https://www.amazon.es/dp/B081RPLNK1?tag=topinalambricos-21&linkCode=osi&th=1&psc=1","Images":{"Primary":{"Small":{"Height":75,"URL":"https://m.media-amazon.com/images/I/4146RIkJjkL._SL75_.jpg","Width":75}}},"ItemInfo":{"ByLineInfo":{"Brand":{"DisplayValue":"WENTS","Label":"Brand","Locale":"es_ES"}},"Title":{"DisplayValue":"WENTS Bolsa Transparente de PVC Bolsa Transparente con Bolsillos con Cremallera y Correa para el Hombro Desmontable Cremallera Neceser De Cosmeticos De Mano Gran Capacidad","Label":"Title","Locale":"es_ES"}},"Offers":{"Summaries":[{"Condition":{"Value":"New"},"LowestPrice":{"Amount":11.67,"Currency":"EUR","DisplayAmount":"11,67 €"}}]}},{"ASIN":"B0BNQN89QF","DetailPageURL":"https://www.amazon.es/dp/B0BNQN89QF?tag=topinalambricos-21&linkCode=osi&th=1&psc=1","Images":{"Primary":{"Small":{"Height":75,"URL":"https://m.media-amazon.com/images/I/41m+zixsAKL._SL75_.jpg","Width":75}}},"ItemInfo":{"ByLineInfo":{"Brand":{"DisplayValue":"PUERHUACI","Label":"Brand","Locale":"es_ES"}},"Title":{"DisplayValue":"Neceser Transparente Viaje Avion,Bolsa Liquidos Avion,6 Piezas Bolso Transparente,19x14cm Neceser Viaje Avion,Bolsa Transparente Multifunción con Cremallera","Label":"Title","Locale":"es_ES"}},"Offers":{"Summaries":[{"Condition":{"Value":"New"},"LowestPrice":{"Amount":13.89,"Currency":"EUR","DisplayAmount":"13,89 €"}}]}},{"ASIN":"B0BVVKZLHT","DetailPageURL":"https://www.amazon.es/dp/B0BVVKZLHT?tag=topinalambricos-21&linkCode=osi&th=1&psc=1","Images":{"Primary":{"Small":{"Height":75,"URL":"https://m.media-amazon.com/images/I/41zd76ozzyL._SL75_.jpg","Width":75}}},"ItemInfo":{"ByLineInfo":{"Brand":{"DisplayValue":"Aucuu","Label":"Brand","Locale":"es_ES"},"Manufacturer":{"DisplayValue":"Aucuu®-EU","Label":"Manufacturer","Locale":"es_ES"}},"Title":{"DisplayValue":"Aucuu 4PCS Neceser Hombre, Transparente Neceser Viaje Avion, Bolsa liquidos Avion, Bolsa de Aseo Organizador Mujer, Viajes Accesorios, 20x20cm (Gris+ Cuerda)","Label":"Title","Locale":"es_ES"}},"Offers":{"Summaries":[{"Condition":{"Value":"New"},"LowestPrice":{"Amount":7.98,"Currency":"EUR","DisplayAmount":"7,98 €"}}]}},{"ASIN":"B0BWTJMHXF","DetailPageURL":"https://www.amazon.es/dp/B0BWTJMHXF?tag=topinalambricos-21&linkCode=osi&th=1&psc=1","Images":{"Primary":{"Small":{"Height":75,"URL":"https://m.media-amazon.com/images/I/51-Gsh1xTvL._SL75_.jpg","Width":75}}},"ItemInfo":{"ByLineInfo":{"Brand":{"DisplayValue":"talifoca","Label":"Brand","Locale":"es_ES"},"Manufacturer":{"DisplayValue":"TALIFOCA","Label":"Manufacturer","Locale":"es_ES"}},"Title":{"DisplayValue":"3 Piezas Neceser de Aseo Transparente, Bolsas Transparentes de Avión,Bolsas de Aseo Transparente,Mujer Bolsa de Cosmético Organizador,Kit de Viaje para Avión, para Mujeres y Hombres","Label":"Title","Locale":"es_ES"}},"Offers":{"Summaries":[{"Condition":{"Value":"New"},"LowestPrice":{"Amount":8.99,"Currency":"EUR","DisplayAmount":"8,99 €"}}]}},{"ASIN":"B08YNGRXNK","DetailPageURL":"https://www.amazon.es/dp/B08YNGRXNK?tag=topinalambricos-21&linkCode=osi&th=1&psc=1","Images":{"Primary":{"Small":{"Height":75,"URL":"https://m.media-amazon.com/images/I/4158WjUfRlL._SL75_.jpg","Width":75}}},"ItemInfo":{"ByLineInfo":{"Brand":{"DisplayValue":"Casio","Label":"Brand","Locale":"es_ES"},"Manufacturer":{"DisplayValue":"CASIO","Label":"Manufacturer","Locale":"es_ES"}},"Title":{"DisplayValue":"Casio Unisex-adultos Digital GA-2100SKE-7AER","Label":"Title","Locale":"es_ES"}},"Offers":{"Summaries":[{"Condition":{"Value":"New"},"LowestPrice":{"Amount":83.59,"Currency":"EUR","DisplayAmount":"83,59 €"}}]}},{"ASIN":"B0CH9FT7L6","DetailPageURL":"https://www.amazon.es/dp/B0CH9FT7L6?tag=topinalambricos-21&linkCode=osi&th=1&psc=1","Images":{"Primary":{"Small":{"Height":75,"URL":"https://m.media-amazon.com/images/I/41Zy4SoABVL._SL75_.jpg","Width":75}}},"ItemInfo":{"ByLineInfo":{"Brand":{"DisplayValue":"Smilbaley","Label":"Brand","Locale":"es_ES"},"Manufacturer":{"DisplayValue":"D-22","Label":"Manufacturer","Locale":"es_ES"}},"Title":{"DisplayValue":"Smilbaley 2 Piezas Bolsa de Gimnasia Transparente, Bolsa de Cincha Transparente, Bolsa de Gimnasia Transparente con Cordón, para Escuelas, Exteriores, Gimnasios, Playas (35×45cm)","Label":"Title","Locale":"es_ES"}},"Offers":{"Summaries":[{"Condition":{"Value":"New"},"LowestPrice":{"Amount":14.99,"Currency":"EUR","DisplayAmount":"14,99 €"}}]}}],"SearchURL":"https://www.amazon.es/s?k=transparente&rh=n%3A14223378031%2Cp_n_availability%3A-1&tag=topinalambricos-21&linkCode=osi","TotalResultCount":306}},"111":{"SearchResult":{"Items":[{"ASIN":"B07GBN7JMK","DetailPageURL":"https://www.amazon.es/dp/B07GBN7JMK?tag=topinalambricos-21&linkCode=osi&th=1&psc=1","Images":{"Primary":{"Small":{"Height":75,"URL":"https://m.media-amazon.com/images/I/31vHA+wxLoL._SL75_.jpg","Width":70}}},"ItemInfo":{"ByLineInfo":{"Brand":{"DisplayValue":"Lancoon","Label":"Brand","Locale":"es_ES"},"Manufacturer":{"DisplayValue":"Lancoon","Label":"Manufacturer","Locale":"es_ES"}},"Title":{"DisplayValue":"Lancoon Paraguas Cúpula Transparente Mujer, 16 Costillas TamañO Grande A Prueba De Viento AutomáTico Abierto KS10White","Label":"Title","Locale":"es_ES"}},"Offers":{"Summaries":[{"Condition":{"Value":"New"},"LowestPrice":{"Amount":24.99,"Currency":"EUR","DisplayAmount":"24,99 €"}}]}},{"ASIN":"B0C4YLL3QG","DetailPageURL":"https://www.amazon.es/dp/B0C4YLL3QG?tag=topinalambricos-21&linkCode=osi&th=1&psc=1","Images":{"Primary":{"Small":{"Height":75,"URL":"https://m.media-amazon.com/images/I/312yqV-pibL._SL75_.jpg","Width":64}}},"ItemInfo":{"ByLineInfo":{"Brand":{"DisplayValue":"Jissta","Label":"Brand","Locale":"es_ES"},"Manufacturer":{"DisplayValue":"Jissta","Label":"Manufacturer","Locale":"es_ES"}},"Title":{"DisplayValue":"Jissta 4 neceseres Transparentes 20 * 20CM, Bolsa para líquidos de avión, Neceser portátil, Neceser de Viaje para Mujeres y Hombres con asa","Label":"Title","Locale":"es_ES"}},"Offers":{"Summaries":[{"Condition":{"Value":"New"},"LowestPrice":{"Amount":7.99,"Currency":"EUR","DisplayAmount":"7,99 €"}}]}},{"ASIN":"B0B1V8QLLT","DetailPageURL":"https://www.amazon.es/dp/B0B1V8QLLT?tag=topinalambricos-21&linkCode=osi&th=1&psc=1","Images":{"Primary":{"Small":{"Height":75,"URL":"https://m.media-amazon.com/images/I/41aMcaqaMBL._SL75_.jpg","Width":75}}},"ItemInfo":{"ByLineInfo":{"Brand":{"DisplayValue":"Pinsheng","Label":"Brand","Locale":"es_ES"},"Manufacturer":{"DisplayValue":"Pinsheng","Label":"Manufacturer","Locale":"es_ES"}},"Title":{"DisplayValue":"Pinsheng Tirantes Transparentes Sujetador 4 Pares Transparente Hombro Tirantes Claro Sujetador Correas Correas Transparentes Invisibles Antideslizantes de Sujetador para Mujer","Label":"Title","Locale":"es_ES"}},"Offers":{"Summaries":[{"Condition":{"Value":"New"},"LowestPrice":{"Amount":3.99,"Currency":"EUR","DisplayAmount":"3,99 €"}}]}},{"ASIN":"B09C376BCW","DetailPageURL":"https://www.amazon.es/dp/B09C376BCW?tag=topinalambricos-21&linkCode=osi&th=1&psc=1","Images":{"Primary":{"Small":{"Height":75,"URL":"https://m.media-amazon.com/images/I/31DDHCgK0lL._SL75_.jpg","Width":75}}},"ItemInfo":{"ByLineInfo":{"Brand":{"DisplayValue":"Jiakalamo","Label":"Brand","Locale":"es_ES"},"Manufacturer":{"DisplayValue":"Jiakalamo","Label":"Manufacturer","Locale":"es_ES"}},"Title":{"DisplayValue":"Jiakalamo Paraguas transparente plegable, Paraguas transparente automático para bodas , Paraguas transparente plegable mujer antiviento niño bodas travel ,Cierre automático Paraguas","Label":"Title","Locale":"es_ES"}},"Offers":{"Summaries":[{"Condition":{"Value":"New"},"LowestPrice":{"Amount":16.3,"Currency":"EUR","DisplayAmount":"16,30 €"}}]}},{"ASIN":"B081RPLNK1","DetailPageURL":"https://www.amazon.es/dp/B081RPLNK1?tag=topinalambricos-21&linkCode=osi&th=1&psc=1","Images":{"Primary":{"Small":{"Height":75,"URL":"https://m.media-amazon.com/images/I/4146RIkJjkL._SL75_.jpg","Width":75}}},"ItemInfo":{"ByLineInfo":{"Brand":{"DisplayValue":"WENTS","Label":"Brand","Locale":"es_ES"}},"Title":{"DisplayValue":"WENTS Bolsa Transparente de PVC Bolsa Transparente con Bolsillos con Cremallera y Correa para el Hombro Desmontable Cremallera Neceser De Cosmeticos De Mano Gran Capacidad","Label":"Title","Locale":"es_ES"}},"Offers":{"Summaries":[{"Condition":{"Value":"New"},"LowestPrice":{"Amount":11.67,"Currency":"EUR","DisplayAmount":"11,67 €"}}]}},{"ASIN":"B0BNQN89QF","DetailPageURL":"https://www.amazon.es/dp/B0BNQN89QF?tag=topinalambricos-21&linkCode=osi&th=1&psc=1","Images":{"Primary":{"Small":{"Height":75,"URL":"https://m.media-amazon.com/images/I/41m+zixsAKL._SL75_.jpg","Width":75}}},"ItemInfo":{"ByLineInfo":{"Brand":{"DisplayValue":"PUERHUACI","Label":"Brand","Locale":"es_ES"}},"Title":{"DisplayValue":"Neceser Transparente Viaje Avion,Bolsa Liquidos Avion,6 Piezas Bolso Transparente,19x14cm Neceser Viaje Avion,Bolsa Transparente Multifunción con Cremallera","Label":"Title","Locale":"es_ES"}},"Offers":{"Summaries":[{"Condition":{"Value":"New"},"LowestPrice":{"Amount":13.89,"Currency":"EUR","DisplayAmount":"13,89 €"}}]}},{"ASIN":"B0BVVKZLHT","DetailPageURL":"https://www.amazon.es/dp/B0BVVKZLHT?tag=topinalambricos-21&linkCode=osi&th=1&psc=1","Images":{"Primary":{"Small":{"Height":75,"URL":"https://m.media-amazon.com/images/I/41zd76ozzyL._SL75_.jpg","Width":75}}},"ItemInfo":{"ByLineInfo":{"Brand":{"DisplayValue":"Aucuu","Label":"Brand","Locale":"es_ES"},"Manufacturer":{"DisplayValue":"Aucuu®-EU","Label":"Manufacturer","Locale":"es_ES"}},"Title":{"DisplayValue":"Aucuu 4PCS Neceser Hombre, Transparente Neceser Viaje Avion, Bolsa liquidos Avion, Bolsa de Aseo Organizador Mujer, Viajes Accesorios, 20x20cm (Gris+ Cuerda)","Label":"Title","Locale":"es_ES"}},"Offers":{"Summaries":[{"Condition":{"Value":"New"},"LowestPrice":{"Amount":7.98,"Currency":"EUR","DisplayAmount":"7,98 €"}}]}},{"ASIN":"B0BWTJMHXF","DetailPageURL":"https://www.amazon.es/dp/B0BWTJMHXF?tag=topinalambricos-21&linkCode=osi&th=1&psc=1","Images":{"Primary":{"Small":{"Height":75,"URL":"https://m.media-amazon.com/images/I/51-Gsh1xTvL._SL75_.jpg","Width":75}}},"ItemInfo":{"ByLineInfo":{"Brand":{"DisplayValue":"talifoca","Label":"Brand","Locale":"es_ES"},"Manufacturer":{"DisplayValue":"TALIFOCA","Label":"Manufacturer","Locale":"es_ES"}},"Title":{"DisplayValue":"3 Piezas Neceser de Aseo Transparente, Bolsas Transparentes de Avión,Bolsas de Aseo Transparente,Mujer Bolsa de Cosmético Organizador,Kit de Viaje para Avión, para Mujeres y Hombres","Label":"Title","Locale":"es_ES"}},"Offers":{"Summaries":[{"Condition":{"Value":"New"},"LowestPrice":{"Amount":8.99,"Currency":"EUR","DisplayAmount":"8,99 €"}}]}},{"ASIN":"B08YNGRXNK","DetailPageURL":"https://www.amazon.es/dp/B08YNGRXNK?tag=topinalambricos-21&linkCode=osi&th=1&psc=1","Images":{"Primary":{"Small":{"Height":75,"URL":"https://m.media-amazon.com/images/I/4158WjUfRlL._SL75_.jpg","Width":75}}},"ItemInfo":{"ByLineInfo":{"Brand":{"DisplayValue":"Casio","Label":"Brand","Locale":"es_ES"},"Manufacturer":{"DisplayValue":"CASIO","Label":"Manufacturer","Locale":"es_ES"}},"Title":{"DisplayValue":"Casio Unisex-adultos Digital GA-2100SKE-7AER","Label":"Title","Locale":"es_ES"}},"Offers":{"Summaries":[{"Condition":{"Value":"New"},"LowestPrice":{"Amount":83.59,"Currency":"EUR","DisplayAmount":"83,59 €"}}]}},{"ASIN":"B0CH9FT7L6","DetailPageURL":"https://www.amazon.es/dp/B0CH9FT7L6?tag=topinalambricos-21&linkCode=osi&th=1&psc=1","Images":{"Primary":{"Small":{"Height":75,"URL":"https://m.media-amazon.com/images/I/41Zy4SoABVL._SL75_.jpg","Width":75}}},"ItemInfo":{"ByLineInfo":{"Brand":{"DisplayValue":"Smilbaley","Label":"Brand","Locale":"es_ES"},"Manufacturer":{"DisplayValue":"D-22","Label":"Manufacturer","Locale":"es_ES"}},"Title":{"DisplayValue":"Smilbaley 2 Piezas Bolsa de Gimnasia Transparente, Bolsa de Cincha Transparente, Bolsa de Gimnasia Transparente con Cordón, para Escuelas, Exteriores, Gimnasios, Playas (35×45cm)","Label":"Title","Locale":"es_ES"}},"Offers":{"Summaries":[{"Condition":{"Value":"New"},"LowestPrice":{"Amount":14.99,"Currency":"EUR","DisplayAmount":"14,99 €"}}]}}],"SearchURL":"https://www.amazon.es/s?k=transparente&rh=n%3A14223378031%2Cp_n_availability%3A-1&tag=topinalambricos-21&linkCode=osi","TotalResultCount":306}},"112":{"SearchResult":{"Items":[{"ASIN":"B07GBN7JMK","DetailPageURL":"https://www.amazon.es/dp/B07GBN7JMK?tag=topinalambricos-21&linkCode=osi&th=1&psc=1","Images":{"Primary":{"Small":{"Height":75,"URL":"https://m.media-amazon.com/images/I/31vHA+wxLoL._SL75_.jpg","Width":70}}},"ItemInfo":{"ByLineInfo":{"Brand":{"DisplayValue":"Lancoon","Label":"Brand","Locale":"es_ES"},"Manufacturer":{"DisplayValue":"Lancoon","Label":"Manufacturer","Locale":"es_ES"}},"Title":{"DisplayValue":"Lancoon Paraguas Cúpula Transparente Mujer, 16 Costillas TamañO Grande A Prueba De Viento AutomáTico Abierto KS10White","Label":"Title","Locale":"es_ES"}},"Offers":{"Summaries":[{"Condition":{"Value":"New"},"LowestPrice":{"Amount":24.99,"Currency":"EUR","DisplayAmount":"24,99 €"}}]}},{"ASIN":"B0C4YLL3QG","DetailPageURL":"https://www.amazon.es/dp/B0C4YLL3QG?tag=topinalambricos-21&linkCode=osi&th=1&psc=1","Images":{"Primary":{"Small":{"Height":75,"URL":"https://m.media-amazon.com/images/I/312yqV-pibL._SL75_.jpg","Width":64}}},"ItemInfo":{"ByLineInfo":{"Brand":{"DisplayValue":"Jissta","Label":"Brand","Locale":"es_ES"},"Manufacturer":{"DisplayValue":"Jissta","Label":"Manufacturer","Locale":"es_ES"}},"Title":{"DisplayValue":"Jissta 4 neceseres Transparentes 20 * 20CM, Bolsa para líquidos de avión, Neceser portátil, Neceser de Viaje para Mujeres y Hombres con asa","Label":"Title","Locale":"es_ES"}},"Offers":{"Summaries":[{"Condition":{"Value":"New"},"LowestPrice":{"Amount":7.99,"Currency":"EUR","DisplayAmount":"7,99 €"}}]}},{"ASIN":"B0B1V8QLLT","DetailPageURL":"https://www.amazon.es/dp/B0B1V8QLLT?tag=topinalambricos-21&linkCode=osi&th=1&psc=1","Images":{"Primary":{"Small":{"Height":75,"URL":"https://m.media-amazon.com/images/I/41aMcaqaMBL._SL75_.jpg","Width":75}}},"ItemInfo":{"ByLineInfo":{"Brand":{"DisplayValue":"Pinsheng","Label":"Brand","Locale":"es_ES"},"Manufacturer":{"DisplayValue":"Pinsheng","Label":"Manufacturer","Locale":"es_ES"}},"Title":{"DisplayValue":"Pinsheng Tirantes Transparentes Sujetador 4 Pares Transparente Hombro Tirantes Claro Sujetador Correas Correas Transparentes Invisibles Antideslizantes de Sujetador para Mujer","Label":"Title","Locale":"es_ES"}},"Offers":{"Summaries":[{"Condition":{"Value":"New"},"LowestPrice":{"Amount":3.99,"Currency":"EUR","DisplayAmount":"3,99 €"}}]}},{"ASIN":"B09C376BCW","DetailPageURL":"https://www.amazon.es/dp/B09C376BCW?tag=topinalambricos-21&linkCode=osi&th=1&psc=1","Images":{"Primary":{"Small":{"Height":75,"URL":"https://m.media-amazon.com/images/I/31DDHCgK0lL._SL75_.jpg","Width":75}}},"ItemInfo":{"ByLineInfo":{"Brand":{"DisplayValue":"Jiakalamo","Label":"Brand","Locale":"es_ES"},"Manufacturer":{"DisplayValue":"Jiakalamo","Label":"Manufacturer","Locale":"es_ES"}},"Title":{"DisplayValue":"Jiakalamo Paraguas transparente plegable, Paraguas transparente automático para bodas , Paraguas transparente plegable mujer antiviento niño bodas travel ,Cierre automático Paraguas","Label":"Title","Locale":"es_ES"}},"Offers":{"Summaries":[{"Condition":{"Value":"New"},"LowestPrice":{"Amount":16.3,"Currency":"EUR","DisplayAmount":"16,30 €"}}]}},{"ASIN":"B081RPLNK1","DetailPageURL":"https://www.amazon.es/dp/B081RPLNK1?tag=topinalambricos-21&linkCode=osi&th=1&psc=1","Images":{"Primary":{"Small":{"Height":75,"URL":"https://m.media-amazon.com/images/I/4146RIkJjkL._SL75_.jpg","Width":75}}},"ItemInfo":{"ByLineInfo":{"Brand":{"DisplayValue":"WENTS","Label":"Brand","Locale":"es_ES"}},"Title":{"DisplayValue":"WENTS Bolsa Transparente de PVC Bolsa Transparente con Bolsillos con Cremallera y Correa para el Hombro Desmontable Cremallera Neceser De Cosmeticos De Mano Gran Capacidad","Label":"Title","Locale":"es_ES"}},"Offers":{"Summaries":[{"Condition":{"Value":"New"},"LowestPrice":{"Amount":11.67,"Currency":"EUR","DisplayAmount":"11,67 €"}}]}},{"ASIN":"B0BNQN89QF","DetailPageURL":"https://www.amazon.es/dp/B0BNQN89QF?tag=topinalambricos-21&linkCode=osi&th=1&psc=1","Images":{"Primary":{"Small":{"Height":75,"URL":"https://m.media-amazon.com/images/I/41m+zixsAKL._SL75_.jpg","Width":75}}},"ItemInfo":{"ByLineInfo":{"Brand":{"DisplayValue":"PUERHUACI","Label":"Brand","Locale":"es_ES"}},"Title":{"DisplayValue":"Neceser Transparente Viaje Avion,Bolsa Liquidos Avion,6 Piezas Bolso Transparente,19x14cm Neceser Viaje Avion,Bolsa Transparente Multifunción con Cremallera","Label":"Title","Locale":"es_ES"}},"Offers":{"Summaries":[{"Condition":{"Value":"New"},"LowestPrice":{"Amount":13.89,"Currency":"EUR","DisplayAmount":"13,89 €"}}]}},{"ASIN":"B0BVVKZLHT","DetailPageURL":"https://www.amazon.es/dp/B0BVVKZLHT?tag=topinalambricos-21&linkCode=osi&th=1&psc=1","Images":{"Primary":{"Small":{"Height":75,"URL":"https://m.media-amazon.com/images/I/41zd76ozzyL._SL75_.jpg","Width":75}}},"ItemInfo":{"ByLineInfo":{"Brand":{"DisplayValue":"Aucuu","Label":"Brand","Locale":"es_ES"},"Manufacturer":{"DisplayValue":"Aucuu®-EU","Label":"Manufacturer","Locale":"es_ES"}},"Title":{"DisplayValue":"Aucuu 4PCS Neceser Hombre, Transparente Neceser Viaje Avion, Bolsa liquidos Avion, Bolsa de Aseo Organizador Mujer, Viajes Accesorios, 20x20cm (Gris+ Cuerda)","Label":"Title","Locale":"es_ES"}},"Offers":{"Summaries":[{"Condition":{"Value":"New"},"LowestPrice":{"Amount":7.98,"Currency":"EUR","DisplayAmount":"7,98 €"}}]}},{"ASIN":"B0BWTJMHXF","DetailPageURL":"https://www.amazon.es/dp/B0BWTJMHXF?tag=topinalambricos-21&linkCode=osi&th=1&psc=1","Images":{"Primary":{"Small":{"Height":75,"URL":"https://m.media-amazon.com/images/I/51-Gsh1xTvL._SL75_.jpg","Width":75}}},"ItemInfo":{"ByLineInfo":{"Brand":{"DisplayValue":"talifoca","Label":"Brand","Locale":"es_ES"},"Manufacturer":{"DisplayValue":"TALIFOCA","Label":"Manufacturer","Locale":"es_ES"}},"Title":{"DisplayValue":"3 Piezas Neceser de Aseo Transparente, Bolsas Transparentes de Avión,Bolsas de Aseo Transparente,Mujer Bolsa de Cosmético Organizador,Kit de Viaje para Avión, para Mujeres y Hombres","Label":"Title","Locale":"es_ES"}},"Offers":{"Summaries":[{"Condition":{"Value":"New"},"LowestPrice":{"Amount":8.99,"Currency":"EUR","DisplayAmount":"8,99 €"}}]}},{"ASIN":"B08YNGRXNK","DetailPageURL":"https://www.amazon.es/dp/B08YNGRXNK?tag=topinalambricos-21&linkCode=osi&th=1&psc=1","Images":{"Primary":{"Small":{"Height":75,"URL":"https://m.media-amazon.com/images/I/4158WjUfRlL._SL75_.jpg","Width":75}}},"ItemInfo":{"ByLineInfo":{"Brand":{"DisplayValue":"Casio","Label":"Brand","Locale":"es_ES"},"Manufacturer":{"DisplayValue":"CASIO","Label":"Manufacturer","Locale":"es_ES"}},"Title":{"DisplayValue":"Casio Unisex-adultos Digital GA-2100SKE-7AER","Label":"Title","Locale":"es_ES"}},"Offers":{"Summaries":[{"Condition":{"Value":"New"},"LowestPrice":{"Amount":83.59,"Currency":"EUR","DisplayAmount":"83,59 €"}}]}},{"ASIN":"B0CH9FT7L6","DetailPageURL":"https://www.amazon.es/dp/B0CH9FT7L6?tag=topinalambricos-21&linkCode=osi&th=1&psc=1","Images":{"Primary":{"Small":{"Height":75,"URL":"https://m.media-amazon.com/images/I/41Zy4SoABVL._SL75_.jpg","Width":75}}},"ItemInfo":{"ByLineInfo":{"Brand":{"DisplayValue":"Smilbaley","Label":"Brand","Locale":"es_ES"},"Manufacturer":{"DisplayValue":"D-22","Label":"Manufacturer","Locale":"es_ES"}},"Title":{"DisplayValue":"Smilbaley 2 Piezas Bolsa de Gimnasia Transparente, Bolsa de Cincha Transparente, Bolsa de Gimnasia Transparente con Cordón, para Escuelas, Exteriores, Gimnasios, Playas (35×45cm)","Label":"Title","Locale":"es_ES"}},"Offers":{"Summaries":[{"Condition":{"Value":"New"},"LowestPrice":{"Amount":14.99,"Currency":"EUR","DisplayAmount":"14,99 €"}}]}}],"SearchURL":"https://www.amazon.es/s?k=transparente&rh=n%3A14223378031%2Cp_n_availability%3A-1&tag=topinalambricos-21&linkCode=osi","TotalResultCount":306}},"113":{"SearchResult":{"Items":[{"ASIN":"B07GBN7JMK","DetailPageURL":"https://www.amazon.es/dp/B07GBN7JMK?tag=topinalambricos-21&linkCode=osi&th=1&psc=1","Images":{"Primary":{"Small":{"Height":75,"URL":"https://m.media-amazon.com/images/I/31vHA+wxLoL._SL75_.jpg","Width":70}}},"ItemInfo":{"ByLineInfo":{"Brand":{"DisplayValue":"Lancoon","Label":"Brand","Locale":"es_ES"},"Manufacturer":{"DisplayValue":"Lancoon","Label":"Manufacturer","Locale":"es_ES"}},"Title":{"DisplayValue":"Lancoon Paraguas Cúpula Transparente Mujer, 16 Costillas TamañO Grande A Prueba De Viento AutomáTico Abierto KS10White","Label":"Title","Locale":"es_ES"}},"Offers":{"Summaries":[{"Condition":{"Value":"New"},"LowestPrice":{"Amount":24.99,"Currency":"EUR","DisplayAmount":"24,99 €"}}]}},{"ASIN":"B0C4YLL3QG","DetailPageURL":"https://www.amazon.es/dp/B0C4YLL3QG?tag=topinalambricos-21&linkCode=osi&th=1&psc=1","Images":{"Primary":{"Small":{"Height":75,"URL":"https://m.media-amazon.com/images/I/312yqV-pibL._SL75_.jpg","Width":64}}},"ItemInfo":{"ByLineInfo":{"Brand":{"DisplayValue":"Jissta","Label":"Brand","Locale":"es_ES"},"Manufacturer":{"DisplayValue":"Jissta","Label":"Manufacturer","Locale":"es_ES"}},"Title":{"DisplayValue":"Jissta 4 neceseres Transparentes 20 * 20CM, Bolsa para líquidos de avión, Neceser portátil, Neceser de Viaje para Mujeres y Hombres con asa","Label":"Title","Locale":"es_ES"}},"Offers":{"Summaries":[{"Condition":{"Value":"New"},"LowestPrice":{"Amount":7.99,"Currency":"EUR","DisplayAmount":"7,99 €"}}]}},{"ASIN":"B0B1V8QLLT","DetailPageURL":"https://www.amazon.es/dp/B0B1V8QLLT?tag=topinalambricos-21&linkCode=osi&th=1&psc=1","Images":{"Primary":{"Small":{"Height":75,"URL":"https://m.media-amazon.com/images/I/41aMcaqaMBL._SL75_.jpg","Width":75}}},"ItemInfo":{"ByLineInfo":{"Brand":{"DisplayValue":"Pinsheng","Label":"Brand","Locale":"es_ES"},"Manufacturer":{"DisplayValue":"Pinsheng","Label":"Manufacturer","Locale":"es_ES"}},"Title":{"DisplayValue":"Pinsheng Tirantes Transparentes Sujetador 4 Pares Transparente Hombro Tirantes Claro Sujetador Correas Correas Transparentes Invisibles Antideslizantes de Sujetador para Mujer","Label":"Title","Locale":"es_ES"}},"Offers":{"Summaries":[{"Condition":{"Value":"New"},"LowestPrice":{"Amount":3.99,"Currency":"EUR","DisplayAmount":"3,99 €"}}]}},{"ASIN":"B09C376BCW","DetailPageURL":"https://www.amazon.es/dp/B09C376BCW?tag=topinalambricos-21&linkCode=osi&th=1&psc=1","Images":{"Primary":{"Small":{"Height":75,"URL":"https://m.media-amazon.com/images/I/31DDHCgK0lL._SL75_.jpg","Width":75}}},"ItemInfo":{"ByLineInfo":{"Brand":{"DisplayValue":"Jiakalamo","Label":"Brand","Locale":"es_ES"},"Manufacturer":{"DisplayValue":"Jiakalamo","Label":"Manufacturer","Locale":"es_ES"}},"Title":{"DisplayValue":"Jiakalamo Paraguas transparente plegable, Paraguas transparente automático para bodas , Paraguas transparente plegable mujer antiviento niño bodas travel ,Cierre automático Paraguas","Label":"Title","Locale":"es_ES"}},"Offers":{"Summaries":[{"Condition":{"Value":"New"},"LowestPrice":{"Amount":16.3,"Currency":"EUR","DisplayAmount":"16,30 €"}}]}},{"ASIN":"B081RPLNK1","DetailPageURL":"https://www.amazon.es/dp/B081RPLNK1?tag=topinalambricos-21&linkCode=osi&th=1&psc=1","Images":{"Primary":{"Small":{"Height":75,"URL":"https://m.media-amazon.com/images/I/4146RIkJjkL._SL75_.jpg","Width":75}}},"ItemInfo":{"ByLineInfo":{"Brand":{"DisplayValue":"WENTS","Label":"Brand","Locale":"es_ES"}},"Title":{"DisplayValue":"WENTS Bolsa Transparente de PVC Bolsa Transparente con Bolsillos con Cremallera y Correa para el Hombro Desmontable Cremallera Neceser De Cosmeticos De Mano Gran Capacidad","Label":"Title","Locale":"es_ES"}},"Offers":{"Summaries":[{"Condition":{"Value":"New"},"LowestPrice":{"Amount":11.67,"Currency":"EUR","DisplayAmount":"11,67 €"}}]}},{"ASIN":"B0BNQN89QF","DetailPageURL":"https://www.amazon.es/dp/B0BNQN89QF?tag=topinalambricos-21&linkCode=osi&th=1&psc=1","Images":{"Primary":{"Small":{"Height":75,"URL":"https://m.media-amazon.com/images/I/41m+zixsAKL._SL75_.jpg","Width":75}}},"ItemInfo":{"ByLineInfo":{"Brand":{"DisplayValue":"PUERHUACI","Label":"Brand","Locale":"es_ES"}},"Title":{"DisplayValue":"Neceser Transparente Viaje Avion,Bolsa Liquidos Avion,6 Piezas Bolso Transparente,19x14cm Neceser Viaje Avion,Bolsa Transparente Multifunción con Cremallera","Label":"Title","Locale":"es_ES"}},"Offers":{"Summaries":[{"Condition":{"Value":"New"},"LowestPrice":{"Amount":13.89,"Currency":"EUR","DisplayAmount":"13,89 €"}}]}},{"ASIN":"B0BVVKZLHT","DetailPageURL":"https://www.amazon.es/dp/B0BVVKZLHT?tag=topinalambricos-21&linkCode=osi&th=1&psc=1","Images":{"Primary":{"Small":{"Height":75,"URL":"https://m.media-amazon.com/images/I/41zd76ozzyL._SL75_.jpg","Width":75}}},"ItemInfo":{"ByLineInfo":{"Brand":{"DisplayValue":"Aucuu","Label":"Brand","Locale":"es_ES"},"Manufacturer":{"DisplayValue":"Aucuu®-EU","Label":"Manufacturer","Locale":"es_ES"}},"Title":{"DisplayValue":"Aucuu 4PCS Neceser Hombre, Transparente Neceser Viaje Avion, Bolsa liquidos Avion, Bolsa de Aseo Organizador Mujer, Viajes Accesorios, 20x20cm (Gris+ Cuerda)","Label":"Title","Locale":"es_ES"}},"Offers":{"Summaries":[{"Condition":{"Value":"New"},"LowestPrice":{"Amount":7.98,"Currency":"EUR","DisplayAmount":"7,98 €"}}]}},{"ASIN":"B0BWTJMHXF","DetailPageURL":"https://www.amazon.es/dp/B0BWTJMHXF?tag=topinalambricos-21&linkCode=osi&th=1&psc=1","Images":{"Primary":{"Small":{"Height":75,"URL":"https://m.media-amazon.com/images/I/51-Gsh1xTvL._SL75_.jpg","Width":75}}},"ItemInfo":{"ByLineInfo":{"Brand":{"DisplayValue":"talifoca","Label":"Brand","Locale":"es_ES"},"Manufacturer":{"DisplayValue":"TALIFOCA","Label":"Manufacturer","Locale":"es_ES"}},"Title":{"DisplayValue":"3 Piezas Neceser de Aseo Transparente, Bolsas Transparentes de Avión,Bolsas de Aseo Transparente,Mujer Bolsa de Cosmético Organizador,Kit de Viaje para Avión, para Mujeres y Hombres","Label":"Title","Locale":"es_ES"}},"Offers":{"Summaries":[{"Condition":{"Value":"New"},"LowestPrice":{"Amount":8.99,"Currency":"EUR","DisplayAmount":"8,99 €"}}]}},{"ASIN":"B08YNGRXNK","DetailPageURL":"https://www.amazon.es/dp/B08YNGRXNK?tag=topinalambricos-21&linkCode=osi&th=1&psc=1","Images":{"Primary":{"Small":{"Height":75,"URL":"https://m.media-amazon.com/images/I/4158WjUfRlL._SL75_.jpg","Width":75}}},"ItemInfo":{"ByLineInfo":{"Brand":{"DisplayValue":"Casio","Label":"Brand","Locale":"es_ES"},"Manufacturer":{"DisplayValue":"CASIO","Label":"Manufacturer","Locale":"es_ES"}},"Title":{"DisplayValue":"Casio Unisex-adultos Digital GA-2100SKE-7AER","Label":"Title","Locale":"es_ES"}},"Offers":{"Summaries":[{"Condition":{"Value":"New"},"LowestPrice":{"Amount":83.59,"Currency":"EUR","DisplayAmount":"83,59 €"}}]}},{"ASIN":"B0CH9FT7L6","DetailPageURL":"https://www.amazon.es/dp/B0CH9FT7L6?tag=topinalambricos-21&linkCode=osi&th=1&psc=1","Images":{"Primary":{"Small":{"Height":75,"URL":"https://m.media-amazon.com/images/I/41Zy4SoABVL._SL75_.jpg","Width":75}}},"ItemInfo":{"ByLineInfo":{"Brand":{"DisplayValue":"Smilbaley","Label":"Brand","Locale":"es_ES"},"Manufacturer":{"DisplayValue":"D-22","Label":"Manufacturer","Locale":"es_ES"}},"Title":{"DisplayValue":"Smilbaley 2 Piezas Bolsa de Gimnasia Transparente, Bolsa de Cincha Transparente, Bolsa de Gimnasia Transparente con Cordón, para Escuelas, Exteriores, Gimnasios, Playas (35×45cm)","Label":"Title","Locale":"es_ES"}},"Offers":{"Summaries":[{"Condition":{"Value":"New"},"LowestPrice":{"Amount":14.99,"Currency":"EUR","DisplayAmount":"14,99 €"}}]}}],"SearchURL":"https://www.amazon.es/s?k=transparente&rh=n%3A14223378031%2Cp_n_availability%3A-1&tag=topinalambricos-21&linkCode=osi","TotalResultCount":306}},"114":{"SearchResult":{"Items":[{"ASIN":"B07GBN7JMK","DetailPageURL":"https://www.amazon.es/dp/B07GBN7JMK?tag=topinalambricos-21&linkCode=osi&th=1&psc=1","Images":{"Primary":{"Small":{"Height":75,"URL":"https://m.media-amazon.com/images/I/31vHA+wxLoL._SL75_.jpg","Width":70}}},"ItemInfo":{"ByLineInfo":{"Brand":{"DisplayValue":"Lancoon","Label":"Brand","Locale":"es_ES"},"Manufacturer":{"DisplayValue":"Lancoon","Label":"Manufacturer","Locale":"es_ES"}},"Title":{"DisplayValue":"Lancoon Paraguas Cúpula Transparente Mujer, 16 Costillas TamañO Grande A Prueba De Viento AutomáTico Abierto KS10White","Label":"Title","Locale":"es_ES"}},"Offers":{"Summaries":[{"Condition":{"Value":"New"},"LowestPrice":{"Amount":24.99,"Currency":"EUR","DisplayAmount":"24,99 €"}}]}},{"ASIN":"B0C4YLL3QG","DetailPageURL":"https://www.amazon.es/dp/B0C4YLL3QG?tag=topinalambricos-21&linkCode=osi&th=1&psc=1","Images":{"Primary":{"Small":{"Height":75,"URL":"https://m.media-amazon.com/images/I/312yqV-pibL._SL75_.jpg","Width":64}}},"ItemInfo":{"ByLineInfo":{"Brand":{"DisplayValue":"Jissta","Label":"Brand","Locale":"es_ES"},"Manufacturer":{"DisplayValue":"Jissta","Label":"Manufacturer","Locale":"es_ES"}},"Title":{"DisplayValue":"Jissta 4 neceseres Transparentes 20 * 20CM, Bolsa para líquidos de avión, Neceser portátil, Neceser de Viaje para Mujeres y Hombres con asa","Label":"Title","Locale":"es_ES"}},"Offers":{"Summaries":[{"Condition":{"Value":"New"},"LowestPrice":{"Amount":7.99,"Currency":"EUR","DisplayAmount":"7,99 €"}}]}},{"ASIN":"B0B1V8QLLT","DetailPageURL":"https://www.amazon.es/dp/B0B1V8QLLT?tag=topinalambricos-21&linkCode=osi&th=1&psc=1","Images":{"Primary":{"Small":{"Height":75,"URL":"https://m.media-amazon.com/images/I/41aMcaqaMBL._SL75_.jpg","Width":75}}},"ItemInfo":{"ByLineInfo":{"Brand":{"DisplayValue":"Pinsheng","Label":"Brand","Locale":"es_ES"},"Manufacturer":{"DisplayValue":"Pinsheng","Label":"Manufacturer","Locale":"es_ES"}},"Title":{"DisplayValue":"Pinsheng Tirantes Transparentes Sujetador 4 Pares Transparente Hombro Tirantes Claro Sujetador Correas Correas Transparentes Invisibles Antideslizantes de Sujetador para Mujer","Label":"Title","Locale":"es_ES"}},"Offers":{"Summaries":[{"Condition":{"Value":"New"},"LowestPrice":{"Amount":3.99,"Currency":"EUR","DisplayAmount":"3,99 €"}}]}},{"ASIN":"B09C376BCW","DetailPageURL":"https://www.amazon.es/dp/B09C376BCW?tag=topinalambricos-21&linkCode=osi&th=1&psc=1","Images":{"Primary":{"Small":{"Height":75,"URL":"https://m.media-amazon.com/images/I/31DDHCgK0lL._SL75_.jpg","Width":75}}},"ItemInfo":{"ByLineInfo":{"Brand":{"DisplayValue":"Jiakalamo","Label":"Brand","Locale":"es_ES"},"Manufacturer":{"DisplayValue":"Jiakalamo","Label":"Manufacturer","Locale":"es_ES"}},"Title":{"DisplayValue":"Jiakalamo Paraguas transparente plegable, Paraguas transparente automático para bodas , Paraguas transparente plegable mujer antiviento niño bodas travel ,Cierre automático Paraguas","Label":"Title","Locale":"es_ES"}},"Offers":{"Summaries":[{"Condition":{"Value":"New"},"LowestPrice":{"Amount":16.3,"Currency":"EUR","DisplayAmount":"16,30 €"}}]}},{"ASIN":"B081RPLNK1","DetailPageURL":"https://www.amazon.es/dp/B081RPLNK1?tag=topinalambricos-21&linkCode=osi&th=1&psc=1","Images":{"Primary":{"Small":{"Height":75,"URL":"https://m.media-amazon.com/images/I/4146RIkJjkL._SL75_.jpg","Width":75}}},"ItemInfo":{"ByLineInfo":{"Brand":{"DisplayValue":"WENTS","Label":"Brand","Locale":"es_ES"}},"Title":{"DisplayValue":"WENTS Bolsa Transparente de PVC Bolsa Transparente con Bolsillos con Cremallera y Correa para el Hombro Desmontable Cremallera Neceser De Cosmeticos De Mano Gran Capacidad","Label":"Title","Locale":"es_ES"}},"Offers":{"Summaries":[{"Condition":{"Value":"New"},"LowestPrice":{"Amount":11.67,"Currency":"EUR","DisplayAmount":"11,67 €"}}]}},{"ASIN":"B0BNQN89QF","DetailPageURL":"https://www.amazon.es/dp/B0BNQN89QF?tag=topinalambricos-21&linkCode=osi&th=1&psc=1","Images":{"Primary":{"Small":{"Height":75,"URL":"https://m.media-amazon.com/images/I/41m+zixsAKL._SL75_.jpg","Width":75}}},"ItemInfo":{"ByLineInfo":{"Brand":{"DisplayValue":"PUERHUACI","Label":"Brand","Locale":"es_ES"}},"Title":{"DisplayValue":"Neceser Transparente Viaje Avion,Bolsa Liquidos Avion,6 Piezas Bolso Transparente,19x14cm Neceser Viaje Avion,Bolsa Transparente Multifunción con Cremallera","Label":"Title","Locale":"es_ES"}},"Offers":{"Summaries":[{"Condition":{"Value":"New"},"LowestPrice":{"Amount":13.89,"Currency":"EUR","DisplayAmount":"13,89 €"}}]}},{"ASIN":"B0BVVKZLHT","DetailPageURL":"https://www.amazon.es/dp/B0BVVKZLHT?tag=topinalambricos-21&linkCode=osi&th=1&psc=1","Images":{"Primary":{"Small":{"Height":75,"URL":"https://m.media-amazon.com/images/I/41zd76ozzyL._SL75_.jpg","Width":75}}},"ItemInfo":{"ByLineInfo":{"Brand":{"DisplayValue":"Aucuu","Label":"Brand","Locale":"es_ES"},"Manufacturer":{"DisplayValue":"Aucuu®-EU","Label":"Manufacturer","Locale":"es_ES"}},"Title":{"DisplayValue":"Aucuu 4PCS Neceser Hombre, Transparente Neceser Viaje Avion, Bolsa liquidos Avion, Bolsa de Aseo Organizador Mujer, Viajes Accesorios, 20x20cm (Gris+ Cuerda)","Label":"Title","Locale":"es_ES"}},"Offers":{"Summaries":[{"Condition":{"Value":"New"},"LowestPrice":{"Amount":7.98,"Currency":"EUR","DisplayAmount":"7,98 €"}}]}},{"ASIN":"B0BWTJMHXF","DetailPageURL":"https://www.amazon.es/dp/B0BWTJMHXF?tag=topinalambricos-21&linkCode=osi&th=1&psc=1","Images":{"Primary":{"Small":{"Height":75,"URL":"https://m.media-amazon.com/images/I/51-Gsh1xTvL._SL75_.jpg","Width":75}}},"ItemInfo":{"ByLineInfo":{"Brand":{"DisplayValue":"talifoca","Label":"Brand","Locale":"es_ES"},"Manufacturer":{"DisplayValue":"TALIFOCA","Label":"Manufacturer","Locale":"es_ES"}},"Title":{"DisplayValue":"3 Piezas Neceser de Aseo Transparente, Bolsas Transparentes de Avión,Bolsas de Aseo Transparente,Mujer Bolsa de Cosmético Organizador,Kit de Viaje para Avión, para Mujeres y Hombres","Label":"Title","Locale":"es_ES"}},"Offers":{"Summaries":[{"Condition":{"Value":"New"},"LowestPrice":{"Amount":8.99,"Currency":"EUR","DisplayAmount":"8,99 €"}}]}},{"ASIN":"B08YNGRXNK","DetailPageURL":"https://www.amazon.es/dp/B08YNGRXNK?tag=topinalambricos-21&linkCode=osi&th=1&psc=1","Images":{"Primary":{"Small":{"Height":75,"URL":"https://m.media-amazon.com/images/I/4158WjUfRlL._SL75_.jpg","Width":75}}},"ItemInfo":{"ByLineInfo":{"Brand":{"DisplayValue":"Casio","Label":"Brand","Locale":"es_ES"},"Manufacturer":{"DisplayValue":"CASIO","Label":"Manufacturer","Locale":"es_ES"}},"Title":{"DisplayValue":"Casio Unisex-adultos Digital GA-2100SKE-7AER","Label":"Title","Locale":"es_ES"}},"Offers":{"Summaries":[{"Condition":{"Value":"New"},"LowestPrice":{"Amount":83.59,"Currency":"EUR","DisplayAmount":"83,59 €"}}]}},{"ASIN":"B0CH9FT7L6","DetailPageURL":"https://www.amazon.es/dp/B0CH9FT7L6?tag=topinalambricos-21&linkCode=osi&th=1&psc=1","Images":{"Primary":{"Small":{"Height":75,"URL":"https://m.media-amazon.com/images/I/41Zy4SoABVL._SL75_.jpg","Width":75}}},"ItemInfo":{"ByLineInfo":{"Brand":{"DisplayValue":"Smilbaley","Label":"Brand","Locale":"es_ES"},"Manufacturer":{"DisplayValue":"D-22","Label":"Manufacturer","Locale":"es_ES"}},"Title":{"DisplayValue":"Smilbaley 2 Piezas Bolsa de Gimnasia Transparente, Bolsa de Cincha Transparente, Bolsa de Gimnasia Transparente con Cordón, para Escuelas, Exteriores, Gimnasios, Playas (35×45cm)","Label":"Title","Locale":"es_ES"}},"Offers":{"Summaries":[{"Condition":{"Value":"New"},"LowestPrice":{"Amount":14.99,"Currency":"EUR","DisplayAmount":"14,99 €"}}]}}],"SearchURL":"https://www.amazon.es/s?k=transparente&rh=n%3A14223378031%2Cp_n_availability%3A-1&tag=topinalambricos-21&linkCode=osi","TotalResultCount":306}},"115":{"SearchResult":{"Items":[{"ASIN":"B07GBN7JMK","DetailPageURL":"https://www.amazon.es/dp/B07GBN7JMK?tag=topinalambricos-21&linkCode=osi&th=1&psc=1","Images":{"Primary":{"Small":{"Height":75,"URL":"https://m.media-amazon.com/images/I/31vHA+wxLoL._SL75_.jpg","Width":70}}},"ItemInfo":{"ByLineInfo":{"Brand":{"DisplayValue":"Lancoon","Label":"Brand","Locale":"es_ES"},"Manufacturer":{"DisplayValue":"Lancoon","Label":"Manufacturer","Locale":"es_ES"}},"Title":{"DisplayValue":"Lancoon Paraguas Cúpula Transparente Mujer, 16 Costillas TamañO Grande A Prueba De Viento AutomáTico Abierto KS10White","Label":"Title","Locale":"es_ES"}},"Offers":{"Summaries":[{"Condition":{"Value":"New"},"LowestPrice":{"Amount":24.99,"Currency":"EUR","DisplayAmount":"24,99 €"}}]}},{"ASIN":"B0C4YLL3QG","DetailPageURL":"https://www.amazon.es/dp/B0C4YLL3QG?tag=topinalambricos-21&linkCode=osi&th=1&psc=1","Images":{"Primary":{"Small":{"Height":75,"URL":"https://m.media-amazon.com/images/I/312yqV-pibL._SL75_.jpg","Width":64}}},"ItemInfo":{"ByLineInfo":{"Brand":{"DisplayValue":"Jissta","Label":"Brand","Locale":"es_ES"},"Manufacturer":{"DisplayValue":"Jissta","Label":"Manufacturer","Locale":"es_ES"}},"Title":{"DisplayValue":"Jissta 4 neceseres Transparentes 20 * 20CM, Bolsa para líquidos de avión, Neceser portátil, Neceser de Viaje para Mujeres y Hombres con asa","Label":"Title","Locale":"es_ES"}},"Offers":{"Summaries":[{"Condition":{"Value":"New"},"LowestPrice":{"Amount":7.99,"Currency":"EUR","DisplayAmount":"7,99 €"}}]}},{"ASIN":"B0B1V8QLLT","DetailPageURL":"https://www.amazon.es/dp/B0B1V8QLLT?tag=topinalambricos-21&linkCode=osi&th=1&psc=1","Images":{"Primary":{"Small":{"Height":75,"URL":"https://m.media-amazon.com/images/I/41aMcaqaMBL._SL75_.jpg","Width":75}}},"ItemInfo":{"ByLineInfo":{"Brand":{"DisplayValue":"Pinsheng","Label":"Brand","Locale":"es_ES"},"Manufacturer":{"DisplayValue":"Pinsheng","Label":"Manufacturer","Locale":"es_ES"}},"Title":{"DisplayValue":"Pinsheng Tirantes Transparentes Sujetador 4 Pares Transparente Hombro Tirantes Claro Sujetador Correas Correas Transparentes Invisibles Antideslizantes de Sujetador para Mujer","Label":"Title","Locale":"es_ES"}},"Offers":{"Summaries":[{"Condition":{"Value":"New"},"LowestPrice":{"Amount":3.99,"Currency":"EUR","DisplayAmount":"3,99 €"}}]}},{"ASIN":"B09C376BCW","DetailPageURL":"https://www.amazon.es/dp/B09C376BCW?tag=topinalambricos-21&linkCode=osi&th=1&psc=1","Images":{"Primary":{"Small":{"Height":75,"URL":"https://m.media-amazon.com/images/I/31DDHCgK0lL._SL75_.jpg","Width":75}}},"ItemInfo":{"ByLineInfo":{"Brand":{"DisplayValue":"Jiakalamo","Label":"Brand","Locale":"es_ES"},"Manufacturer":{"DisplayValue":"Jiakalamo","Label":"Manufacturer","Locale":"es_ES"}},"Title":{"DisplayValue":"Jiakalamo Paraguas transparente plegable, Paraguas transparente automático para bodas , Paraguas transparente plegable mujer antiviento niño bodas travel ,Cierre automático Paraguas","Label":"Title","Locale":"es_ES"}},"Offers":{"Summaries":[{"Condition":{"Value":"New"},"LowestPrice":{"Amount":16.3,"Currency":"EUR","DisplayAmount":"16,30 €"}}]}},{"ASIN":"B081RPLNK1","DetailPageURL":"https://www.amazon.es/dp/B081RPLNK1?tag=topinalambricos-21&linkCode=osi&th=1&psc=1","Images":{"Primary":{"Small":{"Height":75,"URL":"https://m.media-amazon.com/images/I/4146RIkJjkL._SL75_.jpg","Width":75}}},"ItemInfo":{"ByLineInfo":{"Brand":{"DisplayValue":"WENTS","Label":"Brand","Locale":"es_ES"}},"Title":{"DisplayValue":"WENTS Bolsa Transparente de PVC Bolsa Transparente con Bolsillos con Cremallera y Correa para el Hombro Desmontable Cremallera Neceser De Cosmeticos De Mano Gran Capacidad","Label":"Title","Locale":"es_ES"}},"Offers":{"Summaries":[{"Condition":{"Value":"New"},"LowestPrice":{"Amount":11.67,"Currency":"EUR","DisplayAmount":"11,67 €"}}]}},{"ASIN":"B0BNQN89QF","DetailPageURL":"https://www.amazon.es/dp/B0BNQN89QF?tag=topinalambricos-21&linkCode=osi&th=1&psc=1","Images":{"Primary":{"Small":{"Height":75,"URL":"https://m.media-amazon.com/images/I/41m+zixsAKL._SL75_.jpg","Width":75}}},"ItemInfo":{"ByLineInfo":{"Brand":{"DisplayValue":"PUERHUACI","Label":"Brand","Locale":"es_ES"}},"Title":{"DisplayValue":"Neceser Transparente Viaje Avion,Bolsa Liquidos Avion,6 Piezas Bolso Transparente,19x14cm Neceser Viaje Avion,Bolsa Transparente Multifunción con Cremallera","Label":"Title","Locale":"es_ES"}},"Offers":{"Summaries":[{"Condition":{"Value":"New"},"LowestPrice":{"Amount":13.89,"Currency":"EUR","DisplayAmount":"13,89 €"}}]}},{"ASIN":"B0BVVKZLHT","DetailPageURL":"https://www.amazon.es/dp/B0BVVKZLHT?tag=topinalambricos-21&linkCode=osi&th=1&psc=1","Images":{"Primary":{"Small":{"Height":75,"URL":"https://m.media-amazon.com/images/I/41zd76ozzyL._SL75_.jpg","Width":75}}},"ItemInfo":{"ByLineInfo":{"Brand":{"DisplayValue":"Aucuu","Label":"Brand","Locale":"es_ES"},"Manufacturer":{"DisplayValue":"Aucuu®-EU","Label":"Manufacturer","Locale":"es_ES"}},"Title":{"DisplayValue":"Aucuu 4PCS Neceser Hombre, Transparente Neceser Viaje Avion, Bolsa liquidos Avion, Bolsa de Aseo Organizador Mujer, Viajes Accesorios, 20x20cm (Gris+ Cuerda)","Label":"Title","Locale":"es_ES"}},"Offers":{"Summaries":[{"Condition":{"Value":"New"},"LowestPrice":{"Amount":7.98,"Currency":"EUR","DisplayAmount":"7,98 €"}}]}},{"ASIN":"B0BWTJMHXF","DetailPageURL":"https://www.amazon.es/dp/B0BWTJMHXF?tag=topinalambricos-21&linkCode=osi&th=1&psc=1","Images":{"Primary":{"Small":{"Height":75,"URL":"https://m.media-amazon.com/images/I/51-Gsh1xTvL._SL75_.jpg","Width":75}}},"ItemInfo":{"ByLineInfo":{"Brand":{"DisplayValue":"talifoca","Label":"Brand","Locale":"es_ES"},"Manufacturer":{"DisplayValue":"TALIFOCA","Label":"Manufacturer","Locale":"es_ES"}},"Title":{"DisplayValue":"3 Piezas Neceser de Aseo Transparente, Bolsas Transparentes de Avión,Bolsas de Aseo Transparente,Mujer Bolsa de Cosmético Organizador,Kit de Viaje para Avión, para Mujeres y Hombres","Label":"Title","Locale":"es_ES"}},"Offers":{"Summaries":[{"Condition":{"Value":"New"},"LowestPrice":{"Amount":8.99,"Currency":"EUR","DisplayAmount":"8,99 €"}}]}},{"ASIN":"B08YNGRXNK","DetailPageURL":"https://www.amazon.es/dp/B08YNGRXNK?tag=topinalambricos-21&linkCode=osi&th=1&psc=1","Images":{"Primary":{"Small":{"Height":75,"URL":"https://m.media-amazon.com/images/I/4158WjUfRlL._SL75_.jpg","Width":75}}},"ItemInfo":{"ByLineInfo":{"Brand":{"DisplayValue":"Casio","Label":"Brand","Locale":"es_ES"},"Manufacturer":{"DisplayValue":"CASIO","Label":"Manufacturer","Locale":"es_ES"}},"Title":{"DisplayValue":"Casio Unisex-adultos Digital GA-2100SKE-7AER","Label":"Title","Locale":"es_ES"}},"Offers":{"Summaries":[{"Condition":{"Value":"New"},"LowestPrice":{"Amount":83.59,"Currency":"EUR","DisplayAmount":"83,59 €"}}]}},{"ASIN":"B0CH9FT7L6","DetailPageURL":"https://www.amazon.es/dp/B0CH9FT7L6?tag=topinalambricos-21&linkCode=osi&th=1&psc=1","Images":{"Primary":{"Small":{"Height":75,"URL":"https://m.media-amazon.com/images/I/41Zy4SoABVL._SL75_.jpg","Width":75}}},"ItemInfo":{"ByLineInfo":{"Brand":{"DisplayValue":"Smilbaley","Label":"Brand","Locale":"es_ES"},"Manufacturer":{"DisplayValue":"D-22","Label":"Manufacturer","Locale":"es_ES"}},"Title":{"DisplayValue":"Smilbaley 2 Piezas Bolsa de Gimnasia Transparente, Bolsa de Cincha Transparente, Bolsa de Gimnasia Transparente con Cordón, para Escuelas, Exteriores, Gimnasios, Playas (35×45cm)","Label":"Title","Locale":"es_ES"}},"Offers":{"Summaries":[{"Condition":{"Value":"New"},"LowestPrice":{"Amount":14.99,"Currency":"EUR","DisplayAmount":"14,99 €"}}]}}],"SearchURL":"https://www.amazon.es/s?k=transparente&rh=n%3A14223378031%2Cp_n_availability%3A-1&tag=topinalambricos-21&linkCode=osi","TotalResultCount":306}},"116":{"SearchResult":{"Items":[{"ASIN":"B07GBN7JMK","DetailPageURL":"https://www.amazon.es/dp/B07GBN7JMK?tag=topinalambricos-21&linkCode=osi&th=1&psc=1","Images":{"Primary":{"Small":{"Height":75,"URL":"https://m.media-amazon.com/images/I/31vHA+wxLoL._SL75_.jpg","Width":70}}},"ItemInfo":{"ByLineInfo":{"Brand":{"DisplayValue":"Lancoon","Label":"Brand","Locale":"es_ES"},"Manufacturer":{"DisplayValue":"Lancoon","Label":"Manufacturer","Locale":"es_ES"}},"Title":{"DisplayValue":"Lancoon Paraguas Cúpula Transparente Mujer, 16 Costillas TamañO Grande A Prueba De Viento AutomáTico Abierto KS10White","Label":"Title","Locale":"es_ES"}},"Offers":{"Summaries":[{"Condition":{"Value":"New"},"LowestPrice":{"Amount":24.99,"Currency":"EUR","DisplayAmount":"24,99 €"}}]}},{"ASIN":"B0C4YLL3QG","DetailPageURL":"https://www.amazon.es/dp/B0C4YLL3QG?tag=topinalambricos-21&linkCode=osi&th=1&psc=1","Images":{"Primary":{"Small":{"Height":75,"URL":"https://m.media-amazon.com/images/I/312yqV-pibL._SL75_.jpg","Width":64}}},"ItemInfo":{"ByLineInfo":{"Brand":{"DisplayValue":"Jissta","Label":"Brand","Locale":"es_ES"},"Manufacturer":{"DisplayValue":"Jissta","Label":"Manufacturer","Locale":"es_ES"}},"Title":{"DisplayValue":"Jissta 4 neceseres Transparentes 20 * 20CM, Bolsa para líquidos de avión, Neceser portátil, Neceser de Viaje para Mujeres y Hombres con asa","Label":"Title","Locale":"es_ES"}},"Offers":{"Summaries":[{"Condition":{"Value":"New"},"LowestPrice":{"Amount":7.99,"Currency":"EUR","DisplayAmount":"7,99 €"}}]}},{"ASIN":"B0B1V8QLLT","DetailPageURL":"https://www.amazon.es/dp/B0B1V8QLLT?tag=topinalambricos-21&linkCode=osi&th=1&psc=1","Images":{"Primary":{"Small":{"Height":75,"URL":"https://m.media-amazon.com/images/I/41aMcaqaMBL._SL75_.jpg","Width":75}}},"ItemInfo":{"ByLineInfo":{"Brand":{"DisplayValue":"Pinsheng","Label":"Brand","Locale":"es_ES"},"Manufacturer":{"DisplayValue":"Pinsheng","Label":"Manufacturer","Locale":"es_ES"}},"Title":{"DisplayValue":"Pinsheng Tirantes Transparentes Sujetador 4 Pares Transparente Hombro Tirantes Claro Sujetador Correas Correas Transparentes Invisibles Antideslizantes de Sujetador para Mujer","Label":"Title","Locale":"es_ES"}},"Offers":{"Summaries":[{"Condition":{"Value":"New"},"LowestPrice":{"Amount":3.99,"Currency":"EUR","DisplayAmount":"3,99 €"}}]}},{"ASIN":"B09C376BCW","DetailPageURL":"https://www.amazon.es/dp/B09C376BCW?tag=topinalambricos-21&linkCode=osi&th=1&psc=1","Images":{"Primary":{"Small":{"Height":75,"URL":"https://m.media-amazon.com/images/I/31DDHCgK0lL._SL75_.jpg","Width":75}}},"ItemInfo":{"ByLineInfo":{"Brand":{"DisplayValue":"Jiakalamo","Label":"Brand","Locale":"es_ES"},"Manufacturer":{"DisplayValue":"Jiakalamo","Label":"Manufacturer","Locale":"es_ES"}},"Title":{"DisplayValue":"Jiakalamo Paraguas transparente plegable, Paraguas transparente automático para bodas , Paraguas transparente plegable mujer antiviento niño bodas travel ,Cierre automático Paraguas","Label":"Title","Locale":"es_ES"}},"Offers":{"Summaries":[{"Condition":{"Value":"New"},"LowestPrice":{"Amount":16.3,"Currency":"EUR","DisplayAmount":"16,30 €"}}]}},{"ASIN":"B081RPLNK1","DetailPageURL":"https://www.amazon.es/dp/B081RPLNK1?tag=topinalambricos-21&linkCode=osi&th=1&psc=1","Images":{"Primary":{"Small":{"Height":75,"URL":"https://m.media-amazon.com/images/I/4146RIkJjkL._SL75_.jpg","Width":75}}},"ItemInfo":{"ByLineInfo":{"Brand":{"DisplayValue":"WENTS","Label":"Brand","Locale":"es_ES"}},"Title":{"DisplayValue":"WENTS Bolsa Transparente de PVC Bolsa Transparente con Bolsillos con Cremallera y Correa para el Hombro Desmontable Cremallera Neceser De Cosmeticos De Mano Gran Capacidad","Label":"Title","Locale":"es_ES"}},"Offers":{"Summaries":[{"Condition":{"Value":"New"},"LowestPrice":{"Amount":11.67,"Currency":"EUR","DisplayAmount":"11,67 €"}}]}},{"ASIN":"B0BNQN89QF","DetailPageURL":"https://www.amazon.es/dp/B0BNQN89QF?tag=topinalambricos-21&linkCode=osi&th=1&psc=1","Images":{"Primary":{"Small":{"Height":75,"URL":"https://m.media-amazon.com/images/I/41m+zixsAKL._SL75_.jpg","Width":75}}},"ItemInfo":{"ByLineInfo":{"Brand":{"DisplayValue":"PUERHUACI","Label":"Brand","Locale":"es_ES"}},"Title":{"DisplayValue":"Neceser Transparente Viaje Avion,Bolsa Liquidos Avion,6 Piezas Bolso Transparente,19x14cm Neceser Viaje Avion,Bolsa Transparente Multifunción con Cremallera","Label":"Title","Locale":"es_ES"}},"Offers":{"Summaries":[{"Condition":{"Value":"New"},"LowestPrice":{"Amount":13.89,"Currency":"EUR","DisplayAmount":"13,89 €"}}]}},{"ASIN":"B0BVVKZLHT","DetailPageURL":"https://www.amazon.es/dp/B0BVVKZLHT?tag=topinalambricos-21&linkCode=osi&th=1&psc=1","Images":{"Primary":{"Small":{"Height":75,"URL":"https://m.media-amazon.com/images/I/41zd76ozzyL._SL75_.jpg","Width":75}}},"ItemInfo":{"ByLineInfo":{"Brand":{"DisplayValue":"Aucuu","Label":"Brand","Locale":"es_ES"},"Manufacturer":{"DisplayValue":"Aucuu®-EU","Label":"Manufacturer","Locale":"es_ES"}},"Title":{"DisplayValue":"Aucuu 4PCS Neceser Hombre, Transparente Neceser Viaje Avion, Bolsa liquidos Avion, Bolsa de Aseo Organizador Mujer, Viajes Accesorios, 20x20cm (Gris+ Cuerda)","Label":"Title","Locale":"es_ES"}},"Offers":{"Summaries":[{"Condition":{"Value":"New"},"LowestPrice":{"Amount":7.98,"Currency":"EUR","DisplayAmount":"7,98 €"}}]}},{"ASIN":"B0BWTJMHXF","DetailPageURL":"https://www.amazon.es/dp/B0BWTJMHXF?tag=topinalambricos-21&linkCode=osi&th=1&psc=1","Images":{"Primary":{"Small":{"Height":75,"URL":"https://m.media-amazon.com/images/I/51-Gsh1xTvL._SL75_.jpg","Width":75}}},"ItemInfo":{"ByLineInfo":{"Brand":{"DisplayValue":"talifoca","Label":"Brand","Locale":"es_ES"},"Manufacturer":{"DisplayValue":"TALIFOCA","Label":"Manufacturer","Locale":"es_ES"}},"Title":{"DisplayValue":"3 Piezas Neceser de Aseo Transparente, Bolsas Transparentes de Avión,Bolsas de Aseo Transparente,Mujer Bolsa de Cosmético Organizador,Kit de Viaje para Avión, para Mujeres y Hombres","Label":"Title","Locale":"es_ES"}},"Offers":{"Summaries":[{"Condition":{"Value":"New"},"LowestPrice":{"Amount":8.99,"Currency":"EUR","DisplayAmount":"8,99 €"}}]}},{"ASIN":"B08YNGRXNK","DetailPageURL":"https://www.amazon.es/dp/B08YNGRXNK?tag=topinalambricos-21&linkCode=osi&th=1&psc=1","Images":{"Primary":{"Small":{"Height":75,"URL":"https://m.media-amazon.com/images/I/4158WjUfRlL._SL75_.jpg","Width":75}}},"ItemInfo":{"ByLineInfo":{"Brand":{"DisplayValue":"Casio","Label":"Brand","Locale":"es_ES"},"Manufacturer":{"DisplayValue":"CASIO","Label":"Manufacturer","Locale":"es_ES"}},"Title":{"DisplayValue":"Casio Unisex-adultos Digital GA-2100SKE-7AER","Label":"Title","Locale":"es_ES"}},"Offers":{"Summaries":[{"Condition":{"Value":"New"},"LowestPrice":{"Amount":83.59,"Currency":"EUR","DisplayAmount":"83,59 €"}}]}},{"ASIN":"B0CH9FT7L6","DetailPageURL":"https://www.amazon.es/dp/B0CH9FT7L6?tag=topinalambricos-21&linkCode=osi&th=1&psc=1","Images":{"Primary":{"Small":{"Height":75,"URL":"https://m.media-amazon.com/images/I/41Zy4SoABVL._SL75_.jpg","Width":75}}},"ItemInfo":{"ByLineInfo":{"Brand":{"DisplayValue":"Smilbaley","Label":"Brand","Locale":"es_ES"},"Manufacturer":{"DisplayValue":"D-22","Label":"Manufacturer","Locale":"es_ES"}},"Title":{"DisplayValue":"Smilbaley 2 Piezas Bolsa de Gimnasia Transparente, Bolsa de Cincha Transparente, Bolsa de Gimnasia Transparente con Cordón, para Escuelas, Exteriores, Gimnasios, Playas (35×45cm)","Label":"Title","Locale":"es_ES"}},"Offers":{"Summaries":[{"Condition":{"Value":"New"},"LowestPrice":{"Amount":14.99,"Currency":"EUR","DisplayAmount":"14,99 €"}}]}}],"SearchURL":"https://www.amazon.es/s?k=transparente&rh=n%3A14223378031%2Cp_n_availability%3A-1&tag=topinalambricos-21&linkCode=osi","TotalResultCount":306}},"117":{"SearchResult":{"Items":[{"ASIN":"B07GBN7JMK","DetailPageURL":"https://www.amazon.es/dp/B07GBN7JMK?tag=topinalambricos-21&linkCode=osi&th=1&psc=1","Images":{"Primary":{"Small":{"Height":75,"URL":"https://m.media-amazon.com/images/I/31vHA+wxLoL._SL75_.jpg","Width":70}}},"ItemInfo":{"ByLineInfo":{"Brand":{"DisplayValue":"Lancoon","Label":"Brand","Locale":"es_ES"},"Manufacturer":{"DisplayValue":"Lancoon","Label":"Manufacturer","Locale":"es_ES"}},"Title":{"DisplayValue":"Lancoon Paraguas Cúpula Transparente Mujer, 16 Costillas TamañO Grande A Prueba De Viento AutomáTico Abierto KS10White","Label":"Title","Locale":"es_ES"}},"Offers":{"Summaries":[{"Condition":{"Value":"New"},"LowestPrice":{"Amount":24.99,"Currency":"EUR","DisplayAmount":"24,99 €"}}]}},{"ASIN":"B0C4YLL3QG","DetailPageURL":"https://www.amazon.es/dp/B0C4YLL3QG?tag=topinalambricos-21&linkCode=osi&th=1&psc=1","Images":{"Primary":{"Small":{"Height":75,"URL":"https://m.media-amazon.com/images/I/312yqV-pibL._SL75_.jpg","Width":64}}},"ItemInfo":{"ByLineInfo":{"Brand":{"DisplayValue":"Jissta","Label":"Brand","Locale":"es_ES"},"Manufacturer":{"DisplayValue":"Jissta","Label":"Manufacturer","Locale":"es_ES"}},"Title":{"DisplayValue":"Jissta 4 neceseres Transparentes 20 * 20CM, Bolsa para líquidos de avión, Neceser portátil, Neceser de Viaje para Mujeres y Hombres con asa","Label":"Title","Locale":"es_ES"}},"Offers":{"Summaries":[{"Condition":{"Value":"New"},"LowestPrice":{"Amount":7.99,"Currency":"EUR","DisplayAmount":"7,99 €"}}]}},{"ASIN":"B0B1V8QLLT","DetailPageURL":"https://www.amazon.es/dp/B0B1V8QLLT?tag=topinalambricos-21&linkCode=osi&th=1&psc=1","Images":{"Primary":{"Small":{"Height":75,"URL":"https://m.media-amazon.com/images/I/41aMcaqaMBL._SL75_.jpg","Width":75}}},"ItemInfo":{"ByLineInfo":{"Brand":{"DisplayValue":"Pinsheng","Label":"Brand","Locale":"es_ES"},"Manufacturer":{"DisplayValue":"Pinsheng","Label":"Manufacturer","Locale":"es_ES"}},"Title":{"DisplayValue":"Pinsheng Tirantes Transparentes Sujetador 4 Pares Transparente Hombro Tirantes Claro Sujetador Correas Correas Transparentes Invisibles Antideslizantes de Sujetador para Mujer","Label":"Title","Locale":"es_ES"}},"Offers":{"Summaries":[{"Condition":{"Value":"New"},"LowestPrice":{"Amount":3.99,"Currency":"EUR","DisplayAmount":"3,99 €"}}]}},{"ASIN":"B09C376BCW","DetailPageURL":"https://www.amazon.es/dp/B09C376BCW?tag=topinalambricos-21&linkCode=osi&th=1&psc=1","Images":{"Primary":{"Small":{"Height":75,"URL":"https://m.media-amazon.com/images/I/31DDHCgK0lL._SL75_.jpg","Width":75}}},"ItemInfo":{"ByLineInfo":{"Brand":{"DisplayValue":"Jiakalamo","Label":"Brand","Locale":"es_ES"},"Manufacturer":{"DisplayValue":"Jiakalamo","Label":"Manufacturer","Locale":"es_ES"}},"Title":{"DisplayValue":"Jiakalamo Paraguas transparente plegable, Paraguas transparente automático para bodas , Paraguas transparente plegable mujer antiviento niño bodas travel ,Cierre automático Paraguas","Label":"Title","Locale":"es_ES"}},"Offers":{"Summaries":[{"Condition":{"Value":"New"},"LowestPrice":{"Amount":16.3,"Currency":"EUR","DisplayAmount":"16,30 €"}}]}},{"ASIN":"B081RPLNK1","DetailPageURL":"https://www.amazon.es/dp/B081RPLNK1?tag=topinalambricos-21&linkCode=osi&th=1&psc=1","Images":{"Primary":{"Small":{"Height":75,"URL":"https://m.media-amazon.com/images/I/4146RIkJjkL._SL75_.jpg","Width":75}}},"ItemInfo":{"ByLineInfo":{"Brand":{"DisplayValue":"WENTS","Label":"Brand","Locale":"es_ES"}},"Title":{"DisplayValue":"WENTS Bolsa Transparente de PVC Bolsa Transparente con Bolsillos con Cremallera y Correa para el Hombro Desmontable Cremallera Neceser De Cosmeticos De Mano Gran Capacidad","Label":"Title","Locale":"es_ES"}},"Offers":{"Summaries":[{"Condition":{"Value":"New"},"LowestPrice":{"Amount":11.67,"Currency":"EUR","DisplayAmount":"11,67 €"}}]}},{"ASIN":"B0BNQN89QF","DetailPageURL":"https://www.amazon.es/dp/B0BNQN89QF?tag=topinalambricos-21&linkCode=osi&th=1&psc=1","Images":{"Primary":{"Small":{"Height":75,"URL":"https://m.media-amazon.com/images/I/41m+zixsAKL._SL75_.jpg","Width":75}}},"ItemInfo":{"ByLineInfo":{"Brand":{"DisplayValue":"PUERHUACI","Label":"Brand","Locale":"es_ES"}},"Title":{"DisplayValue":"Neceser Transparente Viaje Avion,Bolsa Liquidos Avion,6 Piezas Bolso Transparente,19x14cm Neceser Viaje Avion,Bolsa Transparente Multifunción con Cremallera","Label":"Title","Locale":"es_ES"}},"Offers":{"Summaries":[{"Condition":{"Value":"New"},"LowestPrice":{"Amount":13.89,"Currency":"EUR","DisplayAmount":"13,89 €"}}]}},{"ASIN":"B0BVVKZLHT","DetailPageURL":"https://www.amazon.es/dp/B0BVVKZLHT?tag=topinalambricos-21&linkCode=osi&th=1&psc=1","Images":{"Primary":{"Small":{"Height":75,"URL":"https://m.media-amazon.com/images/I/41zd76ozzyL._SL75_.jpg","Width":75}}},"ItemInfo":{"ByLineInfo":{"Brand":{"DisplayValue":"Aucuu","Label":"Brand","Locale":"es_ES"},"Manufacturer":{"DisplayValue":"Aucuu®-EU","Label":"Manufacturer","Locale":"es_ES"}},"Title":{"DisplayValue":"Aucuu 4PCS Neceser Hombre, Transparente Neceser Viaje Avion, Bolsa liquidos Avion, Bolsa de Aseo Organizador Mujer, Viajes Accesorios, 20x20cm (Gris+ Cuerda)","Label":"Title","Locale":"es_ES"}},"Offers":{"Summaries":[{"Condition":{"Value":"New"},"LowestPrice":{"Amount":7.98,"Currency":"EUR","DisplayAmount":"7,98 €"}}]}},{"ASIN":"B0BWTJMHXF","DetailPageURL":"https://www.amazon.es/dp/B0BWTJMHXF?tag=topinalambricos-21&linkCode=osi&th=1&psc=1","Images":{"Primary":{"Small":{"Height":75,"URL":"https://m.media-amazon.com/images/I/51-Gsh1xTvL._SL75_.jpg","Width":75}}},"ItemInfo":{"ByLineInfo":{"Brand":{"DisplayValue":"talifoca","Label":"Brand","Locale":"es_ES"},"Manufacturer":{"DisplayValue":"TALIFOCA","Label":"Manufacturer","Locale":"es_ES"}},"Title":{"DisplayValue":"3 Piezas Neceser de Aseo Transparente, Bolsas Transparentes de Avión,Bolsas de Aseo Transparente,Mujer Bolsa de Cosmético Organizador,Kit de Viaje para Avión, para Mujeres y Hombres","Label":"Title","Locale":"es_ES"}},"Offers":{"Summaries":[{"Condition":{"Value":"New"},"LowestPrice":{"Amount":8.99,"Currency":"EUR","DisplayAmount":"8,99 €"}}]}},{"ASIN":"B08YNGRXNK","DetailPageURL":"https://www.amazon.es/dp/B08YNGRXNK?tag=topinalambricos-21&linkCode=osi&th=1&psc=1","Images":{"Primary":{"Small":{"Height":75,"URL":"https://m.media-amazon.com/images/I/4158WjUfRlL._SL75_.jpg","Width":75}}},"ItemInfo":{"ByLineInfo":{"Brand":{"DisplayValue":"Casio","Label":"Brand","Locale":"es_ES"},"Manufacturer":{"DisplayValue":"CASIO","Label":"Manufacturer","Locale":"es_ES"}},"Title":{"DisplayValue":"Casio Unisex-adultos Digital GA-2100SKE-7AER","Label":"Title","Locale":"es_ES"}},"Offers":{"Summaries":[{"Condition":{"Value":"New"},"LowestPrice":{"Amount":83.59,"Currency":"EUR","DisplayAmount":"83,59 €"}}]}},{"ASIN":"B0CH9FT7L6","DetailPageURL":"https://www.amazon.es/dp/B0CH9FT7L6?tag=topinalambricos-21&linkCode=osi&th=1&psc=1","Images":{"Primary":{"Small":{"Height":75,"URL":"https://m.media-amazon.com/images/I/41Zy4SoABVL._SL75_.jpg","Width":75}}},"ItemInfo":{"ByLineInfo":{"Brand":{"DisplayValue":"Smilbaley","Label":"Brand","Locale":"es_ES"},"Manufacturer":{"DisplayValue":"D-22","Label":"Manufacturer","Locale":"es_ES"}},"Title":{"DisplayValue":"Smilbaley 2 Piezas Bolsa de Gimnasia Transparente, Bolsa de Cincha Transparente, Bolsa de Gimnasia Transparente con Cordón, para Escuelas, Exteriores, Gimnasios, Playas (35×45cm)","Label":"Title","Locale":"es_ES"}},"Offers":{"Summaries":[{"Condition":{"Value":"New"},"LowestPrice":{"Amount":14.99,"Currency":"EUR","DisplayAmount":"14,99 €"}}]}}],"SearchURL":"https://www.amazon.es/s?k=transparente&rh=n%3A14223378031%2Cp_n_availability%3A-1&tag=topinalambricos-21&linkCode=osi","TotalResultCount":306}},"118":{"SearchResult":{"Items":[{"ASIN":"B07GBN7JMK","DetailPageURL":"https://www.amazon.es/dp/B07GBN7JMK?tag=topinalambricos-21&linkCode=osi&th=1&psc=1","Images":{"Primary":{"Small":{"Height":75,"URL":"https://m.media-amazon.com/images/I/31vHA+wxLoL._SL75_.jpg","Width":70}}},"ItemInfo":{"ByLineInfo":{"Brand":{"DisplayValue":"Lancoon","Label":"Brand","Locale":"es_ES"},"Manufacturer":{"DisplayValue":"Lancoon","Label":"Manufacturer","Locale":"es_ES"}},"Title":{"DisplayValue":"Lancoon Paraguas Cúpula Transparente Mujer, 16 Costillas TamañO Grande A Prueba De Viento AutomáTico Abierto KS10White","Label":"Title","Locale":"es_ES"}},"Offers":{"Summaries":[{"Condition":{"Value":"New"},"LowestPrice":{"Amount":24.99,"Currency":"EUR","DisplayAmount":"24,99 €"}}]}},{"ASIN":"B0C4YLL3QG","DetailPageURL":"https://www.amazon.es/dp/B0C4YLL3QG?tag=topinalambricos-21&linkCode=osi&th=1&psc=1","Images":{"Primary":{"Small":{"Height":75,"URL":"https://m.media-amazon.com/images/I/312yqV-pibL._SL75_.jpg","Width":64}}},"ItemInfo":{"ByLineInfo":{"Brand":{"DisplayValue":"Jissta","Label":"Brand","Locale":"es_ES"},"Manufacturer":{"DisplayValue":"Jissta","Label":"Manufacturer","Locale":"es_ES"}},"Title":{"DisplayValue":"Jissta 4 neceseres Transparentes 20 * 20CM, Bolsa para líquidos de avión, Neceser portátil, Neceser de Viaje para Mujeres y Hombres con asa","Label":"Title","Locale":"es_ES"}},"Offers":{"Summaries":[{"Condition":{"Value":"New"},"LowestPrice":{"Amount":7.99,"Currency":"EUR","DisplayAmount":"7,99 €"}}]}},{"ASIN":"B0B1V8QLLT","DetailPageURL":"https://www.amazon.es/dp/B0B1V8QLLT?tag=topinalambricos-21&linkCode=osi&th=1&psc=1","Images":{"Primary":{"Small":{"Height":75,"URL":"https://m.media-amazon.com/images/I/41aMcaqaMBL._SL75_.jpg","Width":75}}},"ItemInfo":{"ByLineInfo":{"Brand":{"DisplayValue":"Pinsheng","Label":"Brand","Locale":"es_ES"},"Manufacturer":{"DisplayValue":"Pinsheng","Label":"Manufacturer","Locale":"es_ES"}},"Title":{"DisplayValue":"Pinsheng Tirantes Transparentes Sujetador 4 Pares Transparente Hombro Tirantes Claro Sujetador Correas Correas Transparentes Invisibles Antideslizantes de Sujetador para Mujer","Label":"Title","Locale":"es_ES"}},"Offers":{"Summaries":[{"Condition":{"Value":"New"},"LowestPrice":{"Amount":3.99,"Currency":"EUR","DisplayAmount":"3,99 €"}}]}},{"ASIN":"B09C376BCW","DetailPageURL":"https://www.amazon.es/dp/B09C376BCW?tag=topinalambricos-21&linkCode=osi&th=1&psc=1","Images":{"Primary":{"Small":{"Height":75,"URL":"https://m.media-amazon.com/images/I/31DDHCgK0lL._SL75_.jpg","Width":75}}},"ItemInfo":{"ByLineInfo":{"Brand":{"DisplayValue":"Jiakalamo","Label":"Brand","Locale":"es_ES"},"Manufacturer":{"DisplayValue":"Jiakalamo","Label":"Manufacturer","Locale":"es_ES"}},"Title":{"DisplayValue":"Jiakalamo Paraguas transparente plegable, Paraguas transparente automático para bodas , Paraguas transparente plegable mujer antiviento niño bodas travel ,Cierre automático Paraguas","Label":"Title","Locale":"es_ES"}},"Offers":{"Summaries":[{"Condition":{"Value":"New"},"LowestPrice":{"Amount":16.3,"Currency":"EUR","DisplayAmount":"16,30 €"}}]}},{"ASIN":"B081RPLNK1","DetailPageURL":"https://www.amazon.es/dp/B081RPLNK1?tag=topinalambricos-21&linkCode=osi&th=1&psc=1","Images":{"Primary":{"Small":{"Height":75,"URL":"https://m.media-amazon.com/images/I/4146RIkJjkL._SL75_.jpg","Width":75}}},"ItemInfo":{"ByLineInfo":{"Brand":{"DisplayValue":"WENTS","Label":"Brand","Locale":"es_ES"}},"Title":{"DisplayValue":"WENTS Bolsa Transparente de PVC Bolsa Transparente con Bolsillos con Cremallera y Correa para el Hombro Desmontable Cremallera Neceser De Cosmeticos De Mano Gran Capacidad","Label":"Title","Locale":"es_ES"}},"Offers":{"Summaries":[{"Condition":{"Value":"New"},"LowestPrice":{"Amount":11.67,"Currency":"EUR","DisplayAmount":"11,67 €"}}]}},{"ASIN":"B0BNQN89QF","DetailPageURL":"https://www.amazon.es/dp/B0BNQN89QF?tag=topinalambricos-21&linkCode=osi&th=1&psc=1","Images":{"Primary":{"Small":{"Height":75,"URL":"https://m.media-amazon.com/images/I/41m+zixsAKL._SL75_.jpg","Width":75}}},"ItemInfo":{"ByLineInfo":{"Brand":{"DisplayValue":"PUERHUACI","Label":"Brand","Locale":"es_ES"}},"Title":{"DisplayValue":"Neceser Transparente Viaje Avion,Bolsa Liquidos Avion,6 Piezas Bolso Transparente,19x14cm Neceser Viaje Avion,Bolsa Transparente Multifunción con Cremallera","Label":"Title","Locale":"es_ES"}},"Offers":{"Summaries":[{"Condition":{"Value":"New"},"LowestPrice":{"Amount":13.89,"Currency":"EUR","DisplayAmount":"13,89 €"}}]}},{"ASIN":"B0BVVKZLHT","DetailPageURL":"https://www.amazon.es/dp/B0BVVKZLHT?tag=topinalambricos-21&linkCode=osi&th=1&psc=1","Images":{"Primary":{"Small":{"Height":75,"URL":"https://m.media-amazon.com/images/I/41zd76ozzyL._SL75_.jpg","Width":75}}},"ItemInfo":{"ByLineInfo":{"Brand":{"DisplayValue":"Aucuu","Label":"Brand","Locale":"es_ES"},"Manufacturer":{"DisplayValue":"Aucuu®-EU","Label":"Manufacturer","Locale":"es_ES"}},"Title":{"DisplayValue":"Aucuu 4PCS Neceser Hombre, Transparente Neceser Viaje Avion, Bolsa liquidos Avion, Bolsa de Aseo Organizador Mujer, Viajes Accesorios, 20x20cm (Gris+ Cuerda)","Label":"Title","Locale":"es_ES"}},"Offers":{"Summaries":[{"Condition":{"Value":"New"},"LowestPrice":{"Amount":7.98,"Currency":"EUR","DisplayAmount":"7,98 €"}}]}},{"ASIN":"B0BWTJMHXF","DetailPageURL":"https://www.amazon.es/dp/B0BWTJMHXF?tag=topinalambricos-21&linkCode=osi&th=1&psc=1","Images":{"Primary":{"Small":{"Height":75,"URL":"https://m.media-amazon.com/images/I/51-Gsh1xTvL._SL75_.jpg","Width":75}}},"ItemInfo":{"ByLineInfo":{"Brand":{"DisplayValue":"talifoca","Label":"Brand","Locale":"es_ES"},"Manufacturer":{"DisplayValue":"TALIFOCA","Label":"Manufacturer","Locale":"es_ES"}},"Title":{"DisplayValue":"3 Piezas Neceser de Aseo Transparente, Bolsas Transparentes de Avión,Bolsas de Aseo Transparente,Mujer Bolsa de Cosmético Organizador,Kit de Viaje para Avión, para Mujeres y Hombres","Label":"Title","Locale":"es_ES"}},"Offers":{"Summaries":[{"Condition":{"Value":"New"},"LowestPrice":{"Amount":8.99,"Currency":"EUR","DisplayAmount":"8,99 €"}}]}},{"ASIN":"B08YNGRXNK","DetailPageURL":"https://www.amazon.es/dp/B08YNGRXNK?tag=topinalambricos-21&linkCode=osi&th=1&psc=1","Images":{"Primary":{"Small":{"Height":75,"URL":"https://m.media-amazon.com/images/I/4158WjUfRlL._SL75_.jpg","Width":75}}},"ItemInfo":{"ByLineInfo":{"Brand":{"DisplayValue":"Casio","Label":"Brand","Locale":"es_ES"},"Manufacturer":{"DisplayValue":"CASIO","Label":"Manufacturer","Locale":"es_ES"}},"Title":{"DisplayValue":"Casio Unisex-adultos Digital GA-2100SKE-7AER","Label":"Title","Locale":"es_ES"}},"Offers":{"Summaries":[{"Condition":{"Value":"New"},"LowestPrice":{"Amount":83.59,"Currency":"EUR","DisplayAmount":"83,59 €"}}]}},{"ASIN":"B0CH9FT7L6","DetailPageURL":"https://www.amazon.es/dp/B0CH9FT7L6?tag=topinalambricos-21&linkCode=osi&th=1&psc=1","Images":{"Primary":{"Small":{"Height":75,"URL":"https://m.media-amazon.com/images/I/41Zy4SoABVL._SL75_.jpg","Width":75}}},"ItemInfo":{"ByLineInfo":{"Brand":{"DisplayValue":"Smilbaley","Label":"Brand","Locale":"es_ES"},"Manufacturer":{"DisplayValue":"D-22","Label":"Manufacturer","Locale":"es_ES"}},"Title":{"DisplayValue":"Smilbaley 2 Piezas Bolsa de Gimnasia Transparente, Bolsa de Cincha Transparente, Bolsa de Gimnasia Transparente con Cordón, para Escuelas, Exteriores, Gimnasios, Playas (35×45cm)","Label":"Title","Locale":"es_ES"}},"Offers":{"Summaries":[{"Condition":{"Value":"New"},"LowestPrice":{"Amount":14.99,"Currency":"EUR","DisplayAmount":"14,99 €"}}]}}],"SearchURL":"https://www.amazon.es/s?k=transparente&rh=n%3A14223378031%2Cp_n_availability%3A-1&tag=topinalambricos-21&linkCode=osi","TotalResultCount":306}},"119":{"SearchResult":{"Items":[{"ASIN":"B07GBN7JMK","DetailPageURL":"https://www.amazon.es/dp/B07GBN7JMK?tag=topinalambricos-21&linkCode=osi&th=1&psc=1","Images":{"Primary":{"Small":{"Height":75,"URL":"https://m.media-amazon.com/images/I/31vHA+wxLoL._SL75_.jpg","Width":70}}},"ItemInfo":{"ByLineInfo":{"Brand":{"DisplayValue":"Lancoon","Label":"Brand","Locale":"es_ES"},"Manufacturer":{"DisplayValue":"Lancoon","Label":"Manufacturer","Locale":"es_ES"}},"Title":{"DisplayValue":"Lancoon Paraguas Cúpula Transparente Mujer, 16 Costillas TamañO Grande A Prueba De Viento AutomáTico Abierto KS10White","Label":"Title","Locale":"es_ES"}},"Offers":{"Summaries":[{"Condition":{"Value":"New"},"LowestPrice":{"Amount":24.99,"Currency":"EUR","DisplayAmount":"24,99 €"}}]}},{"ASIN":"B0C4YLL3QG","DetailPageURL":"https://www.amazon.es/dp/B0C4YLL3QG?tag=topinalambricos-21&linkCode=osi&th=1&psc=1","Images":{"Primary":{"Small":{"Height":75,"URL":"https://m.media-amazon.com/images/I/312yqV-pibL._SL75_.jpg","Width":64}}},"ItemInfo":{"ByLineInfo":{"Brand":{"DisplayValue":"Jissta","Label":"Brand","Locale":"es_ES"},"Manufacturer":{"DisplayValue":"Jissta","Label":"Manufacturer","Locale":"es_ES"}},"Title":{"DisplayValue":"Jissta 4 neceseres Transparentes 20 * 20CM, Bolsa para líquidos de avión, Neceser portátil, Neceser de Viaje para Mujeres y Hombres con asa","Label":"Title","Locale":"es_ES"}},"Offers":{"Summaries":[{"Condition":{"Value":"New"},"LowestPrice":{"Amount":7.99,"Currency":"EUR","DisplayAmount":"7,99 €"}}]}},{"ASIN":"B0B1V8QLLT","DetailPageURL":"https://www.amazon.es/dp/B0B1V8QLLT?tag=topinalambricos-21&linkCode=osi&th=1&psc=1","Images":{"Primary":{"Small":{"Height":75,"URL":"https://m.media-amazon.com/images/I/41aMcaqaMBL._SL75_.jpg","Width":75}}},"ItemInfo":{"ByLineInfo":{"Brand":{"DisplayValue":"Pinsheng","Label":"Brand","Locale":"es_ES"},"Manufacturer":{"DisplayValue":"Pinsheng","Label":"Manufacturer","Locale":"es_ES"}},"Title":{"DisplayValue":"Pinsheng Tirantes Transparentes Sujetador 4 Pares Transparente Hombro Tirantes Claro Sujetador Correas Correas Transparentes Invisibles Antideslizantes de Sujetador para Mujer","Label":"Title","Locale":"es_ES"}},"Offers":{"Summaries":[{"Condition":{"Value":"New"},"LowestPrice":{"Amount":3.99,"Currency":"EUR","DisplayAmount":"3,99 €"}}]}},{"ASIN":"B09C376BCW","DetailPageURL":"https://www.amazon.es/dp/B09C376BCW?tag=topinalambricos-21&linkCode=osi&th=1&psc=1","Images":{"Primary":{"Small":{"Height":75,"URL":"https://m.media-amazon.com/images/I/31DDHCgK0lL._SL75_.jpg","Width":75}}},"ItemInfo":{"ByLineInfo":{"Brand":{"DisplayValue":"Jiakalamo","Label":"Brand","Locale":"es_ES"},"Manufacturer":{"DisplayValue":"Jiakalamo","Label":"Manufacturer","Locale":"es_ES"}},"Title":{"DisplayValue":"Jiakalamo Paraguas transparente plegable, Paraguas transparente automático para bodas , Paraguas transparente plegable mujer antiviento niño bodas travel ,Cierre automático Paraguas","Label":"Title","Locale":"es_ES"}},"Offers":{"Summaries":[{"Condition":{"Value":"New"},"LowestPrice":{"Amount":16.3,"Currency":"EUR","DisplayAmount":"16,30 €"}}]}},{"ASIN":"B081RPLNK1","DetailPageURL":"https://www.amazon.es/dp/B081RPLNK1?tag=topinalambricos-21&linkCode=osi&th=1&psc=1","Images":{"Primary":{"Small":{"Height":75,"URL":"https://m.media-amazon.com/images/I/4146RIkJjkL._SL75_.jpg","Width":75}}},"ItemInfo":{"ByLineInfo":{"Brand":{"DisplayValue":"WENTS","Label":"Brand","Locale":"es_ES"}},"Title":{"DisplayValue":"WENTS Bolsa Transparente de PVC Bolsa Transparente con Bolsillos con Cremallera y Correa para el Hombro Desmontable Cremallera Neceser De Cosmeticos De Mano Gran Capacidad","Label":"Title","Locale":"es_ES"}},"Offers":{"Summaries":[{"Condition":{"Value":"New"},"LowestPrice":{"Amount":11.67,"Currency":"EUR","DisplayAmount":"11,67 €"}}]}},{"ASIN":"B0BNQN89QF","DetailPageURL":"https://www.amazon.es/dp/B0BNQN89QF?tag=topinalambricos-21&linkCode=osi&th=1&psc=1","Images":{"Primary":{"Small":{"Height":75,"URL":"https://m.media-amazon.com/images/I/41m+zixsAKL._SL75_.jpg","Width":75}}},"ItemInfo":{"ByLineInfo":{"Brand":{"DisplayValue":"PUERHUACI","Label":"Brand","Locale":"es_ES"}},"Title":{"DisplayValue":"Neceser Transparente Viaje Avion,Bolsa Liquidos Avion,6 Piezas Bolso Transparente,19x14cm Neceser Viaje Avion,Bolsa Transparente Multifunción con Cremallera","Label":"Title","Locale":"es_ES"}},"Offers":{"Summaries":[{"Condition":{"Value":"New"},"LowestPrice":{"Amount":13.89,"Currency":"EUR","DisplayAmount":"13,89 €"}}]}},{"ASIN":"B0BVVKZLHT","DetailPageURL":"https://www.amazon.es/dp/B0BVVKZLHT?tag=topinalambricos-21&linkCode=osi&th=1&psc=1","Images":{"Primary":{"Small":{"Height":75,"URL":"https://m.media-amazon.com/images/I/41zd76ozzyL._SL75_.jpg","Width":75}}},"ItemInfo":{"ByLineInfo":{"Brand":{"DisplayValue":"Aucuu","Label":"Brand","Locale":"es_ES"},"Manufacturer":{"DisplayValue":"Aucuu®-EU","Label":"Manufacturer","Locale":"es_ES"}},"Title":{"DisplayValue":"Aucuu 4PCS Neceser Hombre, Transparente Neceser Viaje Avion, Bolsa liquidos Avion, Bolsa de Aseo Organizador Mujer, Viajes Accesorios, 20x20cm (Gris+ Cuerda)","Label":"Title","Locale":"es_ES"}},"Offers":{"Summaries":[{"Condition":{"Value":"New"},"LowestPrice":{"Amount":7.98,"Currency":"EUR","DisplayAmount":"7,98 €"}}]}},{"ASIN":"B0BWTJMHXF","DetailPageURL":"https://www.amazon.es/dp/B0BWTJMHXF?tag=topinalambricos-21&linkCode=osi&th=1&psc=1","Images":{"Primary":{"Small":{"Height":75,"URL":"https://m.media-amazon.com/images/I/51-Gsh1xTvL._SL75_.jpg","Width":75}}},"ItemInfo":{"ByLineInfo":{"Brand":{"DisplayValue":"talifoca","Label":"Brand","Locale":"es_ES"},"Manufacturer":{"DisplayValue":"TALIFOCA","Label":"Manufacturer","Locale":"es_ES"}},"Title":{"DisplayValue":"3 Piezas Neceser de Aseo Transparente, Bolsas Transparentes de Avión,Bolsas de Aseo Transparente,Mujer Bolsa de Cosmético Organizador,Kit de Viaje para Avión, para Mujeres y Hombres","Label":"Title","Locale":"es_ES"}},"Offers":{"Summaries":[{"Condition":{"Value":"New"},"LowestPrice":{"Amount":8.99,"Currency":"EUR","DisplayAmount":"8,99 €"}}]}},{"ASIN":"B08YNGRXNK","DetailPageURL":"https://www.amazon.es/dp/B08YNGRXNK?tag=topinalambricos-21&linkCode=osi&th=1&psc=1","Images":{"Primary":{"Small":{"Height":75,"URL":"https://m.media-amazon.com/images/I/4158WjUfRlL._SL75_.jpg","Width":75}}},"ItemInfo":{"ByLineInfo":{"Brand":{"DisplayValue":"Casio","Label":"Brand","Locale":"es_ES"},"Manufacturer":{"DisplayValue":"CASIO","Label":"Manufacturer","Locale":"es_ES"}},"Title":{"DisplayValue":"Casio Unisex-adultos Digital GA-2100SKE-7AER","Label":"Title","Locale":"es_ES"}},"Offers":{"Summaries":[{"Condition":{"Value":"New"},"LowestPrice":{"Amount":83.59,"Currency":"EUR","DisplayAmount":"83,59 €"}}]}},{"ASIN":"B0CH9FT7L6","DetailPageURL":"https://www.amazon.es/dp/B0CH9FT7L6?tag=topinalambricos-21&linkCode=osi&th=1&psc=1","Images":{"Primary":{"Small":{"Height":75,"URL":"https://m.media-amazon.com/images/I/41Zy4SoABVL._SL75_.jpg","Width":75}}},"ItemInfo":{"ByLineInfo":{"Brand":{"DisplayValue":"Smilbaley","Label":"Brand","Locale":"es_ES"},"Manufacturer":{"DisplayValue":"D-22","Label":"Manufacturer","Locale":"es_ES"}},"Title":{"DisplayValue":"Smilbaley 2 Piezas Bolsa de Gimnasia Transparente, Bolsa de Cincha Transparente, Bolsa de Gimnasia Transparente con Cordón, para Escuelas, Exteriores, Gimnasios, Playas (35×45cm)","Label":"Title","Locale":"es_ES"}},"Offers":{"Summaries":[{"Condition":{"Value":"New"},"LowestPrice":{"Amount":14.99,"Currency":"EUR","DisplayAmount":"14,99 €"}}]}}],"SearchURL":"https://www.amazon.es/s?k=transparente&rh=n%3A14223378031%2Cp_n_availability%3A-1&tag=topinalambricos-21&linkCode=osi","TotalResultCount":306}},"120":{"SearchResult":{"Items":[{"ASIN":"B07GBN7JMK","DetailPageURL":"https://www.amazon.es/dp/B07GBN7JMK?tag=topinalambricos-21&linkCode=osi&th=1&psc=1","Images":{"Primary":{"Small":{"Height":75,"URL":"https://m.media-amazon.com/images/I/31vHA+wxLoL._SL75_.jpg","Width":70}}},"ItemInfo":{"ByLineInfo":{"Brand":{"DisplayValue":"Lancoon","Label":"Brand","Locale":"es_ES"},"Manufacturer":{"DisplayValue":"Lancoon","Label":"Manufacturer","Locale":"es_ES"}},"Title":{"DisplayValue":"Lancoon Paraguas Cúpula Transparente Mujer, 16 Costillas TamañO Grande A Prueba De Viento AutomáTico Abierto KS10White","Label":"Title","Locale":"es_ES"}},"Offers":{"Summaries":[{"Condition":{"Value":"New"},"LowestPrice":{"Amount":24.99,"Currency":"EUR","DisplayAmount":"24,99 €"}}]}},{"ASIN":"B0C4YLL3QG","DetailPageURL":"https://www.amazon.es/dp/B0C4YLL3QG?tag=topinalambricos-21&linkCode=osi&th=1&psc=1","Images":{"Primary":{"Small":{"Height":75,"URL":"https://m.media-amazon.com/images/I/312yqV-pibL._SL75_.jpg","Width":64}}},"ItemInfo":{"ByLineInfo":{"Brand":{"DisplayValue":"Jissta","Label":"Brand","Locale":"es_ES"},"Manufacturer":{"DisplayValue":"Jissta","Label":"Manufacturer","Locale":"es_ES"}},"Title":{"DisplayValue":"Jissta 4 neceseres Transparentes 20 * 20CM, Bolsa para líquidos de avión, Neceser portátil, Neceser de Viaje para Mujeres y Hombres con asa","Label":"Title","Locale":"es_ES"}},"Offers":{"Summaries":[{"Condition":{"Value":"New"},"LowestPrice":{"Amount":7.99,"Currency":"EUR","DisplayAmount":"7,99 €"}}]}},{"ASIN":"B0B1V8QLLT","DetailPageURL":"https://www.amazon.es/dp/B0B1V8QLLT?tag=topinalambricos-21&linkCode=osi&th=1&psc=1","Images":{"Primary":{"Small":{"Height":75,"URL":"https://m.media-amazon.com/images/I/41aMcaqaMBL._SL75_.jpg","Width":75}}},"ItemInfo":{"ByLineInfo":{"Brand":{"DisplayValue":"Pinsheng","Label":"Brand","Locale":"es_ES"},"Manufacturer":{"DisplayValue":"Pinsheng","Label":"Manufacturer","Locale":"es_ES"}},"Title":{"DisplayValue":"Pinsheng Tirantes Transparentes Sujetador 4 Pares Transparente Hombro Tirantes Claro Sujetador Correas Correas Transparentes Invisibles Antideslizantes de Sujetador para Mujer","Label":"Title","Locale":"es_ES"}},"Offers":{"Summaries":[{"Condition":{"Value":"New"},"LowestPrice":{"Amount":3.99,"Currency":"EUR","DisplayAmount":"3,99 €"}}]}},{"ASIN":"B09C376BCW","DetailPageURL":"https://www.amazon.es/dp/B09C376BCW?tag=topinalambricos-21&linkCode=osi&th=1&psc=1","Images":{"Primary":{"Small":{"Height":75,"URL":"https://m.media-amazon.com/images/I/31DDHCgK0lL._SL75_.jpg","Width":75}}},"ItemInfo":{"ByLineInfo":{"Brand":{"DisplayValue":"Jiakalamo","Label":"Brand","Locale":"es_ES"},"Manufacturer":{"DisplayValue":"Jiakalamo","Label":"Manufacturer","Locale":"es_ES"}},"Title":{"DisplayValue":"Jiakalamo Paraguas transparente plegable, Paraguas transparente automático para bodas , Paraguas transparente plegable mujer antiviento niño bodas travel ,Cierre automático Paraguas","Label":"Title","Locale":"es_ES"}},"Offers":{"Summaries":[{"Condition":{"Value":"New"},"LowestPrice":{"Amount":16.3,"Currency":"EUR","DisplayAmount":"16,30 €"}}]}},{"ASIN":"B081RPLNK1","DetailPageURL":"https://www.amazon.es/dp/B081RPLNK1?tag=topinalambricos-21&linkCode=osi&th=1&psc=1","Images":{"Primary":{"Small":{"Height":75,"URL":"https://m.media-amazon.com/images/I/4146RIkJjkL._SL75_.jpg","Width":75}}},"ItemInfo":{"ByLineInfo":{"Brand":{"DisplayValue":"WENTS","Label":"Brand","Locale":"es_ES"}},"Title":{"DisplayValue":"WENTS Bolsa Transparente de PVC Bolsa Transparente con Bolsillos con Cremallera y Correa para el Hombro Desmontable Cremallera Neceser De Cosmeticos De Mano Gran Capacidad","Label":"Title","Locale":"es_ES"}},"Offers":{"Summaries":[{"Condition":{"Value":"New"},"LowestPrice":{"Amount":11.67,"Currency":"EUR","DisplayAmount":"11,67 €"}}]}},{"ASIN":"B0BNQN89QF","DetailPageURL":"https://www.amazon.es/dp/B0BNQN89QF?tag=topinalambricos-21&linkCode=osi&th=1&psc=1","Images":{"Primary":{"Small":{"Height":75,"URL":"https://m.media-amazon.com/images/I/41m+zixsAKL._SL75_.jpg","Width":75}}},"ItemInfo":{"ByLineInfo":{"Brand":{"DisplayValue":"PUERHUACI","Label":"Brand","Locale":"es_ES"}},"Title":{"DisplayValue":"Neceser Transparente Viaje Avion,Bolsa Liquidos Avion,6 Piezas Bolso Transparente,19x14cm Neceser Viaje Avion,Bolsa Transparente Multifunción con Cremallera","Label":"Title","Locale":"es_ES"}},"Offers":{"Summaries":[{"Condition":{"Value":"New"},"LowestPrice":{"Amount":13.89,"Currency":"EUR","DisplayAmount":"13,89 €"}}]}},{"ASIN":"B0BVVKZLHT","DetailPageURL":"https://www.amazon.es/dp/B0BVVKZLHT?tag=topinalambricos-21&linkCode=osi&th=1&psc=1","Images":{"Primary":{"Small":{"Height":75,"URL":"https://m.media-amazon.com/images/I/41zd76ozzyL._SL75_.jpg","Width":75}}},"ItemInfo":{"ByLineInfo":{"Brand":{"DisplayValue":"Aucuu","Label":"Brand","Locale":"es_ES"},"Manufacturer":{"DisplayValue":"Aucuu®-EU","Label":"Manufacturer","Locale":"es_ES"}},"Title":{"DisplayValue":"Aucuu 4PCS Neceser Hombre, Transparente Neceser Viaje Avion, Bolsa liquidos Avion, Bolsa de Aseo Organizador Mujer, Viajes Accesorios, 20x20cm (Gris+ Cuerda)","Label":"Title","Locale":"es_ES"}},"Offers":{"Summaries":[{"Condition":{"Value":"New"},"LowestPrice":{"Amount":7.98,"Currency":"EUR","DisplayAmount":"7,98 €"}}]}},{"ASIN":"B0BWTJMHXF","DetailPageURL":"https://www.amazon.es/dp/B0BWTJMHXF?tag=topinalambricos-21&linkCode=osi&th=1&psc=1","Images":{"Primary":{"Small":{"Height":75,"URL":"https://m.media-amazon.com/images/I/51-Gsh1xTvL._SL75_.jpg","Width":75}}},"ItemInfo":{"ByLineInfo":{"Brand":{"DisplayValue":"talifoca","Label":"Brand","Locale":"es_ES"},"Manufacturer":{"DisplayValue":"TALIFOCA","Label":"Manufacturer","Locale":"es_ES"}},"Title":{"DisplayValue":"3 Piezas Neceser de Aseo Transparente, Bolsas Transparentes de Avión,Bolsas de Aseo Transparente,Mujer Bolsa de Cosmético Organizador,Kit de Viaje para Avión, para Mujeres y Hombres","Label":"Title","Locale":"es_ES"}},"Offers":{"Summaries":[{"Condition":{"Value":"New"},"LowestPrice":{"Amount":8.99,"Currency":"EUR","DisplayAmount":"8,99 €"}}]}},{"ASIN":"B08YNGRXNK","DetailPageURL":"https://www.amazon.es/dp/B08YNGRXNK?tag=topinalambricos-21&linkCode=osi&th=1&psc=1","Images":{"Primary":{"Small":{"Height":75,"URL":"https://m.media-amazon.com/images/I/4158WjUfRlL._SL75_.jpg","Width":75}}},"ItemInfo":{"ByLineInfo":{"Brand":{"DisplayValue":"Casio","Label":"Brand","Locale":"es_ES"},"Manufacturer":{"DisplayValue":"CASIO","Label":"Manufacturer","Locale":"es_ES"}},"Title":{"DisplayValue":"Casio Unisex-adultos Digital GA-2100SKE-7AER","Label":"Title","Locale":"es_ES"}},"Offers":{"Summaries":[{"Condition":{"Value":"New"},"LowestPrice":{"Amount":83.59,"Currency":"EUR","DisplayAmount":"83,59 €"}}]}},{"ASIN":"B0CH9FT7L6","DetailPageURL":"https://www.amazon.es/dp/B0CH9FT7L6?tag=topinalambricos-21&linkCode=osi&th=1&psc=1","Images":{"Primary":{"Small":{"Height":75,"URL":"https://m.media-amazon.com/images/I/41Zy4SoABVL._SL75_.jpg","Width":75}}},"ItemInfo":{"ByLineInfo":{"Brand":{"DisplayValue":"Smilbaley","Label":"Brand","Locale":"es_ES"},"Manufacturer":{"DisplayValue":"D-22","Label":"Manufacturer","Locale":"es_ES"}},"Title":{"DisplayValue":"Smilbaley 2 Piezas Bolsa de Gimnasia Transparente, Bolsa de Cincha Transparente, Bolsa de Gimnasia Transparente con Cordón, para Escuelas, Exteriores, Gimnasios, Playas (35×45cm)","Label":"Title","Locale":"es_ES"}},"Offers":{"Summaries":[{"Condition":{"Value":"New"},"LowestPrice":{"Amount":14.99,"Currency":"EUR","DisplayAmount":"14,99 €"}}]}}],"SearchURL":"https://www.amazon.es/s?k=transparente&rh=n%3A14223378031%2Cp_n_availability%3A-1&tag=topinalambricos-21&linkCode=osi","TotalResultCount":306}},"121":{"SearchResult":{"Items":[{"ASIN":"B07GBN7JMK","DetailPageURL":"https://www.amazon.es/dp/B07GBN7JMK?tag=topinalambricos-21&linkCode=osi&th=1&psc=1","Images":{"Primary":{"Small":{"Height":75,"URL":"https://m.media-amazon.com/images/I/31vHA+wxLoL._SL75_.jpg","Width":70}}},"ItemInfo":{"ByLineInfo":{"Brand":{"DisplayValue":"Lancoon","Label":"Brand","Locale":"es_ES"},"Manufacturer":{"DisplayValue":"Lancoon","Label":"Manufacturer","Locale":"es_ES"}},"Title":{"DisplayValue":"Lancoon Paraguas Cúpula Transparente Mujer, 16 Costillas TamañO Grande A Prueba De Viento AutomáTico Abierto KS10White","Label":"Title","Locale":"es_ES"}},"Offers":{"Summaries":[{"Condition":{"Value":"New"},"LowestPrice":{"Amount":24.99,"Currency":"EUR","DisplayAmount":"24,99 €"}}]}},{"ASIN":"B0C4YLL3QG","DetailPageURL":"https://www.amazon.es/dp/B0C4YLL3QG?tag=topinalambricos-21&linkCode=osi&th=1&psc=1","Images":{"Primary":{"Small":{"Height":75,"URL":"https://m.media-amazon.com/images/I/312yqV-pibL._SL75_.jpg","Width":64}}},"ItemInfo":{"ByLineInfo":{"Brand":{"DisplayValue":"Jissta","Label":"Brand","Locale":"es_ES"},"Manufacturer":{"DisplayValue":"Jissta","Label":"Manufacturer","Locale":"es_ES"}},"Title":{"DisplayValue":"Jissta 4 neceseres Transparentes 20 * 20CM, Bolsa para líquidos de avión, Neceser portátil, Neceser de Viaje para Mujeres y Hombres con asa","Label":"Title","Locale":"es_ES"}},"Offers":{"Summaries":[{"Condition":{"Value":"New"},"LowestPrice":{"Amount":7.99,"Currency":"EUR","DisplayAmount":"7,99 €"}}]}},{"ASIN":"B0B1V8QLLT","DetailPageURL":"https://www.amazon.es/dp/B0B1V8QLLT?tag=topinalambricos-21&linkCode=osi&th=1&psc=1","Images":{"Primary":{"Small":{"Height":75,"URL":"https://m.media-amazon.com/images/I/41aMcaqaMBL._SL75_.jpg","Width":75}}},"ItemInfo":{"ByLineInfo":{"Brand":{"DisplayValue":"Pinsheng","Label":"Brand","Locale":"es_ES"},"Manufacturer":{"DisplayValue":"Pinsheng","Label":"Manufacturer","Locale":"es_ES"}},"Title":{"DisplayValue":"Pinsheng Tirantes Transparentes Sujetador 4 Pares Transparente Hombro Tirantes Claro Sujetador Correas Correas Transparentes Invisibles Antideslizantes de Sujetador para Mujer","Label":"Title","Locale":"es_ES"}},"Offers":{"Summaries":[{"Condition":{"Value":"New"},"LowestPrice":{"Amount":3.99,"Currency":"EUR","DisplayAmount":"3,99 €"}}]}},{"ASIN":"B09C376BCW","DetailPageURL":"https://www.amazon.es/dp/B09C376BCW?tag=topinalambricos-21&linkCode=osi&th=1&psc=1","Images":{"Primary":{"Small":{"Height":75,"URL":"https://m.media-amazon.com/images/I/31DDHCgK0lL._SL75_.jpg","Width":75}}},"ItemInfo":{"ByLineInfo":{"Brand":{"DisplayValue":"Jiakalamo","Label":"Brand","Locale":"es_ES"},"Manufacturer":{"DisplayValue":"Jiakalamo","Label":"Manufacturer","Locale":"es_ES"}},"Title":{"DisplayValue":"Jiakalamo Paraguas transparente plegable, Paraguas transparente automático para bodas , Paraguas transparente plegable mujer antiviento niño bodas travel ,Cierre automático Paraguas","Label":"Title","Locale":"es_ES"}},"Offers":{"Summaries":[{"Condition":{"Value":"New"},"LowestPrice":{"Amount":16.3,"Currency":"EUR","DisplayAmount":"16,30 €"}}]}},{"ASIN":"B081RPLNK1","DetailPageURL":"https://www.amazon.es/dp/B081RPLNK1?tag=topinalambricos-21&linkCode=osi&th=1&psc=1","Images":{"Primary":{"Small":{"Height":75,"URL":"https://m.media-amazon.com/images/I/4146RIkJjkL._SL75_.jpg","Width":75}}},"ItemInfo":{"ByLineInfo":{"Brand":{"DisplayValue":"WENTS","Label":"Brand","Locale":"es_ES"}},"Title":{"DisplayValue":"WENTS Bolsa Transparente de PVC Bolsa Transparente con Bolsillos con Cremallera y Correa para el Hombro Desmontable Cremallera Neceser De Cosmeticos De Mano Gran Capacidad","Label":"Title","Locale":"es_ES"}},"Offers":{"Summaries":[{"Condition":{"Value":"New"},"LowestPrice":{"Amount":11.67,"Currency":"EUR","DisplayAmount":"11,67 €"}}]}},{"ASIN":"B0BNQN89QF","DetailPageURL":"https://www.amazon.es/dp/B0BNQN89QF?tag=topinalambricos-21&linkCode=osi&th=1&psc=1","Images":{"Primary":{"Small":{"Height":75,"URL":"https://m.media-amazon.com/images/I/41m+zixsAKL._SL75_.jpg","Width":75}}},"ItemInfo":{"ByLineInfo":{"Brand":{"DisplayValue":"PUERHUACI","Label":"Brand","Locale":"es_ES"}},"Title":{"DisplayValue":"Neceser Transparente Viaje Avion,Bolsa Liquidos Avion,6 Piezas Bolso Transparente,19x14cm Neceser Viaje Avion,Bolsa Transparente Multifunción con Cremallera","Label":"Title","Locale":"es_ES"}},"Offers":{"Summaries":[{"Condition":{"Value":"New"},"LowestPrice":{"Amount":13.89,"Currency":"EUR","DisplayAmount":"13,89 €"}}]}},{"ASIN":"B0BVVKZLHT","DetailPageURL":"https://www.amazon.es/dp/B0BVVKZLHT?tag=topinalambricos-21&linkCode=osi&th=1&psc=1","Images":{"Primary":{"Small":{"Height":75,"URL":"https://m.media-amazon.com/images/I/41zd76ozzyL._SL75_.jpg","Width":75}}},"ItemInfo":{"ByLineInfo":{"Brand":{"DisplayValue":"Aucuu","Label":"Brand","Locale":"es_ES"},"Manufacturer":{"DisplayValue":"Aucuu®-EU","Label":"Manufacturer","Locale":"es_ES"}},"Title":{"DisplayValue":"Aucuu 4PCS Neceser Hombre, Transparente Neceser Viaje Avion, Bolsa liquidos Avion, Bolsa de Aseo Organizador Mujer, Viajes Accesorios, 20x20cm (Gris+ Cuerda)","Label":"Title","Locale":"es_ES"}},"Offers":{"Summaries":[{"Condition":{"Value":"New"},"LowestPrice":{"Amount":7.98,"Currency":"EUR","DisplayAmount":"7,98 €"}}]}},{"ASIN":"B0BWTJMHXF","DetailPageURL":"https://www.amazon.es/dp/B0BWTJMHXF?tag=topinalambricos-21&linkCode=osi&th=1&psc=1","Images":{"Primary":{"Small":{"Height":75,"URL":"https://m.media-amazon.com/images/I/51-Gsh1xTvL._SL75_.jpg","Width":75}}},"ItemInfo":{"ByLineInfo":{"Brand":{"DisplayValue":"talifoca","Label":"Brand","Locale":"es_ES"},"Manufacturer":{"DisplayValue":"TALIFOCA","Label":"Manufacturer","Locale":"es_ES"}},"Title":{"DisplayValue":"3 Piezas Neceser de Aseo Transparente, Bolsas Transparentes de Avión,Bolsas de Aseo Transparente,Mujer Bolsa de Cosmético Organizador,Kit de Viaje para Avión, para Mujeres y Hombres","Label":"Title","Locale":"es_ES"}},"Offers":{"Summaries":[{"Condition":{"Value":"New"},"LowestPrice":{"Amount":8.99,"Currency":"EUR","DisplayAmount":"8,99 €"}}]}},{"ASIN":"B08YNGRXNK","DetailPageURL":"https://www.amazon.es/dp/B08YNGRXNK?tag=topinalambricos-21&linkCode=osi&th=1&psc=1","Images":{"Primary":{"Small":{"Height":75,"URL":"https://m.media-amazon.com/images/I/4158WjUfRlL._SL75_.jpg","Width":75}}},"ItemInfo":{"ByLineInfo":{"Brand":{"DisplayValue":"Casio","Label":"Brand","Locale":"es_ES"},"Manufacturer":{"DisplayValue":"CASIO","Label":"Manufacturer","Locale":"es_ES"}},"Title":{"DisplayValue":"Casio Unisex-adultos Digital GA-2100SKE-7AER","Label":"Title","Locale":"es_ES"}},"Offers":{"Summaries":[{"Condition":{"Value":"New"},"LowestPrice":{"Amount":83.59,"Currency":"EUR","DisplayAmount":"83,59 €"}}]}},{"ASIN":"B0CH9FT7L6","DetailPageURL":"https://www.amazon.es/dp/B0CH9FT7L6?tag=topinalambricos-21&linkCode=osi&th=1&psc=1","Images":{"Primary":{"Small":{"Height":75,"URL":"https://m.media-amazon.com/images/I/41Zy4SoABVL._SL75_.jpg","Width":75}}},"ItemInfo":{"ByLineInfo":{"Brand":{"DisplayValue":"Smilbaley","Label":"Brand","Locale":"es_ES"},"Manufacturer":{"DisplayValue":"D-22","Label":"Manufacturer","Locale":"es_ES"}},"Title":{"DisplayValue":"Smilbaley 2 Piezas Bolsa de Gimnasia Transparente, Bolsa de Cincha Transparente, Bolsa de Gimnasia Transparente con Cordón, para Escuelas, Exteriores, Gimnasios, Playas (35×45cm)","Label":"Title","Locale":"es_ES"}},"Offers":{"Summaries":[{"Condition":{"Value":"New"},"LowestPrice":{"Amount":14.99,"Currency":"EUR","DisplayAmount":"14,99 €"}}]}}],"SearchURL":"https://www.amazon.es/s?k=transparente&rh=n%3A14223378031%2Cp_n_availability%3A-1&tag=topinalambricos-21&linkCode=osi","TotalResultCount":306}},"122":{"SearchResult":{"Items":[{"ASIN":"B07GBN7JMK","DetailPageURL":"https://www.amazon.es/dp/B07GBN7JMK?tag=topinalambricos-21&linkCode=osi&th=1&psc=1","Images":{"Primary":{"Small":{"Height":75,"URL":"https://m.media-amazon.com/images/I/31vHA+wxLoL._SL75_.jpg","Width":70}}},"ItemInfo":{"ByLineInfo":{"Brand":{"DisplayValue":"Lancoon","Label":"Brand","Locale":"es_ES"},"Manufacturer":{"DisplayValue":"Lancoon","Label":"Manufacturer","Locale":"es_ES"}},"Title":{"DisplayValue":"Lancoon Paraguas Cúpula Transparente Mujer, 16 Costillas TamañO Grande A Prueba De Viento AutomáTico Abierto KS10White","Label":"Title","Locale":"es_ES"}},"Offers":{"Summaries":[{"Condition":{"Value":"New"},"LowestPrice":{"Amount":24.99,"Currency":"EUR","DisplayAmount":"24,99 €"}}]}},{"ASIN":"B0C4YLL3QG","DetailPageURL":"https://www.amazon.es/dp/B0C4YLL3QG?tag=topinalambricos-21&linkCode=osi&th=1&psc=1","Images":{"Primary":{"Small":{"Height":75,"URL":"https://m.media-amazon.com/images/I/312yqV-pibL._SL75_.jpg","Width":64}}},"ItemInfo":{"ByLineInfo":{"Brand":{"DisplayValue":"Jissta","Label":"Brand","Locale":"es_ES"},"Manufacturer":{"DisplayValue":"Jissta","Label":"Manufacturer","Locale":"es_ES"}},"Title":{"DisplayValue":"Jissta 4 neceseres Transparentes 20 * 20CM, Bolsa para líquidos de avión, Neceser portátil, Neceser de Viaje para Mujeres y Hombres con asa","Label":"Title","Locale":"es_ES"}},"Offers":{"Summaries":[{"Condition":{"Value":"New"},"LowestPrice":{"Amount":7.99,"Currency":"EUR","DisplayAmount":"7,99 €"}}]}},{"ASIN":"B0B1V8QLLT","DetailPageURL":"https://www.amazon.es/dp/B0B1V8QLLT?tag=topinalambricos-21&linkCode=osi&th=1&psc=1","Images":{"Primary":{"Small":{"Height":75,"URL":"https://m.media-amazon.com/images/I/41aMcaqaMBL._SL75_.jpg","Width":75}}},"ItemInfo":{"ByLineInfo":{"Brand":{"DisplayValue":"Pinsheng","Label":"Brand","Locale":"es_ES"},"Manufacturer":{"DisplayValue":"Pinsheng","Label":"Manufacturer","Locale":"es_ES"}},"Title":{"DisplayValue":"Pinsheng Tirantes Transparentes Sujetador 4 Pares Transparente Hombro Tirantes Claro Sujetador Correas Correas Transparentes Invisibles Antideslizantes de Sujetador para Mujer","Label":"Title","Locale":"es_ES"}},"Offers":{"Summaries":[{"Condition":{"Value":"New"},"LowestPrice":{"Amount":3.99,"Currency":"EUR","DisplayAmount":"3,99 €"}}]}},{"ASIN":"B09C376BCW","DetailPageURL":"https://www.amazon.es/dp/B09C376BCW?tag=topinalambricos-21&linkCode=osi&th=1&psc=1","Images":{"Primary":{"Small":{"Height":75,"URL":"https://m.media-amazon.com/images/I/31DDHCgK0lL._SL75_.jpg","Width":75}}},"ItemInfo":{"ByLineInfo":{"Brand":{"DisplayValue":"Jiakalamo","Label":"Brand","Locale":"es_ES"},"Manufacturer":{"DisplayValue":"Jiakalamo","Label":"Manufacturer","Locale":"es_ES"}},"Title":{"DisplayValue":"Jiakalamo Paraguas transparente plegable, Paraguas transparente automático para bodas , Paraguas transparente plegable mujer antiviento niño bodas travel ,Cierre automático Paraguas","Label":"Title","Locale":"es_ES"}},"Offers":{"Summaries":[{"Condition":{"Value":"New"},"LowestPrice":{"Amount":16.3,"Currency":"EUR","DisplayAmount":"16,30 €"}}]}},{"ASIN":"B081RPLNK1","DetailPageURL":"https://www.amazon.es/dp/B081RPLNK1?tag=topinalambricos-21&linkCode=osi&th=1&psc=1","Images":{"Primary":{"Small":{"Height":75,"URL":"https://m.media-amazon.com/images/I/4146RIkJjkL._SL75_.jpg","Width":75}}},"ItemInfo":{"ByLineInfo":{"Brand":{"DisplayValue":"WENTS","Label":"Brand","Locale":"es_ES"}},"Title":{"DisplayValue":"WENTS Bolsa Transparente de PVC Bolsa Transparente con Bolsillos con Cremallera y Correa para el Hombro Desmontable Cremallera Neceser De Cosmeticos De Mano Gran Capacidad","Label":"Title","Locale":"es_ES"}},"Offers":{"Summaries":[{"Condition":{"Value":"New"},"LowestPrice":{"Amount":11.67,"Currency":"EUR","DisplayAmount":"11,67 €"}}]}},{"ASIN":"B0BNQN89QF","DetailPageURL":"https://www.amazon.es/dp/B0BNQN89QF?tag=topinalambricos-21&linkCode=osi&th=1&psc=1","Images":{"Primary":{"Small":{"Height":75,"URL":"https://m.media-amazon.com/images/I/41m+zixsAKL._SL75_.jpg","Width":75}}},"ItemInfo":{"ByLineInfo":{"Brand":{"DisplayValue":"PUERHUACI","Label":"Brand","Locale":"es_ES"}},"Title":{"DisplayValue":"Neceser Transparente Viaje Avion,Bolsa Liquidos Avion,6 Piezas Bolso Transparente,19x14cm Neceser Viaje Avion,Bolsa Transparente Multifunción con Cremallera","Label":"Title","Locale":"es_ES"}},"Offers":{"Summaries":[{"Condition":{"Value":"New"},"LowestPrice":{"Amount":13.89,"Currency":"EUR","DisplayAmount":"13,89 €"}}]}},{"ASIN":"B0BVVKZLHT","DetailPageURL":"https://www.amazon.es/dp/B0BVVKZLHT?tag=topinalambricos-21&linkCode=osi&th=1&psc=1","Images":{"Primary":{"Small":{"Height":75,"URL":"https://m.media-amazon.com/images/I/41zd76ozzyL._SL75_.jpg","Width":75}}},"ItemInfo":{"ByLineInfo":{"Brand":{"DisplayValue":"Aucuu","Label":"Brand","Locale":"es_ES"},"Manufacturer":{"DisplayValue":"Aucuu®-EU","Label":"Manufacturer","Locale":"es_ES"}},"Title":{"DisplayValue":"Aucuu 4PCS Neceser Hombre, Transparente Neceser Viaje Avion, Bolsa liquidos Avion, Bolsa de Aseo Organizador Mujer, Viajes Accesorios, 20x20cm (Gris+ Cuerda)","Label":"Title","Locale":"es_ES"}},"Offers":{"Summaries":[{"Condition":{"Value":"New"},"LowestPrice":{"Amount":7.98,"Currency":"EUR","DisplayAmount":"7,98 €"}}]}},{"ASIN":"B0BWTJMHXF","DetailPageURL":"https://www.amazon.es/dp/B0BWTJMHXF?tag=topinalambricos-21&linkCode=osi&th=1&psc=1","Images":{"Primary":{"Small":{"Height":75,"URL":"https://m.media-amazon.com/images/I/51-Gsh1xTvL._SL75_.jpg","Width":75}}},"ItemInfo":{"ByLineInfo":{"Brand":{"DisplayValue":"talifoca","Label":"Brand","Locale":"es_ES"},"Manufacturer":{"DisplayValue":"TALIFOCA","Label":"Manufacturer","Locale":"es_ES"}},"Title":{"DisplayValue":"3 Piezas Neceser de Aseo Transparente, Bolsas Transparentes de Avión,Bolsas de Aseo Transparente,Mujer Bolsa de Cosmético Organizador,Kit de Viaje para Avión, para Mujeres y Hombres","Label":"Title","Locale":"es_ES"}},"Offers":{"Summaries":[{"Condition":{"Value":"New"},"LowestPrice":{"Amount":8.99,"Currency":"EUR","DisplayAmount":"8,99 €"}}]}},{"ASIN":"B08YNGRXNK","DetailPageURL":"https://www.amazon.es/dp/B08YNGRXNK?tag=topinalambricos-21&linkCode=osi&th=1&psc=1","Images":{"Primary":{"Small":{"Height":75,"URL":"https://m.media-amazon.com/images/I/4158WjUfRlL._SL75_.jpg","Width":75}}},"ItemInfo":{"ByLineInfo":{"Brand":{"DisplayValue":"Casio","Label":"Brand","Locale":"es_ES"},"Manufacturer":{"DisplayValue":"CASIO","Label":"Manufacturer","Locale":"es_ES"}},"Title":{"DisplayValue":"Casio Unisex-adultos Digital GA-2100SKE-7AER","Label":"Title","Locale":"es_ES"}},"Offers":{"Summaries":[{"Condition":{"Value":"New"},"LowestPrice":{"Amount":83.59,"Currency":"EUR","DisplayAmount":"83,59 €"}}]}},{"ASIN":"B0CH9FT7L6","DetailPageURL":"https://www.amazon.es/dp/B0CH9FT7L6?tag=topinalambricos-21&linkCode=osi&th=1&psc=1","Images":{"Primary":{"Small":{"Height":75,"URL":"https://m.media-amazon.com/images/I/41Zy4SoABVL._SL75_.jpg","Width":75}}},"ItemInfo":{"ByLineInfo":{"Brand":{"DisplayValue":"Smilbaley","Label":"Brand","Locale":"es_ES"},"Manufacturer":{"DisplayValue":"D-22","Label":"Manufacturer","Locale":"es_ES"}},"Title":{"DisplayValue":"Smilbaley 2 Piezas Bolsa de Gimnasia Transparente, Bolsa de Cincha Transparente, Bolsa de Gimnasia Transparente con Cordón, para Escuelas, Exteriores, Gimnasios, Playas (35×45cm)","Label":"Title","Locale":"es_ES"}},"Offers":{"Summaries":[{"Condition":{"Value":"New"},"LowestPrice":{"Amount":14.99,"Currency":"EUR","DisplayAmount":"14,99 €"}}]}}],"SearchURL":"https://www.amazon.es/s?k=transparente&rh=n%3A14223378031%2Cp_n_availability%3A-1&tag=topinalambricos-21&linkCode=osi","TotalResultCount":306}},"123":{"SearchResult":{"Items":[{"ASIN":"B07GBN7JMK","DetailPageURL":"https://www.amazon.es/dp/B07GBN7JMK?tag=topinalambricos-21&linkCode=osi&th=1&psc=1","Images":{"Primary":{"Small":{"Height":75,"URL":"https://m.media-amazon.com/images/I/31vHA+wxLoL._SL75_.jpg","Width":70}}},"ItemInfo":{"ByLineInfo":{"Brand":{"DisplayValue":"Lancoon","Label":"Brand","Locale":"es_ES"},"Manufacturer":{"DisplayValue":"Lancoon","Label":"Manufacturer","Locale":"es_ES"}},"Title":{"DisplayValue":"Lancoon Paraguas Cúpula Transparente Mujer, 16 Costillas TamañO Grande A Prueba De Viento AutomáTico Abierto KS10White","Label":"Title","Locale":"es_ES"}},"Offers":{"Summaries":[{"Condition":{"Value":"New"},"LowestPrice":{"Amount":24.99,"Currency":"EUR","DisplayAmount":"24,99 €"}}]}},{"ASIN":"B0C4YLL3QG","DetailPageURL":"https://www.amazon.es/dp/B0C4YLL3QG?tag=topinalambricos-21&linkCode=osi&th=1&psc=1","Images":{"Primary":{"Small":{"Height":75,"URL":"https://m.media-amazon.com/images/I/312yqV-pibL._SL75_.jpg","Width":64}}},"ItemInfo":{"ByLineInfo":{"Brand":{"DisplayValue":"Jissta","Label":"Brand","Locale":"es_ES"},"Manufacturer":{"DisplayValue":"Jissta","Label":"Manufacturer","Locale":"es_ES"}},"Title":{"DisplayValue":"Jissta 4 neceseres Transparentes 20 * 20CM, Bolsa para líquidos de avión, Neceser portátil, Neceser de Viaje para Mujeres y Hombres con asa","Label":"Title","Locale":"es_ES"}},"Offers":{"Summaries":[{"Condition":{"Value":"New"},"LowestPrice":{"Amount":7.99,"Currency":"EUR","DisplayAmount":"7,99 €"}}]}},{"ASIN":"B0B1V8QLLT","DetailPageURL":"https://www.amazon.es/dp/B0B1V8QLLT?tag=topinalambricos-21&linkCode=osi&th=1&psc=1","Images":{"Primary":{"Small":{"Height":75,"URL":"https://m.media-amazon.com/images/I/41aMcaqaMBL._SL75_.jpg","Width":75}}},"ItemInfo":{"ByLineInfo":{"Brand":{"DisplayValue":"Pinsheng","Label":"Brand","Locale":"es_ES"},"Manufacturer":{"DisplayValue":"Pinsheng","Label":"Manufacturer","Locale":"es_ES"}},"Title":{"DisplayValue":"Pinsheng Tirantes Transparentes Sujetador 4 Pares Transparente Hombro Tirantes Claro Sujetador Correas Correas Transparentes Invisibles Antideslizantes de Sujetador para Mujer","Label":"Title","Locale":"es_ES"}},"Offers":{"Summaries":[{"Condition":{"Value":"New"},"LowestPrice":{"Amount":3.99,"Currency":"EUR","DisplayAmount":"3,99 €"}}]}},{"ASIN":"B09C376BCW","DetailPageURL":"https://www.amazon.es/dp/B09C376BCW?tag=topinalambricos-21&linkCode=osi&th=1&psc=1","Images":{"Primary":{"Small":{"Height":75,"URL":"https://m.media-amazon.com/images/I/31DDHCgK0lL._SL75_.jpg","Width":75}}},"ItemInfo":{"ByLineInfo":{"Brand":{"DisplayValue":"Jiakalamo","Label":"Brand","Locale":"es_ES"},"Manufacturer":{"DisplayValue":"Jiakalamo","Label":"Manufacturer","Locale":"es_ES"}},"Title":{"DisplayValue":"Jiakalamo Paraguas transparente plegable, Paraguas transparente automático para bodas , Paraguas transparente plegable mujer antiviento niño bodas travel ,Cierre automático Paraguas","Label":"Title","Locale":"es_ES"}},"Offers":{"Summaries":[{"Condition":{"Value":"New"},"LowestPrice":{"Amount":16.3,"Currency":"EUR","DisplayAmount":"16,30 €"}}]}},{"ASIN":"B081RPLNK1","DetailPageURL":"https://www.amazon.es/dp/B081RPLNK1?tag=topinalambricos-21&linkCode=osi&th=1&psc=1","Images":{"Primary":{"Small":{"Height":75,"URL":"https://m.media-amazon.com/images/I/4146RIkJjkL._SL75_.jpg","Width":75}}},"ItemInfo":{"ByLineInfo":{"Brand":{"DisplayValue":"WENTS","Label":"Brand","Locale":"es_ES"}},"Title":{"DisplayValue":"WENTS Bolsa Transparente de PVC Bolsa Transparente con Bolsillos con Cremallera y Correa para el Hombro Desmontable Cremallera Neceser De Cosmeticos De Mano Gran Capacidad","Label":"Title","Locale":"es_ES"}},"Offers":{"Summaries":[{"Condition":{"Value":"New"},"LowestPrice":{"Amount":11.67,"Currency":"EUR","DisplayAmount":"11,67 €"}}]}},{"ASIN":"B0BNQN89QF","DetailPageURL":"https://www.amazon.es/dp/B0BNQN89QF?tag=topinalambricos-21&linkCode=osi&th=1&psc=1","Images":{"Primary":{"Small":{"Height":75,"URL":"https://m.media-amazon.com/images/I/41m+zixsAKL._SL75_.jpg","Width":75}}},"ItemInfo":{"ByLineInfo":{"Brand":{"DisplayValue":"PUERHUACI","Label":"Brand","Locale":"es_ES"}},"Title":{"DisplayValue":"Neceser Transparente Viaje Avion,Bolsa Liquidos Avion,6 Piezas Bolso Transparente,19x14cm Neceser Viaje Avion,Bolsa Transparente Multifunción con Cremallera","Label":"Title","Locale":"es_ES"}},"Offers":{"Summaries":[{"Condition":{"Value":"New"},"LowestPrice":{"Amount":13.89,"Currency":"EUR","DisplayAmount":"13,89 €"}}]}},{"ASIN":"B0BVVKZLHT","DetailPageURL":"https://www.amazon.es/dp/B0BVVKZLHT?tag=topinalambricos-21&linkCode=osi&th=1&psc=1","Images":{"Primary":{"Small":{"Height":75,"URL":"https://m.media-amazon.com/images/I/41zd76ozzyL._SL75_.jpg","Width":75}}},"ItemInfo":{"ByLineInfo":{"Brand":{"DisplayValue":"Aucuu","Label":"Brand","Locale":"es_ES"},"Manufacturer":{"DisplayValue":"Aucuu®-EU","Label":"Manufacturer","Locale":"es_ES"}},"Title":{"DisplayValue":"Aucuu 4PCS Neceser Hombre, Transparente Neceser Viaje Avion, Bolsa liquidos Avion, Bolsa de Aseo Organizador Mujer, Viajes Accesorios, 20x20cm (Gris+ Cuerda)","Label":"Title","Locale":"es_ES"}},"Offers":{"Summaries":[{"Condition":{"Value":"New"},"LowestPrice":{"Amount":7.98,"Currency":"EUR","DisplayAmount":"7,98 €"}}]}},{"ASIN":"B0BWTJMHXF","DetailPageURL":"https://www.amazon.es/dp/B0BWTJMHXF?tag=topinalambricos-21&linkCode=osi&th=1&psc=1","Images":{"Primary":{"Small":{"Height":75,"URL":"https://m.media-amazon.com/images/I/51-Gsh1xTvL._SL75_.jpg","Width":75}}},"ItemInfo":{"ByLineInfo":{"Brand":{"DisplayValue":"talifoca","Label":"Brand","Locale":"es_ES"},"Manufacturer":{"DisplayValue":"TALIFOCA","Label":"Manufacturer","Locale":"es_ES"}},"Title":{"DisplayValue":"3 Piezas Neceser de Aseo Transparente, Bolsas Transparentes de Avión,Bolsas de Aseo Transparente,Mujer Bolsa de Cosmético Organizador,Kit de Viaje para Avión, para Mujeres y Hombres","Label":"Title","Locale":"es_ES"}},"Offers":{"Summaries":[{"Condition":{"Value":"New"},"LowestPrice":{"Amount":8.99,"Currency":"EUR","DisplayAmount":"8,99 €"}}]}},{"ASIN":"B08YNGRXNK","DetailPageURL":"https://www.amazon.es/dp/B08YNGRXNK?tag=topinalambricos-21&linkCode=osi&th=1&psc=1","Images":{"Primary":{"Small":{"Height":75,"URL":"https://m.media-amazon.com/images/I/4158WjUfRlL._SL75_.jpg","Width":75}}},"ItemInfo":{"ByLineInfo":{"Brand":{"DisplayValue":"Casio","Label":"Brand","Locale":"es_ES"},"Manufacturer":{"DisplayValue":"CASIO","Label":"Manufacturer","Locale":"es_ES"}},"Title":{"DisplayValue":"Casio Unisex-adultos Digital GA-2100SKE-7AER","Label":"Title","Locale":"es_ES"}},"Offers":{"Summaries":[{"Condition":{"Value":"New"},"LowestPrice":{"Amount":83.59,"Currency":"EUR","DisplayAmount":"83,59 €"}}]}},{"ASIN":"B0CH9FT7L6","DetailPageURL":"https://www.amazon.es/dp/B0CH9FT7L6?tag=topinalambricos-21&linkCode=osi&th=1&psc=1","Images":{"Primary":{"Small":{"Height":75,"URL":"https://m.media-amazon.com/images/I/41Zy4SoABVL._SL75_.jpg","Width":75}}},"ItemInfo":{"ByLineInfo":{"Brand":{"DisplayValue":"Smilbaley","Label":"Brand","Locale":"es_ES"},"Manufacturer":{"DisplayValue":"D-22","Label":"Manufacturer","Locale":"es_ES"}},"Title":{"DisplayValue":"Smilbaley 2 Piezas Bolsa de Gimnasia Transparente, Bolsa de Cincha Transparente, Bolsa de Gimnasia Transparente con Cordón, para Escuelas, Exteriores, Gimnasios, Playas (35×45cm)","Label":"Title","Locale":"es_ES"}},"Offers":{"Summaries":[{"Condition":{"Value":"New"},"LowestPrice":{"Amount":14.99,"Currency":"EUR","DisplayAmount":"14,99 €"}}]}}],"SearchURL":"https://www.amazon.es/s?k=transparente&rh=n%3A14223378031%2Cp_n_availability%3A-1&tag=topinalambricos-21&linkCode=osi","TotalResultCount":306}},"124":{"SearchResult":{"Items":[{"ASIN":"B07GBN7JMK","DetailPageURL":"https://www.amazon.es/dp/B07GBN7JMK?tag=topinalambricos-21&linkCode=osi&th=1&psc=1","Images":{"Primary":{"Small":{"Height":75,"URL":"https://m.media-amazon.com/images/I/31vHA+wxLoL._SL75_.jpg","Width":70}}},"ItemInfo":{"ByLineInfo":{"Brand":{"DisplayValue":"Lancoon","Label":"Brand","Locale":"es_ES"},"Manufacturer":{"DisplayValue":"Lancoon","Label":"Manufacturer","Locale":"es_ES"}},"Title":{"DisplayValue":"Lancoon Paraguas Cúpula Transparente Mujer, 16 Costillas TamañO Grande A Prueba De Viento AutomáTico Abierto KS10White","Label":"Title","Locale":"es_ES"}},"Offers":{"Summaries":[{"Condition":{"Value":"New"},"LowestPrice":{"Amount":24.99,"Currency":"EUR","DisplayAmount":"24,99 €"}}]}},{"ASIN":"B0C4YLL3QG","DetailPageURL":"https://www.amazon.es/dp/B0C4YLL3QG?tag=topinalambricos-21&linkCode=osi&th=1&psc=1","Images":{"Primary":{"Small":{"Height":75,"URL":"https://m.media-amazon.com/images/I/312yqV-pibL._SL75_.jpg","Width":64}}},"ItemInfo":{"ByLineInfo":{"Brand":{"DisplayValue":"Jissta","Label":"Brand","Locale":"es_ES"},"Manufacturer":{"DisplayValue":"Jissta","Label":"Manufacturer","Locale":"es_ES"}},"Title":{"DisplayValue":"Jissta 4 neceseres Transparentes 20 * 20CM, Bolsa para líquidos de avión, Neceser portátil, Neceser de Viaje para Mujeres y Hombres con asa","Label":"Title","Locale":"es_ES"}},"Offers":{"Summaries":[{"Condition":{"Value":"New"},"LowestPrice":{"Amount":7.99,"Currency":"EUR","DisplayAmount":"7,99 €"}}]}},{"ASIN":"B0B1V8QLLT","DetailPageURL":"https://www.amazon.es/dp/B0B1V8QLLT?tag=topinalambricos-21&linkCode=osi&th=1&psc=1","Images":{"Primary":{"Small":{"Height":75,"URL":"https://m.media-amazon.com/images/I/41aMcaqaMBL._SL75_.jpg","Width":75}}},"ItemInfo":{"ByLineInfo":{"Brand":{"DisplayValue":"Pinsheng","Label":"Brand","Locale":"es_ES"},"Manufacturer":{"DisplayValue":"Pinsheng","Label":"Manufacturer","Locale":"es_ES"}},"Title":{"DisplayValue":"Pinsheng Tirantes Transparentes Sujetador 4 Pares Transparente Hombro Tirantes Claro Sujetador Correas Correas Transparentes Invisibles Antideslizantes de Sujetador para Mujer","Label":"Title","Locale":"es_ES"}},"Offers":{"Summaries":[{"Condition":{"Value":"New"},"LowestPrice":{"Amount":3.99,"Currency":"EUR","DisplayAmount":"3,99 €"}}]}},{"ASIN":"B09C376BCW","DetailPageURL":"https://www.amazon.es/dp/B09C376BCW?tag=topinalambricos-21&linkCode=osi&th=1&psc=1","Images":{"Primary":{"Small":{"Height":75,"URL":"https://m.media-amazon.com/images/I/31DDHCgK0lL._SL75_.jpg","Width":75}}},"ItemInfo":{"ByLineInfo":{"Brand":{"DisplayValue":"Jiakalamo","Label":"Brand","Locale":"es_ES"},"Manufacturer":{"DisplayValue":"Jiakalamo","Label":"Manufacturer","Locale":"es_ES"}},"Title":{"DisplayValue":"Jiakalamo Paraguas transparente plegable, Paraguas transparente automático para bodas , Paraguas transparente plegable mujer antiviento niño bodas travel ,Cierre automático Paraguas","Label":"Title","Locale":"es_ES"}},"Offers":{"Summaries":[{"Condition":{"Value":"New"},"LowestPrice":{"Amount":16.3,"Currency":"EUR","DisplayAmount":"16,30 €"}}]}},{"ASIN":"B081RPLNK1","DetailPageURL":"https://www.amazon.es/dp/B081RPLNK1?tag=topinalambricos-21&linkCode=osi&th=1&psc=1","Images":{"Primary":{"Small":{"Height":75,"URL":"https://m.media-amazon.com/images/I/4146RIkJjkL._SL75_.jpg","Width":75}}},"ItemInfo":{"ByLineInfo":{"Brand":{"DisplayValue":"WENTS","Label":"Brand","Locale":"es_ES"}},"Title":{"DisplayValue":"WENTS Bolsa Transparente de PVC Bolsa Transparente con Bolsillos con Cremallera y Correa para el Hombro Desmontable Cremallera Neceser De Cosmeticos De Mano Gran Capacidad","Label":"Title","Locale":"es_ES"}},"Offers":{"Summaries":[{"Condition":{"Value":"New"},"LowestPrice":{"Amount":11.67,"Currency":"EUR","DisplayAmount":"11,67 €"}}]}},{"ASIN":"B0BNQN89QF","DetailPageURL":"https://www.amazon.es/dp/B0BNQN89QF?tag=topinalambricos-21&linkCode=osi&th=1&psc=1","Images":{"Primary":{"Small":{"Height":75,"URL":"https://m.media-amazon.com/images/I/41m+zixsAKL._SL75_.jpg","Width":75}}},"ItemInfo":{"ByLineInfo":{"Brand":{"DisplayValue":"PUERHUACI","Label":"Brand","Locale":"es_ES"}},"Title":{"DisplayValue":"Neceser Transparente Viaje Avion,Bolsa Liquidos Avion,6 Piezas Bolso Transparente,19x14cm Neceser Viaje Avion,Bolsa Transparente Multifunción con Cremallera","Label":"Title","Locale":"es_ES"}},"Offers":{"Summaries":[{"Condition":{"Value":"New"},"LowestPrice":{"Amount":13.89,"Currency":"EUR","DisplayAmount":"13,89 €"}}]}},{"ASIN":"B0BVVKZLHT","DetailPageURL":"https://www.amazon.es/dp/B0BVVKZLHT?tag=topinalambricos-21&linkCode=osi&th=1&psc=1","Images":{"Primary":{"Small":{"Height":75,"URL":"https://m.media-amazon.com/images/I/41zd76ozzyL._SL75_.jpg","Width":75}}},"ItemInfo":{"ByLineInfo":{"Brand":{"DisplayValue":"Aucuu","Label":"Brand","Locale":"es_ES"},"Manufacturer":{"DisplayValue":"Aucuu®-EU","Label":"Manufacturer","Locale":"es_ES"}},"Title":{"DisplayValue":"Aucuu 4PCS Neceser Hombre, Transparente Neceser Viaje Avion, Bolsa liquidos Avion, Bolsa de Aseo Organizador Mujer, Viajes Accesorios, 20x20cm (Gris+ Cuerda)","Label":"Title","Locale":"es_ES"}},"Offers":{"Summaries":[{"Condition":{"Value":"New"},"LowestPrice":{"Amount":7.98,"Currency":"EUR","DisplayAmount":"7,98 €"}}]}},{"ASIN":"B0BWTJMHXF","DetailPageURL":"https://www.amazon.es/dp/B0BWTJMHXF?tag=topinalambricos-21&linkCode=osi&th=1&psc=1","Images":{"Primary":{"Small":{"Height":75,"URL":"https://m.media-amazon.com/images/I/51-Gsh1xTvL._SL75_.jpg","Width":75}}},"ItemInfo":{"ByLineInfo":{"Brand":{"DisplayValue":"talifoca","Label":"Brand","Locale":"es_ES"},"Manufacturer":{"DisplayValue":"TALIFOCA","Label":"Manufacturer","Locale":"es_ES"}},"Title":{"DisplayValue":"3 Piezas Neceser de Aseo Transparente, Bolsas Transparentes de Avión,Bolsas de Aseo Transparente,Mujer Bolsa de Cosmético Organizador,Kit de Viaje para Avión, para Mujeres y Hombres","Label":"Title","Locale":"es_ES"}},"Offers":{"Summaries":[{"Condition":{"Value":"New"},"LowestPrice":{"Amount":8.99,"Currency":"EUR","DisplayAmount":"8,99 €"}}]}},{"ASIN":"B08YNGRXNK","DetailPageURL":"https://www.amazon.es/dp/B08YNGRXNK?tag=topinalambricos-21&linkCode=osi&th=1&psc=1","Images":{"Primary":{"Small":{"Height":75,"URL":"https://m.media-amazon.com/images/I/4158WjUfRlL._SL75_.jpg","Width":75}}},"ItemInfo":{"ByLineInfo":{"Brand":{"DisplayValue":"Casio","Label":"Brand","Locale":"es_ES"},"Manufacturer":{"DisplayValue":"CASIO","Label":"Manufacturer","Locale":"es_ES"}},"Title":{"DisplayValue":"Casio Unisex-adultos Digital GA-2100SKE-7AER","Label":"Title","Locale":"es_ES"}},"Offers":{"Summaries":[{"Condition":{"Value":"New"},"LowestPrice":{"Amount":83.59,"Currency":"EUR","DisplayAmount":"83,59 €"}}]}},{"ASIN":"B0CH9FT7L6","DetailPageURL":"https://www.amazon.es/dp/B0CH9FT7L6?tag=topinalambricos-21&linkCode=osi&th=1&psc=1","Images":{"Primary":{"Small":{"Height":75,"URL":"https://m.media-amazon.com/images/I/41Zy4SoABVL._SL75_.jpg","Width":75}}},"ItemInfo":{"ByLineInfo":{"Brand":{"DisplayValue":"Smilbaley","Label":"Brand","Locale":"es_ES"},"Manufacturer":{"DisplayValue":"D-22","Label":"Manufacturer","Locale":"es_ES"}},"Title":{"DisplayValue":"Smilbaley 2 Piezas Bolsa de Gimnasia Transparente, Bolsa de Cincha Transparente, Bolsa de Gimnasia Transparente con Cordón, para Escuelas, Exteriores, Gimnasios, Playas (35×45cm)","Label":"Title","Locale":"es_ES"}},"Offers":{"Summaries":[{"Condition":{"Value":"New"},"LowestPrice":{"Amount":14.99,"Currency":"EUR","DisplayAmount":"14,99 €"}}]}}],"SearchURL":"https://www.amazon.es/s?k=transparente&rh=n%3A14223378031%2Cp_n_availability%3A-1&tag=topinalambricos-21&linkCode=osi","TotalResultCount":306}},"125":{"SearchResult":{"Items":[{"ASIN":"B07GBN7JMK","DetailPageURL":"https://www.amazon.es/dp/B07GBN7JMK?tag=topinalambricos-21&linkCode=osi&th=1&psc=1","Images":{"Primary":{"Small":{"Height":75,"URL":"https://m.media-amazon.com/images/I/31vHA+wxLoL._SL75_.jpg","Width":70}}},"ItemInfo":{"ByLineInfo":{"Brand":{"DisplayValue":"Lancoon","Label":"Brand","Locale":"es_ES"},"Manufacturer":{"DisplayValue":"Lancoon","Label":"Manufacturer","Locale":"es_ES"}},"Title":{"DisplayValue":"Lancoon Paraguas Cúpula Transparente Mujer, 16 Costillas TamañO Grande A Prueba De Viento AutomáTico Abierto KS10White","Label":"Title","Locale":"es_ES"}},"Offers":{"Summaries":[{"Condition":{"Value":"New"},"LowestPrice":{"Amount":24.99,"Currency":"EUR","DisplayAmount":"24,99 €"}}]}},{"ASIN":"B0C4YLL3QG","DetailPageURL":"https://www.amazon.es/dp/B0C4YLL3QG?tag=topinalambricos-21&linkCode=osi&th=1&psc=1","Images":{"Primary":{"Small":{"Height":75,"URL":"https://m.media-amazon.com/images/I/312yqV-pibL._SL75_.jpg","Width":64}}},"ItemInfo":{"ByLineInfo":{"Brand":{"DisplayValue":"Jissta","Label":"Brand","Locale":"es_ES"},"Manufacturer":{"DisplayValue":"Jissta","Label":"Manufacturer","Locale":"es_ES"}},"Title":{"DisplayValue":"Jissta 4 neceseres Transparentes 20 * 20CM, Bolsa para líquidos de avión, Neceser portátil, Neceser de Viaje para Mujeres y Hombres con asa","Label":"Title","Locale":"es_ES"}},"Offers":{"Summaries":[{"Condition":{"Value":"New"},"LowestPrice":{"Amount":7.99,"Currency":"EUR","DisplayAmount":"7,99 €"}}]}},{"ASIN":"B0B1V8QLLT","DetailPageURL":"https://www.amazon.es/dp/B0B1V8QLLT?tag=topinalambricos-21&linkCode=osi&th=1&psc=1","Images":{"Primary":{"Small":{"Height":75,"URL":"https://m.media-amazon.com/images/I/41aMcaqaMBL._SL75_.jpg","Width":75}}},"ItemInfo":{"ByLineInfo":{"Brand":{"DisplayValue":"Pinsheng","Label":"Brand","Locale":"es_ES"},"Manufacturer":{"DisplayValue":"Pinsheng","Label":"Manufacturer","Locale":"es_ES"}},"Title":{"DisplayValue":"Pinsheng Tirantes Transparentes Sujetador 4 Pares Transparente Hombro Tirantes Claro Sujetador Correas Correas Transparentes Invisibles Antideslizantes de Sujetador para Mujer","Label":"Title","Locale":"es_ES"}},"Offers":{"Summaries":[{"Condition":{"Value":"New"},"LowestPrice":{"Amount":3.99,"Currency":"EUR","DisplayAmount":"3,99 €"}}]}},{"ASIN":"B09C376BCW","DetailPageURL":"https://www.amazon.es/dp/B09C376BCW?tag=topinalambricos-21&linkCode=osi&th=1&psc=1","Images":{"Primary":{"Small":{"Height":75,"URL":"https://m.media-amazon.com/images/I/31DDHCgK0lL._SL75_.jpg","Width":75}}},"ItemInfo":{"ByLineInfo":{"Brand":{"DisplayValue":"Jiakalamo","Label":"Brand","Locale":"es_ES"},"Manufacturer":{"DisplayValue":"Jiakalamo","Label":"Manufacturer","Locale":"es_ES"}},"Title":{"DisplayValue":"Jiakalamo Paraguas transparente plegable, Paraguas transparente automático para bodas , Paraguas transparente plegable mujer antiviento niño bodas travel ,Cierre automático Paraguas","Label":"Title","Locale":"es_ES"}},"Offers":{"Summaries":[{"Condition":{"Value":"New"},"LowestPrice":{"Amount":16.3,"Currency":"EUR","DisplayAmount":"16,30 €"}}]}},{"ASIN":"B081RPLNK1","DetailPageURL":"https://www.amazon.es/dp/B081RPLNK1?tag=topinalambricos-21&linkCode=osi&th=1&psc=1","Images":{"Primary":{"Small":{"Height":75,"URL":"https://m.media-amazon.com/images/I/4146RIkJjkL._SL75_.jpg","Width":75}}},"ItemInfo":{"ByLineInfo":{"Brand":{"DisplayValue":"WENTS","Label":"Brand","Locale":"es_ES"}},"Title":{"DisplayValue":"WENTS Bolsa Transparente de PVC Bolsa Transparente con Bolsillos con Cremallera y Correa para el Hombro Desmontable Cremallera Neceser De Cosmeticos De Mano Gran Capacidad","Label":"Title","Locale":"es_ES"}},"Offers":{"Summaries":[{"Condition":{"Value":"New"},"LowestPrice":{"Amount":11.67,"Currency":"EUR","DisplayAmount":"11,67 €"}}]}},{"ASIN":"B0BNQN89QF","DetailPageURL":"https://www.amazon.es/dp/B0BNQN89QF?tag=topinalambricos-21&linkCode=osi&th=1&psc=1","Images":{"Primary":{"Small":{"Height":75,"URL":"https://m.media-amazon.com/images/I/41m+zixsAKL._SL75_.jpg","Width":75}}},"ItemInfo":{"ByLineInfo":{"Brand":{"DisplayValue":"PUERHUACI","Label":"Brand","Locale":"es_ES"}},"Title":{"DisplayValue":"Neceser Transparente Viaje Avion,Bolsa Liquidos Avion,6 Piezas Bolso Transparente,19x14cm Neceser Viaje Avion,Bolsa Transparente Multifunción con Cremallera","Label":"Title","Locale":"es_ES"}},"Offers":{"Summaries":[{"Condition":{"Value":"New"},"LowestPrice":{"Amount":13.89,"Currency":"EUR","DisplayAmount":"13,89 €"}}]}},{"ASIN":"B0BVVKZLHT","DetailPageURL":"https://www.amazon.es/dp/B0BVVKZLHT?tag=topinalambricos-21&linkCode=osi&th=1&psc=1","Images":{"Primary":{"Small":{"Height":75,"URL":"https://m.media-amazon.com/images/I/41zd76ozzyL._SL75_.jpg","Width":75}}},"ItemInfo":{"ByLineInfo":{"Brand":{"DisplayValue":"Aucuu","Label":"Brand","Locale":"es_ES"},"Manufacturer":{"DisplayValue":"Aucuu®-EU","Label":"Manufacturer","Locale":"es_ES"}},"Title":{"DisplayValue":"Aucuu 4PCS Neceser Hombre, Transparente Neceser Viaje Avion, Bolsa liquidos Avion, Bolsa de Aseo Organizador Mujer, Viajes Accesorios, 20x20cm (Gris+ Cuerda)","Label":"Title","Locale":"es_ES"}},"Offers":{"Summaries":[{"Condition":{"Value":"New"},"LowestPrice":{"Amount":7.98,"Currency":"EUR","DisplayAmount":"7,98 €"}}]}},{"ASIN":"B0BWTJMHXF","DetailPageURL":"https://www.amazon.es/dp/B0BWTJMHXF?tag=topinalambricos-21&linkCode=osi&th=1&psc=1","Images":{"Primary":{"Small":{"Height":75,"URL":"https://m.media-amazon.com/images/I/51-Gsh1xTvL._SL75_.jpg","Width":75}}},"ItemInfo":{"ByLineInfo":{"Brand":{"DisplayValue":"talifoca","Label":"Brand","Locale":"es_ES"},"Manufacturer":{"DisplayValue":"TALIFOCA","Label":"Manufacturer","Locale":"es_ES"}},"Title":{"DisplayValue":"3 Piezas Neceser de Aseo Transparente, Bolsas Transparentes de Avión,Bolsas de Aseo Transparente,Mujer Bolsa de Cosmético Organizador,Kit de Viaje para Avión, para Mujeres y Hombres","Label":"Title","Locale":"es_ES"}},"Offers":{"Summaries":[{"Condition":{"Value":"New"},"LowestPrice":{"Amount":8.99,"Currency":"EUR","DisplayAmount":"8,99 €"}}]}},{"ASIN":"B08YNGRXNK","DetailPageURL":"https://www.amazon.es/dp/B08YNGRXNK?tag=topinalambricos-21&linkCode=osi&th=1&psc=1","Images":{"Primary":{"Small":{"Height":75,"URL":"https://m.media-amazon.com/images/I/4158WjUfRlL._SL75_.jpg","Width":75}}},"ItemInfo":{"ByLineInfo":{"Brand":{"DisplayValue":"Casio","Label":"Brand","Locale":"es_ES"},"Manufacturer":{"DisplayValue":"CASIO","Label":"Manufacturer","Locale":"es_ES"}},"Title":{"DisplayValue":"Casio Unisex-adultos Digital GA-2100SKE-7AER","Label":"Title","Locale":"es_ES"}},"Offers":{"Summaries":[{"Condition":{"Value":"New"},"LowestPrice":{"Amount":83.59,"Currency":"EUR","DisplayAmount":"83,59 €"}}]}},{"ASIN":"B0CH9FT7L6","DetailPageURL":"https://www.amazon.es/dp/B0CH9FT7L6?tag=topinalambricos-21&linkCode=osi&th=1&psc=1","Images":{"Primary":{"Small":{"Height":75,"URL":"https://m.media-amazon.com/images/I/41Zy4SoABVL._SL75_.jpg","Width":75}}},"ItemInfo":{"ByLineInfo":{"Brand":{"DisplayValue":"Smilbaley","Label":"Brand","Locale":"es_ES"},"Manufacturer":{"DisplayValue":"D-22","Label":"Manufacturer","Locale":"es_ES"}},"Title":{"DisplayValue":"Smilbaley 2 Piezas Bolsa de Gimnasia Transparente, Bolsa de Cincha Transparente, Bolsa de Gimnasia Transparente con Cordón, para Escuelas, Exteriores, Gimnasios, Playas (35×45cm)","Label":"Title","Locale":"es_ES"}},"Offers":{"Summaries":[{"Condition":{"Value":"New"},"LowestPrice":{"Amount":14.99,"Currency":"EUR","DisplayAmount":"14,99 €"}}]}}],"SearchURL":"https://www.amazon.es/s?k=transparente&rh=n%3A14223378031%2Cp_n_availability%3A-1&tag=topinalambricos-21&linkCode=osi","TotalResultCount":306}},"126":{"SearchResult":{"Items":[{"ASIN":"B07GBN7JMK","DetailPageURL":"https://www.amazon.es/dp/B07GBN7JMK?tag=topinalambricos-21&linkCode=osi&th=1&psc=1","Images":{"Primary":{"Small":{"Height":75,"URL":"https://m.media-amazon.com/images/I/31vHA+wxLoL._SL75_.jpg","Width":70}}},"ItemInfo":{"ByLineInfo":{"Brand":{"DisplayValue":"Lancoon","Label":"Brand","Locale":"es_ES"},"Manufacturer":{"DisplayValue":"Lancoon","Label":"Manufacturer","Locale":"es_ES"}},"Title":{"DisplayValue":"Lancoon Paraguas Cúpula Transparente Mujer, 16 Costillas TamañO Grande A Prueba De Viento AutomáTico Abierto KS10White","Label":"Title","Locale":"es_ES"}},"Offers":{"Summaries":[{"Condition":{"Value":"New"},"LowestPrice":{"Amount":24.99,"Currency":"EUR","DisplayAmount":"24,99 €"}}]}},{"ASIN":"B0C4YLL3QG","DetailPageURL":"https://www.amazon.es/dp/B0C4YLL3QG?tag=topinalambricos-21&linkCode=osi&th=1&psc=1","Images":{"Primary":{"Small":{"Height":75,"URL":"https://m.media-amazon.com/images/I/312yqV-pibL._SL75_.jpg","Width":64}}},"ItemInfo":{"ByLineInfo":{"Brand":{"DisplayValue":"Jissta","Label":"Brand","Locale":"es_ES"},"Manufacturer":{"DisplayValue":"Jissta","Label":"Manufacturer","Locale":"es_ES"}},"Title":{"DisplayValue":"Jissta 4 neceseres Transparentes 20 * 20CM, Bolsa para líquidos de avión, Neceser portátil, Neceser de Viaje para Mujeres y Hombres con asa","Label":"Title","Locale":"es_ES"}},"Offers":{"Summaries":[{"Condition":{"Value":"New"},"LowestPrice":{"Amount":7.99,"Currency":"EUR","DisplayAmount":"7,99 €"}}]}},{"ASIN":"B0B1V8QLLT","DetailPageURL":"https://www.amazon.es/dp/B0B1V8QLLT?tag=topinalambricos-21&linkCode=osi&th=1&psc=1","Images":{"Primary":{"Small":{"Height":75,"URL":"https://m.media-amazon.com/images/I/41aMcaqaMBL._SL75_.jpg","Width":75}}},"ItemInfo":{"ByLineInfo":{"Brand":{"DisplayValue":"Pinsheng","Label":"Brand","Locale":"es_ES"},"Manufacturer":{"DisplayValue":"Pinsheng","Label":"Manufacturer","Locale":"es_ES"}},"Title":{"DisplayValue":"Pinsheng Tirantes Transparentes Sujetador 4 Pares Transparente Hombro Tirantes Claro Sujetador Correas Correas Transparentes Invisibles Antideslizantes de Sujetador para Mujer","Label":"Title","Locale":"es_ES"}},"Offers":{"Summaries":[{"Condition":{"Value":"New"},"LowestPrice":{"Amount":3.99,"Currency":"EUR","DisplayAmount":"3,99 €"}}]}},{"ASIN":"B09C376BCW","DetailPageURL":"https://www.amazon.es/dp/B09C376BCW?tag=topinalambricos-21&linkCode=osi&th=1&psc=1","Images":{"Primary":{"Small":{"Height":75,"URL":"https://m.media-amazon.com/images/I/31DDHCgK0lL._SL75_.jpg","Width":75}}},"ItemInfo":{"ByLineInfo":{"Brand":{"DisplayValue":"Jiakalamo","Label":"Brand","Locale":"es_ES"},"Manufacturer":{"DisplayValue":"Jiakalamo","Label":"Manufacturer","Locale":"es_ES"}},"Title":{"DisplayValue":"Jiakalamo Paraguas transparente plegable, Paraguas transparente automático para bodas , Paraguas transparente plegable mujer antiviento niño bodas travel ,Cierre automático Paraguas","Label":"Title","Locale":"es_ES"}},"Offers":{"Summaries":[{"Condition":{"Value":"New"},"LowestPrice":{"Amount":16.3,"Currency":"EUR","DisplayAmount":"16,30 €"}}]}},{"ASIN":"B081RPLNK1","DetailPageURL":"https://www.amazon.es/dp/B081RPLNK1?tag=topinalambricos-21&linkCode=osi&th=1&psc=1","Images":{"Primary":{"Small":{"Height":75,"URL":"https://m.media-amazon.com/images/I/4146RIkJjkL._SL75_.jpg","Width":75}}},"ItemInfo":{"ByLineInfo":{"Brand":{"DisplayValue":"WENTS","Label":"Brand","Locale":"es_ES"}},"Title":{"DisplayValue":"WENTS Bolsa Transparente de PVC Bolsa Transparente con Bolsillos con Cremallera y Correa para el Hombro Desmontable Cremallera Neceser De Cosmeticos De Mano Gran Capacidad","Label":"Title","Locale":"es_ES"}},"Offers":{"Summaries":[{"Condition":{"Value":"New"},"LowestPrice":{"Amount":11.67,"Currency":"EUR","DisplayAmount":"11,67 €"}}]}},{"ASIN":"B0BNQN89QF","DetailPageURL":"https://www.amazon.es/dp/B0BNQN89QF?tag=topinalambricos-21&linkCode=osi&th=1&psc=1","Images":{"Primary":{"Small":{"Height":75,"URL":"https://m.media-amazon.com/images/I/41m+zixsAKL._SL75_.jpg","Width":75}}},"ItemInfo":{"ByLineInfo":{"Brand":{"DisplayValue":"PUERHUACI","Label":"Brand","Locale":"es_ES"}},"Title":{"DisplayValue":"Neceser Transparente Viaje Avion,Bolsa Liquidos Avion,6 Piezas Bolso Transparente,19x14cm Neceser Viaje Avion,Bolsa Transparente Multifunción con Cremallera","Label":"Title","Locale":"es_ES"}},"Offers":{"Summaries":[{"Condition":{"Value":"New"},"LowestPrice":{"Amount":13.89,"Currency":"EUR","DisplayAmount":"13,89 €"}}]}},{"ASIN":"B0BVVKZLHT","DetailPageURL":"https://www.amazon.es/dp/B0BVVKZLHT?tag=topinalambricos-21&linkCode=osi&th=1&psc=1","Images":{"Primary":{"Small":{"Height":75,"URL":"https://m.media-amazon.com/images/I/41zd76ozzyL._SL75_.jpg","Width":75}}},"ItemInfo":{"ByLineInfo":{"Brand":{"DisplayValue":"Aucuu","Label":"Brand","Locale":"es_ES"},"Manufacturer":{"DisplayValue":"Aucuu®-EU","Label":"Manufacturer","Locale":"es_ES"}},"Title":{"DisplayValue":"Aucuu 4PCS Neceser Hombre, Transparente Neceser Viaje Avion, Bolsa liquidos Avion, Bolsa de Aseo Organizador Mujer, Viajes Accesorios, 20x20cm (Gris+ Cuerda)","Label":"Title","Locale":"es_ES"}},"Offers":{"Summaries":[{"Condition":{"Value":"New"},"LowestPrice":{"Amount":7.98,"Currency":"EUR","DisplayAmount":"7,98 €"}}]}},{"ASIN":"B0BWTJMHXF","DetailPageURL":"https://www.amazon.es/dp/B0BWTJMHXF?tag=topinalambricos-21&linkCode=osi&th=1&psc=1","Images":{"Primary":{"Small":{"Height":75,"URL":"https://m.media-amazon.com/images/I/51-Gsh1xTvL._SL75_.jpg","Width":75}}},"ItemInfo":{"ByLineInfo":{"Brand":{"DisplayValue":"talifoca","Label":"Brand","Locale":"es_ES"},"Manufacturer":{"DisplayValue":"TALIFOCA","Label":"Manufacturer","Locale":"es_ES"}},"Title":{"DisplayValue":"3 Piezas Neceser de Aseo Transparente, Bolsas Transparentes de Avión,Bolsas de Aseo Transparente,Mujer Bolsa de Cosmético Organizador,Kit de Viaje para Avión, para Mujeres y Hombres","Label":"Title","Locale":"es_ES"}},"Offers":{"Summaries":[{"Condition":{"Value":"New"},"LowestPrice":{"Amount":8.99,"Currency":"EUR","DisplayAmount":"8,99 €"}}]}},{"ASIN":"B08YNGRXNK","DetailPageURL":"https://www.amazon.es/dp/B08YNGRXNK?tag=topinalambricos-21&linkCode=osi&th=1&psc=1","Images":{"Primary":{"Small":{"Height":75,"URL":"https://m.media-amazon.com/images/I/4158WjUfRlL._SL75_.jpg","Width":75}}},"ItemInfo":{"ByLineInfo":{"Brand":{"DisplayValue":"Casio","Label":"Brand","Locale":"es_ES"},"Manufacturer":{"DisplayValue":"CASIO","Label":"Manufacturer","Locale":"es_ES"}},"Title":{"DisplayValue":"Casio Unisex-adultos Digital GA-2100SKE-7AER","Label":"Title","Locale":"es_ES"}},"Offers":{"Summaries":[{"Condition":{"Value":"New"},"LowestPrice":{"Amount":83.59,"Currency":"EUR","DisplayAmount":"83,59 €"}}]}},{"ASIN":"B0CH9FT7L6","DetailPageURL":"https://www.amazon.es/dp/B0CH9FT7L6?tag=topinalambricos-21&linkCode=osi&th=1&psc=1","Images":{"Primary":{"Small":{"Height":75,"URL":"https://m.media-amazon.com/images/I/41Zy4SoABVL._SL75_.jpg","Width":75}}},"ItemInfo":{"ByLineInfo":{"Brand":{"DisplayValue":"Smilbaley","Label":"Brand","Locale":"es_ES"},"Manufacturer":{"DisplayValue":"D-22","Label":"Manufacturer","Locale":"es_ES"}},"Title":{"DisplayValue":"Smilbaley 2 Piezas Bolsa de Gimnasia Transparente, Bolsa de Cincha Transparente, Bolsa de Gimnasia Transparente con Cordón, para Escuelas, Exteriores, Gimnasios, Playas (35×45cm)","Label":"Title","Locale":"es_ES"}},"Offers":{"Summaries":[{"Condition":{"Value":"New"},"LowestPrice":{"Amount":14.99,"Currency":"EUR","DisplayAmount":"14,99 €"}}]}}],"SearchURL":"https://www.amazon.es/s?k=transparente&rh=n%3A14223378031%2Cp_n_availability%3A-1&tag=topinalambricos-21&linkCode=osi","TotalResultCount":306}},"127":{"SearchResult":{"Items":[{"ASIN":"B07GBN7JMK","DetailPageURL":"https://www.amazon.es/dp/B07GBN7JMK?tag=topinalambricos-21&linkCode=osi&th=1&psc=1","Images":{"Primary":{"Small":{"Height":75,"URL":"https://m.media-amazon.com/images/I/31vHA+wxLoL._SL75_.jpg","Width":70}}},"ItemInfo":{"ByLineInfo":{"Brand":{"DisplayValue":"Lancoon","Label":"Brand","Locale":"es_ES"},"Manufacturer":{"DisplayValue":"Lancoon","Label":"Manufacturer","Locale":"es_ES"}},"Title":{"DisplayValue":"Lancoon Paraguas Cúpula Transparente Mujer, 16 Costillas TamañO Grande A Prueba De Viento AutomáTico Abierto KS10White","Label":"Title","Locale":"es_ES"}},"Offers":{"Summaries":[{"Condition":{"Value":"New"},"LowestPrice":{"Amount":24.99,"Currency":"EUR","DisplayAmount":"24,99 €"}}]}},{"ASIN":"B0C4YLL3QG","DetailPageURL":"https://www.amazon.es/dp/B0C4YLL3QG?tag=topinalambricos-21&linkCode=osi&th=1&psc=1","Images":{"Primary":{"Small":{"Height":75,"URL":"https://m.media-amazon.com/images/I/312yqV-pibL._SL75_.jpg","Width":64}}},"ItemInfo":{"ByLineInfo":{"Brand":{"DisplayValue":"Jissta","Label":"Brand","Locale":"es_ES"},"Manufacturer":{"DisplayValue":"Jissta","Label":"Manufacturer","Locale":"es_ES"}},"Title":{"DisplayValue":"Jissta 4 neceseres Transparentes 20 * 20CM, Bolsa para líquidos de avión, Neceser portátil, Neceser de Viaje para Mujeres y Hombres con asa","Label":"Title","Locale":"es_ES"}},"Offers":{"Summaries":[{"Condition":{"Value":"New"},"LowestPrice":{"Amount":7.99,"Currency":"EUR","DisplayAmount":"7,99 €"}}]}},{"ASIN":"B0B1V8QLLT","DetailPageURL":"https://www.amazon.es/dp/B0B1V8QLLT?tag=topinalambricos-21&linkCode=osi&th=1&psc=1","Images":{"Primary":{"Small":{"Height":75,"URL":"https://m.media-amazon.com/images/I/41aMcaqaMBL._SL75_.jpg","Width":75}}},"ItemInfo":{"ByLineInfo":{"Brand":{"DisplayValue":"Pinsheng","Label":"Brand","Locale":"es_ES"},"Manufacturer":{"DisplayValue":"Pinsheng","Label":"Manufacturer","Locale":"es_ES"}},"Title":{"DisplayValue":"Pinsheng Tirantes Transparentes Sujetador 4 Pares Transparente Hombro Tirantes Claro Sujetador Correas Correas Transparentes Invisibles Antideslizantes de Sujetador para Mujer","Label":"Title","Locale":"es_ES"}},"Offers":{"Summaries":[{"Condition":{"Value":"New"},"LowestPrice":{"Amount":3.99,"Currency":"EUR","DisplayAmount":"3,99 €"}}]}},{"ASIN":"B09C376BCW","DetailPageURL":"https://www.amazon.es/dp/B09C376BCW?tag=topinalambricos-21&linkCode=osi&th=1&psc=1","Images":{"Primary":{"Small":{"Height":75,"URL":"https://m.media-amazon.com/images/I/31DDHCgK0lL._SL75_.jpg","Width":75}}},"ItemInfo":{"ByLineInfo":{"Brand":{"DisplayValue":"Jiakalamo","Label":"Brand","Locale":"es_ES"},"Manufacturer":{"DisplayValue":"Jiakalamo","Label":"Manufacturer","Locale":"es_ES"}},"Title":{"DisplayValue":"Jiakalamo Paraguas transparente plegable, Paraguas transparente automático para bodas , Paraguas transparente plegable mujer antiviento niño bodas travel ,Cierre automático Paraguas","Label":"Title","Locale":"es_ES"}},"Offers":{"Summaries":[{"Condition":{"Value":"New"},"LowestPrice":{"Amount":16.3,"Currency":"EUR","DisplayAmount":"16,30 €"}}]}},{"ASIN":"B081RPLNK1","DetailPageURL":"https://www.amazon.es/dp/B081RPLNK1?tag=topinalambricos-21&linkCode=osi&th=1&psc=1","Images":{"Primary":{"Small":{"Height":75,"URL":"https://m.media-amazon.com/images/I/4146RIkJjkL._SL75_.jpg","Width":75}}},"ItemInfo":{"ByLineInfo":{"Brand":{"DisplayValue":"WENTS","Label":"Brand","Locale":"es_ES"}},"Title":{"DisplayValue":"WENTS Bolsa Transparente de PVC Bolsa Transparente con Bolsillos con Cremallera y Correa para el Hombro Desmontable Cremallera Neceser De Cosmeticos De Mano Gran Capacidad","Label":"Title","Locale":"es_ES"}},"Offers":{"Summaries":[{"Condition":{"Value":"New"},"LowestPrice":{"Amount":11.67,"Currency":"EUR","DisplayAmount":"11,67 €"}}]}},{"ASIN":"B0BNQN89QF","DetailPageURL":"https://www.amazon.es/dp/B0BNQN89QF?tag=topinalambricos-21&linkCode=osi&th=1&psc=1","Images":{"Primary":{"Small":{"Height":75,"URL":"https://m.media-amazon.com/images/I/41m+zixsAKL._SL75_.jpg","Width":75}}},"ItemInfo":{"ByLineInfo":{"Brand":{"DisplayValue":"PUERHUACI","Label":"Brand","Locale":"es_ES"}},"Title":{"DisplayValue":"Neceser Transparente Viaje Avion,Bolsa Liquidos Avion,6 Piezas Bolso Transparente,19x14cm Neceser Viaje Avion,Bolsa Transparente Multifunción con Cremallera","Label":"Title","Locale":"es_ES"}},"Offers":{"Summaries":[{"Condition":{"Value":"New"},"LowestPrice":{"Amount":13.89,"Currency":"EUR","DisplayAmount":"13,89 €"}}]}},{"ASIN":"B0BVVKZLHT","DetailPageURL":"https://www.amazon.es/dp/B0BVVKZLHT?tag=topinalambricos-21&linkCode=osi&th=1&psc=1","Images":{"Primary":{"Small":{"Height":75,"URL":"https://m.media-amazon.com/images/I/41zd76ozzyL._SL75_.jpg","Width":75}}},"ItemInfo":{"ByLineInfo":{"Brand":{"DisplayValue":"Aucuu","Label":"Brand","Locale":"es_ES"},"Manufacturer":{"DisplayValue":"Aucuu®-EU","Label":"Manufacturer","Locale":"es_ES"}},"Title":{"DisplayValue":"Aucuu 4PCS Neceser Hombre, Transparente Neceser Viaje Avion, Bolsa liquidos Avion, Bolsa de Aseo Organizador Mujer, Viajes Accesorios, 20x20cm (Gris+ Cuerda)","Label":"Title","Locale":"es_ES"}},"Offers":{"Summaries":[{"Condition":{"Value":"New"},"LowestPrice":{"Amount":7.98,"Currency":"EUR","DisplayAmount":"7,98 €"}}]}},{"ASIN":"B0BWTJMHXF","DetailPageURL":"https://www.amazon.es/dp/B0BWTJMHXF?tag=topinalambricos-21&linkCode=osi&th=1&psc=1","Images":{"Primary":{"Small":{"Height":75,"URL":"https://m.media-amazon.com/images/I/51-Gsh1xTvL._SL75_.jpg","Width":75}}},"ItemInfo":{"ByLineInfo":{"Brand":{"DisplayValue":"talifoca","Label":"Brand","Locale":"es_ES"},"Manufacturer":{"DisplayValue":"TALIFOCA","Label":"Manufacturer","Locale":"es_ES"}},"Title":{"DisplayValue":"3 Piezas Neceser de Aseo Transparente, Bolsas Transparentes de Avión,Bolsas de Aseo Transparente,Mujer Bolsa de Cosmético Organizador,Kit de Viaje para Avión, para Mujeres y Hombres","Label":"Title","Locale":"es_ES"}},"Offers":{"Summaries":[{"Condition":{"Value":"New"},"LowestPrice":{"Amount":8.99,"Currency":"EUR","DisplayAmount":"8,99 €"}}]}},{"ASIN":"B08YNGRXNK","DetailPageURL":"https://www.amazon.es/dp/B08YNGRXNK?tag=topinalambricos-21&linkCode=osi&th=1&psc=1","Images":{"Primary":{"Small":{"Height":75,"URL":"https://m.media-amazon.com/images/I/4158WjUfRlL._SL75_.jpg","Width":75}}},"ItemInfo":{"ByLineInfo":{"Brand":{"DisplayValue":"Casio","Label":"Brand","Locale":"es_ES"},"Manufacturer":{"DisplayValue":"CASIO","Label":"Manufacturer","Locale":"es_ES"}},"Title":{"DisplayValue":"Casio Unisex-adultos Digital GA-2100SKE-7AER","Label":"Title","Locale":"es_ES"}},"Offers":{"Summaries":[{"Condition":{"Value":"New"},"LowestPrice":{"Amount":83.59,"Currency":"EUR","DisplayAmount":"83,59 €"}}]}},{"ASIN":"B0CH9FT7L6","DetailPageURL":"https://www.amazon.es/dp/B0CH9FT7L6?tag=topinalambricos-21&linkCode=osi&th=1&psc=1","Images":{"Primary":{"Small":{"Height":75,"URL":"https://m.media-amazon.com/images/I/41Zy4SoABVL._SL75_.jpg","Width":75}}},"ItemInfo":{"ByLineInfo":{"Brand":{"DisplayValue":"Smilbaley","Label":"Brand","Locale":"es_ES"},"Manufacturer":{"DisplayValue":"D-22","Label":"Manufacturer","Locale":"es_ES"}},"Title":{"DisplayValue":"Smilbaley 2 Piezas Bolsa de Gimnasia Transparente, Bolsa de Cincha Transparente, Bolsa de Gimnasia Transparente con Cordón, para Escuelas, Exteriores, Gimnasios, Playas (35×45cm)","Label":"Title","Locale":"es_ES"}},"Offers":{"Summaries":[{"Condition":{"Value":"New"},"LowestPrice":{"Amount":14.99,"Currency":"EUR","DisplayAmount":"14,99 €"}}]}}],"SearchURL":"https://www.amazon.es/s?k=transparente&rh=n%3A14223378031%2Cp_n_availability%3A-1&tag=topinalambricos-21&linkCode=osi","TotalResultCount":306}},"128":{"SearchResult":{"Items":[{"ASIN":"B01D38N4W6","DetailPageURL":"https://www.amazon.es/dp/B01D38N4W6?tag=topinalambricos-21&linkCode=osi&th=1&psc=1","Images":{"Primary":{"Small":{"Height":75,"URL":"https://m.media-amazon.com/images/I/41-juahWb2L._SL75_.jpg","Width":75}}},"ItemInfo":{"ByLineInfo":{"Brand":{"DisplayValue":"Grafoplás","Label":"Brand","Locale":"es_ES"},"Manufacturer":{"DisplayValue":"Grafoplas del Noroeste,S.A.","Label":"Manufacturer","Locale":"es_ES"}},"Title":{"DisplayValue":"Grafoplás 30121000. Carpeta de Anillas, A4, con 6 Sobres de 11 Taladros Multicolor/Transparente, Cierre de Goma","Label":"Title","Locale":"es_ES"}},"Offers":{"Summaries":[{"Condition":{"Value":"New"},"LowestPrice":{"Amount":9.52,"Currency":"EUR","DisplayAmount":"9,52 €"}}]}},{"ASIN":"B08RZ82PV5","DetailPageURL":"https://www.amazon.es/dp/B08RZ82PV5?tag=topinalambricos-21&linkCode=osi&th=1&psc=1","Images":{"Primary":{"Small":{"Height":75,"URL":"https://m.media-amazon.com/images/I/41QwGs8+oKL._SL75_.jpg","Width":75}}},"ItemInfo":{"ByLineInfo":{"Brand":{"DisplayValue":"Rapesco","Label":"Brand","Locale":"es_ES"},"Manufacturer":{"DisplayValue":"RAPESCO","Label":"Manufacturer","Locale":"es_ES"}},"Title":{"DisplayValue":"Rapesco 1630 Sobre Portafolios para Carpetas de Anillas, A4, Colores Transparentes Surtidos, Paquete de 5","Label":"Title","Locale":"es_ES"}},"Offers":{"Summaries":[{"Condition":{"Value":"New"},"LowestPrice":{"Amount":7.58,"Currency":"EUR","DisplayAmount":"7,58 € (1,52 € / unidad)","PricePerUnit":1.52}}]}},{"ASIN":"B001IVOW7C","DetailPageURL":"https://www.amazon.es/dp/B001IVOW7C?tag=topinalambricos-21&linkCode=osi&th=1&psc=1","Images":{"Primary":{"Small":{"Height":75,"URL":"https://m.media-amazon.com/images/I/313ZVnRCR7L._SL75_.jpg","Width":41}}},"ItemInfo":{"ByLineInfo":{"Brand":{"DisplayValue":"Oxford","Label":"Brand","Locale":"es_ES"},"Manufacturer":{"DisplayValue":"Hamelin Brands","Label":"Manufacturer","Locale":"es_ES"}},"Title":{"DisplayValue":"Oxford - Archivador 4 anillas Tapas de plástico personalizables, A4, Color transparente","Label":"Title","Locale":"es_ES"}},"Offers":{"Summaries":[{"Condition":{"Value":"New"},"LowestPrice":{"Amount":5.79,"Currency":"EUR","DisplayAmount":"5,79 €"}}]}},{"ASIN":"B09YHZGN5S","DetailPageURL":"https://www.amazon.es/dp/B09YHZGN5S?tag=topinalambricos-21&linkCode=osi&th=1&psc=1","Images":{"Primary":{"Small":{"Height":75,"URL":"https://m.media-amazon.com/images/I/51lkxdPCgLL._SL75_.jpg","Width":75}}},"ItemInfo":{"ByLineInfo":{"Brand":{"DisplayValue":"MARICATO","Label":"Brand","Locale":"es_ES"},"Manufacturer":{"DisplayValue":"TO","Label":"Manufacturer","Locale":"es_ES"}},"Title":{"DisplayValue":"Carpeta de Presupuesto A6, MARICATO 29Piezas Carpeta de Cuaderno 6 Anillas de PU, con Bolsas de Transparente con Cremallera, Hojas de Presupuesto, Pegatinas, Indice de Clasificación, Regla, Rosa","Label":"Title","Locale":"es_ES"}},"Offers":{"Summaries":[{"Condition":{"Value":"New"},"LowestPrice":{"Amount":11.99,"Currency":"EUR","DisplayAmount":"11,99 € (35,26 € / kg)","PricePerUnit":35.26}}]}},{"ASIN":"B09PTKVWY8","DetailPageURL":"https://www.amazon.es/dp/B09PTKVWY8?tag=topinalambricos-21&linkCode=osi&th=1&psc=1","Images":{"Primary":{"Small":{"Height":75,"URL":"https://m.media-amazon.com/images/I/21ddEcjI4ML._SL75_.jpg","Width":75}}},"ItemInfo":{"ByLineInfo":{"Brand":{"DisplayValue":"CALISTOUK","Label":"Brand","Locale":"es_ES"},"Manufacturer":{"DisplayValue":"CALISTOUK","Label":"Manufacturer","Locale":"es_ES"}},"Title":{"DisplayValue":"Carpeta de Anillas con 6 Agujeros, Funda blanda de PVC, Cuaderno, Carpeta Tipo Archivador con Anillas de Forma Redonda, Carpeta de PVC flexible transparente, Recargable para A5/A6/A7 hojas (A5)","Label":"Title","Locale":"es_ES"}},"Offers":{"Summaries":[{"Condition":{"Value":"New"},"LowestPrice":{"Amount":8.08,"Currency":"EUR","DisplayAmount":"8,08 €"}}]}},{"ASIN":"B09XGP6STD","DetailPageURL":"https://www.amazon.es/dp/B09XGP6STD?tag=topinalambricos-21&linkCode=osi&th=1&psc=1","Images":{"Primary":{"Small":{"Height":75,"URL":"https://m.media-amazon.com/images/I/41dIgQt6WcL._SL75_.jpg","Width":75}}},"ItemInfo":{"ByLineInfo":{"Brand":{"DisplayValue":"TOYESS","Label":"Brand","Locale":"es_ES"},"Manufacturer":{"DisplayValue":"TOYESS","Label":"Manufacturer","Locale":"es_ES"}},"Title":{"DisplayValue":"TOYESS 30Pcs Carpeta de Cuaderno A5, Archivadores Cuero de PU con 12 Bolsas Transparente, 12 Hojas de Presupuesto, Clasificador de Presupuesto para Guardar Tarjetas Fotos Facturas, Rosa","Label":"Title","Locale":"es_ES"}},"Offers":{"Summaries":[{"Condition":{"Value":"New"},"LowestPrice":{"Amount":12.89,"Currency":"EUR","DisplayAmount":"12,89 €"}}]}},{"ASIN":"B013UX8334","DetailPageURL":"https://www.amazon.es/dp/B013UX8334?tag=topinalambricos-21&linkCode=osi&th=1&psc=1","Images":{"Primary":{"Small":{"Height":56,"URL":"https://m.media-amazon.com/images/I/310cVrYz8VL._SL75_.jpg","Width":75}}},"ItemInfo":{"ByLineInfo":{"Brand":{"DisplayValue":"HF2","Label":"Brand","Locale":"es_ES"},"Manufacturer":{"DisplayValue":"Europel Business Products","Label":"Manufacturer","Locale":"es_ES"}},"Title":{"DisplayValue":"HF2 122461 - Carpeta de 4 anillas, 16mm, A4. Color: blanco transparente.","Label":"Title","Locale":"es_ES"}},"Offers":{"Summaries":[{"Condition":{"Value":"New"},"LowestPrice":{"Amount":6.66,"Currency":"EUR","DisplayAmount":"6,66 €"}}]}},{"ASIN":"B0CB5W72X3","DetailPageURL":"https://www.amazon.es/dp/B0CB5W72X3?tag=topinalambricos-21&linkCode=osi&th=1&psc=1","Images":{"Primary":{"Small":{"Height":75,"URL":"https://m.media-amazon.com/images/I/41QsbuzJlOL._SL75_.jpg","Width":75}}},"ItemInfo":{"ByLineInfo":{"Brand":{"DisplayValue":"Gfamous","Label":"Brand","Locale":"es_ES"},"Manufacturer":{"DisplayValue":"Gfamous","Label":"Manufacturer","Locale":"es_ES"}},"Title":{"DisplayValue":"Gfamous Carpeta transparente para cuadernos de 2 unidades, transparente, carpeta de anillas transparente, cubierta de anillas A5, resistente al agua y a la suciedad, para cuadernos, pinturas A5","Label":"Title","Locale":"es_ES"}},"Offers":{"Summaries":[{"Condition":{"Value":"New"},"LowestPrice":{"Amount":14.99,"Currency":"EUR","DisplayAmount":"14,99 €"}}]}},{"ASIN":"B00TTW5QQ8","DetailPageURL":"https://www.amazon.es/dp/B00TTW5QQ8?tag=topinalambricos-21&linkCode=osi&th=1&psc=1","Images":{"Primary":{"Small":{"Height":75,"URL":"https://m.media-amazon.com/images/I/21A+P2uaxQL._SL75_.jpg","Width":75}}},"ItemInfo":{"ByLineInfo":{"Brand":{"DisplayValue":"Exacompta","Label":"Brand","Locale":"es_ES"},"Manufacturer":{"DisplayValue":"Exacompta","Label":"Manufacturer","Locale":"es_ES"}},"Title":{"DisplayValue":"Exacompta 51264E Cartelle ad Anelli, 32x26 cm, Cristal","Label":"Title","Locale":"es_ES"}},"Offers":{"Summaries":[{"Condition":{"Value":"Used"},"LowestPrice":{"Amount":6.0,"Currency":"EUR","DisplayAmount":"6,00 €"}},{"Condition":{"Value":"New"},"LowestPrice":{"Amount":6.95,"Currency":"EUR","DisplayAmount":"6,95 €"}}]}},{"ASIN":"B004HG68T0","DetailPageURL":"https://www.amazon.es/dp/B004HG68T0?tag=topinalambricos-21&linkCode=osi&th=1&psc=1","Images":{"Primary":{"Small":{"Height":75,"URL":"https://m.media-amazon.com/images/I/41SDi3NYXpL._SL75_.jpg","Width":42}}},"ItemInfo":{"ByLineInfo":{"Brand":{"DisplayValue":"Exacompta","Label":"Brand","Locale":"es_ES"},"Contributors":[{"Locale":"es_ES","Name":"Exacompta","Role":"Autor","RoleType":"author"}],"Manufacturer":{"DisplayValue":"Exacompta","Label":"Manufacturer","Locale":"es_ES"}},"Title":{"DisplayValue":"Exacompta - ref. 51568E - 1 carpeta rígida de polipropileno personalizable con 1 bolsillo - 4 anillas redondas, diámetro 30 mm - Dimensiones externas: 32 x 26,8 cm - Formato de archivo A4 Maxi -","Label":"Title","Locale":"es_ES"}},"Offers":{"Summaries":[{"Condition":{"Value":"New"},"LowestPrice":{"Amount":7.05,"Currency":"EUR","DisplayAmount":"7,05 €"}}]}}],"SearchURL":"https://www.amazon.es/s?k=transparente&rh=n%3A4353061031%2Cp_n_availability%3A-1&tag=topinalambricos-21&linkCode=osi","TotalResultCount":966}},"129":{"SearchResult":{"Items":[{"ASIN":"B01D38N4W6","DetailPageURL":"https://www.amazon.es/dp/B01D38N4W6?tag=topinalambricos-21&linkCode=osi&th=1&psc=1","Images":{"Primary":{"Small":{"Height":75,"URL":"https://m.media-amazon.com/images/I/41-juahWb2L._SL75_.jpg","Width":75}}},"ItemInfo":{"ByLineInfo":{"Brand":{"DisplayValue":"Grafoplás","Label":"Brand","Locale":"es_ES"},"Manufacturer":{"DisplayValue":"Grafoplas del Noroeste,S.A.","Label":"Manufacturer","Locale":"es_ES"}},"Title":{"DisplayValue":"Grafoplás 30121000. Carpeta de Anillas, A4, con 6 Sobres de 11 Taladros Multicolor/Transparente, Cierre de Goma","Label":"Title","Locale":"es_ES"}},"Offers":{"Summaries":[{"Condition":{"Value":"New"},"LowestPrice":{"Amount":9.52,"Currency":"EUR","DisplayAmount":"9,52 €"}}]}},{"ASIN":"B08RZ82PV5","DetailPageURL":"https://www.amazon.es/dp/B08RZ82PV5?tag=topinalambricos-21&linkCode=osi&th=1&psc=1","Images":{"Primary":{"Small":{"Height":75,"URL":"https://m.media-amazon.com/images/I/41QwGs8+oKL._SL75_.jpg","Width":75}}},"ItemInfo":{"ByLineInfo":{"Brand":{"DisplayValue":"Rapesco","Label":"Brand","Locale":"es_ES"},"Manufacturer":{"DisplayValue":"RAPESCO","Label":"Manufacturer","Locale":"es_ES"}},"Title":{"DisplayValue":"Rapesco 1630 Sobre Portafolios para Carpetas de Anillas, A4, Colores Transparentes Surtidos, Paquete de 5","Label":"Title","Locale":"es_ES"}},"Offers":{"Summaries":[{"Condition":{"Value":"New"},"LowestPrice":{"Amount":7.58,"Currency":"EUR","DisplayAmount":"7,58 € (1,52 € / unidad)","PricePerUnit":1.52}}]}},{"ASIN":"B001IVOW7C","DetailPageURL":"https://www.amazon.es/dp/B001IVOW7C?tag=topinalambricos-21&linkCode=osi&th=1&psc=1","Images":{"Primary":{"Small":{"Height":75,"URL":"https://m.media-amazon.com/images/I/313ZVnRCR7L._SL75_.jpg","Width":41}}},"ItemInfo":{"ByLineInfo":{"Brand":{"DisplayValue":"Oxford","Label":"Brand","Locale":"es_ES"},"Manufacturer":{"DisplayValue":"Hamelin Brands","Label":"Manufacturer","Locale":"es_ES"}},"Title":{"DisplayValue":"Oxford - Archivador 4 anillas Tapas de plástico personalizables, A4, Color transparente","Label":"Title","Locale":"es_ES"}},"Offers":{"Summaries":[{"Condition":{"Value":"New"},"LowestPrice":{"Amount":5.79,"Currency":"EUR","DisplayAmount":"5,79 €"}}]}},{"ASIN":"B09YHZGN5S","DetailPageURL":"https://www.amazon.es/dp/B09YHZGN5S?tag=topinalambricos-21&linkCode=osi&th=1&psc=1","Images":{"Primary":{"Small":{"Height":75,"URL":"https://m.media-amazon.com/images/I/51lkxdPCgLL._SL75_.jpg","Width":75}}},"ItemInfo":{"ByLineInfo":{"Brand":{"DisplayValue":"MARICATO","Label":"Brand","Locale":"es_ES"},"Manufacturer":{"DisplayValue":"TO","Label":"Manufacturer","Locale":"es_ES"}},"Title":{"DisplayValue":"Carpeta de Presupuesto A6, MARICATO 29Piezas Carpeta de Cuaderno 6 Anillas de PU, con Bolsas de Transparente con Cremallera, Hojas de Presupuesto, Pegatinas, Indice de Clasificación, Regla, Rosa","Label":"Title","Locale":"es_ES"}},"Offers":{"Summaries":[{"Condition":{"Value":"New"},"LowestPrice":{"Amount":11.99,"Currency":"EUR","DisplayAmount":"11,99 € (35,26 € / kg)","PricePerUnit":35.26}}]}},{"ASIN":"B09PTKVWY8","DetailPageURL":"https://www.amazon.es/dp/B09PTKVWY8?tag=topinalambricos-21&linkCode=osi&th=1&psc=1","Images":{"Primary":{"Small":{"Height":75,"URL":"https://m.media-amazon.com/images/I/21ddEcjI4ML._SL75_.jpg","Width":75}}},"ItemInfo":{"ByLineInfo":{"Brand":{"DisplayValue":"CALISTOUK","Label":"Brand","Locale":"es_ES"},"Manufacturer":{"DisplayValue":"CALISTOUK","Label":"Manufacturer","Locale":"es_ES"}},"Title":{"DisplayValue":"Carpeta de Anillas con 6 Agujeros, Funda blanda de PVC, Cuaderno, Carpeta Tipo Archivador con Anillas de Forma Redonda, Carpeta de PVC flexible transparente, Recargable para A5/A6/A7 hojas (A5)","Label":"Title","Locale":"es_ES"}},"Offers":{"Summaries":[{"Condition":{"Value":"New"},"LowestPrice":{"Amount":8.08,"Currency":"EUR","DisplayAmount":"8,08 €"}}]}},{"ASIN":"B09XGP6STD","DetailPageURL":"https://www.amazon.es/dp/B09XGP6STD?tag=topinalambricos-21&linkCode=osi&th=1&psc=1","Images":{"Primary":{"Small":{"Height":75,"URL":"https://m.media-amazon.com/images/I/41dIgQt6WcL._SL75_.jpg","Width":75}}},"ItemInfo":{"ByLineInfo":{"Brand":{"DisplayValue":"TOYESS","Label":"Brand","Locale":"es_ES"},"Manufacturer":{"DisplayValue":"TOYESS","Label":"Manufacturer","Locale":"es_ES"}},"Title":{"DisplayValue":"TOYESS 30Pcs Carpeta de Cuaderno A5, Archivadores Cuero de PU con 12 Bolsas Transparente, 12 Hojas de Presupuesto, Clasificador de Presupuesto para Guardar Tarjetas Fotos Facturas, Rosa","Label":"Title","Locale":"es_ES"}},"Offers":{"Summaries":[{"Condition":{"Value":"New"},"LowestPrice":{"Amount":12.89,"Currency":"EUR","DisplayAmount":"12,89 €"}}]}},{"ASIN":"B013UX8334","DetailPageURL":"https://www.amazon.es/dp/B013UX8334?tag=topinalambricos-21&linkCode=osi&th=1&psc=1","Images":{"Primary":{"Small":{"Height":56,"URL":"https://m.media-amazon.com/images/I/310cVrYz8VL._SL75_.jpg","Width":75}}},"ItemInfo":{"ByLineInfo":{"Brand":{"DisplayValue":"HF2","Label":"Brand","Locale":"es_ES"},"Manufacturer":{"DisplayValue":"Europel Business Products","Label":"Manufacturer","Locale":"es_ES"}},"Title":{"DisplayValue":"HF2 122461 - Carpeta de 4 anillas, 16mm, A4. Color: blanco transparente.","Label":"Title","Locale":"es_ES"}},"Offers":{"Summaries":[{"Condition":{"Value":"New"},"LowestPrice":{"Amount":6.66,"Currency":"EUR","DisplayAmount":"6,66 €"}}]}},{"ASIN":"B0CB5W72X3","DetailPageURL":"https://www.amazon.es/dp/B0CB5W72X3?tag=topinalambricos-21&linkCode=osi&th=1&psc=1","Images":{"Primary":{"Small":{"Height":75,"URL":"https://m.media-amazon.com/images/I/41QsbuzJlOL._SL75_.jpg","Width":75}}},"ItemInfo":{"ByLineInfo":{"Brand":{"DisplayValue":"Gfamous","Label":"Brand","Locale":"es_ES"},"Manufacturer":{"DisplayValue":"Gfamous","Label":"Manufacturer","Locale":"es_ES"}},"Title":{"DisplayValue":"Gfamous Carpeta transparente para cuadernos de 2 unidades, transparente, carpeta de anillas transparente, cubierta de anillas A5, resistente al agua y a la suciedad, para cuadernos, pinturas A5","Label":"Title","Locale":"es_ES"}},"Offers":{"Summaries":[{"Condition":{"Value":"New"},"LowestPrice":{"Amount":14.99,"Currency":"EUR","DisplayAmount":"14,99 €"}}]}},{"ASIN":"B00TTW5QQ8","DetailPageURL":"https://www.amazon.es/dp/B00TTW5QQ8?tag=topinalambricos-21&linkCode=osi&th=1&psc=1","Images":{"Primary":{"Small":{"Height":75,"URL":"https://m.media-amazon.com/images/I/21A+P2uaxQL._SL75_.jpg","Width":75}}},"ItemInfo":{"ByLineInfo":{"Brand":{"DisplayValue":"Exacompta","Label":"Brand","Locale":"es_ES"},"Manufacturer":{"DisplayValue":"Exacompta","Label":"Manufacturer","Locale":"es_ES"}},"Title":{"DisplayValue":"Exacompta 51264E Cartelle ad Anelli, 32x26 cm, Cristal","Label":"Title","Locale":"es_ES"}},"Offers":{"Summaries":[{"Condition":{"Value":"Used"},"LowestPrice":{"Amount":6.0,"Currency":"EUR","DisplayAmount":"6,00 €"}},{"Condition":{"Value":"New"},"LowestPrice":{"Amount":6.95,"Currency":"EUR","DisplayAmount":"6,95 €"}}]}},{"ASIN":"B004HG68T0","DetailPageURL":"https://www.amazon.es/dp/B004HG68T0?tag=topinalambricos-21&linkCode=osi&th=1&psc=1","Images":{"Primary":{"Small":{"Height":75,"URL":"https://m.media-amazon.com/images/I/41SDi3NYXpL._SL75_.jpg","Width":42}}},"ItemInfo":{"ByLineInfo":{"Brand":{"DisplayValue":"Exacompta","Label":"Brand","Locale":"es_ES"},"Contributors":[{"Locale":"es_ES","Name":"Exacompta","Role":"Autor","RoleType":"author"}],"Manufacturer":{"DisplayValue":"Exacompta","Label":"Manufacturer","Locale":"es_ES"}},"Title":{"DisplayValue":"Exacompta - ref. 51568E - 1 carpeta rígida de polipropileno personalizable con 1 bolsillo - 4 anillas redondas, diámetro 30 mm - Dimensiones externas: 32 x 26,8 cm - Formato de archivo A4 Maxi -","Label":"Title","Locale":"es_ES"}},"Offers":{"Summaries":[{"Condition":{"Value":"New"},"LowestPrice":{"Amount":7.05,"Currency":"EUR","DisplayAmount":"7,05 €"}}]}}],"SearchURL":"https://www.amazon.es/s?k=transparente&rh=n%3A4353061031%2Cp_n_availability%3A-1&tag=topinalambricos-21&linkCode=osi","TotalResultCount":966}},"130":{"SearchResult":{"Items":[{"ASIN":"B01D38N4W6","DetailPageURL":"https://www.amazon.es/dp/B01D38N4W6?tag=topinalambricos-21&linkCode=osi&th=1&psc=1","Images":{"Primary":{"Small":{"Height":75,"URL":"https://m.media-amazon.com/images/I/41-juahWb2L._SL75_.jpg","Width":75}}},"ItemInfo":{"ByLineInfo":{"Brand":{"DisplayValue":"Grafoplás","Label":"Brand","Locale":"es_ES"},"Manufacturer":{"DisplayValue":"Grafoplas del Noroeste,S.A.","Label":"Manufacturer","Locale":"es_ES"}},"Title":{"DisplayValue":"Grafoplás 30121000. Carpeta de Anillas, A4, con 6 Sobres de 11 Taladros Multicolor/Transparente, Cierre de Goma","Label":"Title","Locale":"es_ES"}},"Offers":{"Summaries":[{"Condition":{"Value":"New"},"LowestPrice":{"Amount":9.52,"Currency":"EUR","DisplayAmount":"9,52 €"}}]}},{"ASIN":"B08RZ82PV5","DetailPageURL":"https://www.amazon.es/dp/B08RZ82PV5?tag=topinalambricos-21&linkCode=osi&th=1&psc=1","Images":{"Primary":{"Small":{"Height":75,"URL":"https://m.media-amazon.com/images/I/41QwGs8+oKL._SL75_.jpg","Width":75}}},"ItemInfo":{"ByLineInfo":{"Brand":{"DisplayValue":"Rapesco","Label":"Brand","Locale":"es_ES"},"Manufacturer":{"DisplayValue":"RAPESCO","Label":"Manufacturer","Locale":"es_ES"}},"Title":{"DisplayValue":"Rapesco 1630 Sobre Portafolios para Carpetas de Anillas, A4, Colores Transparentes Surtidos, Paquete de 5","Label":"Title","Locale":"es_ES"}},"Offers":{"Summaries":[{"Condition":{"Value":"New"},"LowestPrice":{"Amount":7.58,"Currency":"EUR","DisplayAmount":"7,58 € (1,52 € / unidad)","PricePerUnit":1.52}}]}},{"ASIN":"B001IVOW7C","DetailPageURL":"https://www.amazon.es/dp/B001IVOW7C?tag=topinalambricos-21&linkCode=osi&th=1&psc=1","Images":{"Primary":{"Small":{"Height":75,"URL":"https://m.media-amazon.com/images/I/313ZVnRCR7L._SL75_.jpg","Width":41}}},"ItemInfo":{"ByLineInfo":{"Brand":{"DisplayValue":"Oxford","Label":"Brand","Locale":"es_ES"},"Manufacturer":{"DisplayValue":"Hamelin Brands","Label":"Manufacturer","Locale":"es_ES"}},"Title":{"DisplayValue":"Oxford - Archivador 4 anillas Tapas de plástico personalizables, A4, Color transparente","Label":"Title","Locale":"es_ES"}},"Offers":{"Summaries":[{"Condition":{"Value":"New"},"LowestPrice":{"Amount":5.79,"Currency":"EUR","DisplayAmount":"5,79 €"}}]}},{"ASIN":"B09YHZGN5S","DetailPageURL":"https://www.amazon.es/dp/B09YHZGN5S?tag=topinalambricos-21&linkCode=osi&th=1&psc=1","Images":{"Primary":{"Small":{"Height":75,"URL":"https://m.media-amazon.com/images/I/51lkxdPCgLL._SL75_.jpg","Width":75}}},"ItemInfo":{"ByLineInfo":{"Brand":{"DisplayValue":"MARICATO","Label":"Brand","Locale":"es_ES"},"Manufacturer":{"DisplayValue":"TO","Label":"Manufacturer","Locale":"es_ES"}},"Title":{"DisplayValue":"Carpeta de Presupuesto A6, MARICATO 29Piezas Carpeta de Cuaderno 6 Anillas de PU, con Bolsas de Transparente con Cremallera, Hojas de Presupuesto, Pegatinas, Indice de Clasificación, Regla, Rosa","Label":"Title","Locale":"es_ES"}},"Offers":{"Summaries":[{"Condition":{"Value":"New"},"LowestPrice":{"Amount":11.99,"Currency":"EUR","DisplayAmount":"11,99 € (35,26 € / kg)","PricePerUnit":35.26}}]}},{"ASIN":"B09PTKVWY8","DetailPageURL":"https://www.amazon.es/dp/B09PTKVWY8?tag=topinalambricos-21&linkCode=osi&th=1&psc=1","Images":{"Primary":{"Small":{"Height":75,"URL":"https://m.media-amazon.com/images/I/21ddEcjI4ML._SL75_.jpg","Width":75}}},"ItemInfo":{"ByLineInfo":{"Brand":{"DisplayValue":"CALISTOUK","Label":"Brand","Locale":"es_ES"},"Manufacturer":{"DisplayValue":"CALISTOUK","Label":"Manufacturer","Locale":"es_ES"}},"Title":{"DisplayValue":"Carpeta de Anillas con 6 Agujeros, Funda blanda de PVC, Cuaderno, Carpeta Tipo Archivador con Anillas de Forma Redonda, Carpeta de PVC flexible transparente, Recargable para A5/A6/A7 hojas (A5)","Label":"Title","Locale":"es_ES"}},"Offers":{"Summaries":[{"Condition":{"Value":"New"},"LowestPrice":{"Amount":8.08,"Currency":"EUR","DisplayAmount":"8,08 €"}}]}},{"ASIN":"B09XGP6STD","DetailPageURL":"https://www.amazon.es/dp/B09XGP6STD?tag=topinalambricos-21&linkCode=osi&th=1&psc=1","Images":{"Primary":{"Small":{"Height":75,"URL":"https://m.media-amazon.com/images/I/41dIgQt6WcL._SL75_.jpg","Width":75}}},"ItemInfo":{"ByLineInfo":{"Brand":{"DisplayValue":"TOYESS","Label":"Brand","Locale":"es_ES"},"Manufacturer":{"DisplayValue":"TOYESS","Label":"Manufacturer","Locale":"es_ES"}},"Title":{"DisplayValue":"TOYESS 30Pcs Carpeta de Cuaderno A5, Archivadores Cuero de PU con 12 Bolsas Transparente, 12 Hojas de Presupuesto, Clasificador de Presupuesto para Guardar Tarjetas Fotos Facturas, Rosa","Label":"Title","Locale":"es_ES"}},"Offers":{"Summaries":[{"Condition":{"Value":"New"},"LowestPrice":{"Amount":12.89,"Currency":"EUR","DisplayAmount":"12,89 €"}}]}},{"ASIN":"B013UX8334","DetailPageURL":"https://www.amazon.es/dp/B013UX8334?tag=topinalambricos-21&linkCode=osi&th=1&psc=1","Images":{"Primary":{"Small":{"Height":56,"URL":"https://m.media-amazon.com/images/I/310cVrYz8VL._SL75_.jpg","Width":75}}},"ItemInfo":{"ByLineInfo":{"Brand":{"DisplayValue":"HF2","Label":"Brand","Locale":"es_ES"},"Manufacturer":{"DisplayValue":"Europel Business Products","Label":"Manufacturer","Locale":"es_ES"}},"Title":{"DisplayValue":"HF2 122461 - Carpeta de 4 anillas, 16mm, A4. Color: blanco transparente.","Label":"Title","Locale":"es_ES"}},"Offers":{"Summaries":[{"Condition":{"Value":"New"},"LowestPrice":{"Amount":6.66,"Currency":"EUR","DisplayAmount":"6,66 €"}}]}},{"ASIN":"B0CB5W72X3","DetailPageURL":"https://www.amazon.es/dp/B0CB5W72X3?tag=topinalambricos-21&linkCode=osi&th=1&psc=1","Images":{"Primary":{"Small":{"Height":75,"URL":"https://m.media-amazon.com/images/I/41QsbuzJlOL._SL75_.jpg","Width":75}}},"ItemInfo":{"ByLineInfo":{"Brand":{"DisplayValue":"Gfamous","Label":"Brand","Locale":"es_ES"},"Manufacturer":{"DisplayValue":"Gfamous","Label":"Manufacturer","Locale":"es_ES"}},"Title":{"DisplayValue":"Gfamous Carpeta transparente para cuadernos de 2 unidades, transparente, carpeta de anillas transparente, cubierta de anillas A5, resistente al agua y a la suciedad, para cuadernos, pinturas A5","Label":"Title","Locale":"es_ES"}},"Offers":{"Summaries":[{"Condition":{"Value":"New"},"LowestPrice":{"Amount":14.99,"Currency":"EUR","DisplayAmount":"14,99 €"}}]}},{"ASIN":"B00TTW5QQ8","DetailPageURL":"https://www.amazon.es/dp/B00TTW5QQ8?tag=topinalambricos-21&linkCode=osi&th=1&psc=1","Images":{"Primary":{"Small":{"Height":75,"URL":"https://m.media-amazon.com/images/I/21A+P2uaxQL._SL75_.jpg","Width":75}}},"ItemInfo":{"ByLineInfo":{"Brand":{"DisplayValue":"Exacompta","Label":"Brand","Locale":"es_ES"},"Manufacturer":{"DisplayValue":"Exacompta","Label":"Manufacturer","Locale":"es_ES"}},"Title":{"DisplayValue":"Exacompta 51264E Cartelle ad Anelli, 32x26 cm, Cristal","Label":"Title","Locale":"es_ES"}},"Offers":{"Summaries":[{"Condition":{"Value":"Used"},"LowestPrice":{"Amount":6.0,"Currency":"EUR","DisplayAmount":"6,00 €"}},{"Condition":{"Value":"New"},"LowestPrice":{"Amount":6.95,"Currency":"EUR","DisplayAmount":"6,95 €"}}]}},{"ASIN":"B004HG68T0","DetailPageURL":"https://www.amazon.es/dp/B004HG68T0?tag=topinalambricos-21&linkCode=osi&th=1&psc=1","Images":{"Primary":{"Small":{"Height":75,"URL":"https://m.media-amazon.com/images/I/41SDi3NYXpL._SL75_.jpg","Width":42}}},"ItemInfo":{"ByLineInfo":{"Brand":{"DisplayValue":"Exacompta","Label":"Brand","Locale":"es_ES"},"Contributors":[{"Locale":"es_ES","Name":"Exacompta","Role":"Autor","RoleType":"author"}],"Manufacturer":{"DisplayValue":"Exacompta","Label":"Manufacturer","Locale":"es_ES"}},"Title":{"DisplayValue":"Exacompta - ref. 51568E - 1 carpeta rígida de polipropileno personalizable con 1 bolsillo - 4 anillas redondas, diámetro 30 mm - Dimensiones externas: 32 x 26,8 cm - Formato de archivo A4 Maxi -","Label":"Title","Locale":"es_ES"}},"Offers":{"Summaries":[{"Condition":{"Value":"New"},"LowestPrice":{"Amount":7.05,"Currency":"EUR","DisplayAmount":"7,05 €"}}]}}],"SearchURL":"https://www.amazon.es/s?k=transparente&rh=n%3A4353061031%2Cp_n_availability%3A-1&tag=topinalambricos-21&linkCode=osi","TotalResultCount":966}},"131":{"SearchResult":{"Items":[{"ASIN":"B01D38N4W6","DetailPageURL":"https://www.amazon.es/dp/B01D38N4W6?tag=topinalambricos-21&linkCode=osi&th=1&psc=1","Images":{"Primary":{"Small":{"Height":75,"URL":"https://m.media-amazon.com/images/I/41-juahWb2L._SL75_.jpg","Width":75}}},"ItemInfo":{"ByLineInfo":{"Brand":{"DisplayValue":"Grafoplás","Label":"Brand","Locale":"es_ES"},"Manufacturer":{"DisplayValue":"Grafoplas del Noroeste,S.A.","Label":"Manufacturer","Locale":"es_ES"}},"Title":{"DisplayValue":"Grafoplás 30121000. Carpeta de Anillas, A4, con 6 Sobres de 11 Taladros Multicolor/Transparente, Cierre de Goma","Label":"Title","Locale":"es_ES"}},"Offers":{"Summaries":[{"Condition":{"Value":"New"},"LowestPrice":{"Amount":9.52,"Currency":"EUR","DisplayAmount":"9,52 €"}}]}},{"ASIN":"B08RZ82PV5","DetailPageURL":"https://www.amazon.es/dp/B08RZ82PV5?tag=topinalambricos-21&linkCode=osi&th=1&psc=1","Images":{"Primary":{"Small":{"Height":75,"URL":"https://m.media-amazon.com/images/I/41QwGs8+oKL._SL75_.jpg","Width":75}}},"ItemInfo":{"ByLineInfo":{"Brand":{"DisplayValue":"Rapesco","Label":"Brand","Locale":"es_ES"},"Manufacturer":{"DisplayValue":"RAPESCO","Label":"Manufacturer","Locale":"es_ES"}},"Title":{"DisplayValue":"Rapesco 1630 Sobre Portafolios para Carpetas de Anillas, A4, Colores Transparentes Surtidos, Paquete de 5","Label":"Title","Locale":"es_ES"}},"Offers":{"Summaries":[{"Condition":{"Value":"New"},"LowestPrice":{"Amount":7.58,"Currency":"EUR","DisplayAmount":"7,58 € (1,52 € / unidad)","PricePerUnit":1.52}}]}},{"ASIN":"B001IVOW7C","DetailPageURL":"https://www.amazon.es/dp/B001IVOW7C?tag=topinalambricos-21&linkCode=osi&th=1&psc=1","Images":{"Primary":{"Small":{"Height":75,"URL":"https://m.media-amazon.com/images/I/313ZVnRCR7L._SL75_.jpg","Width":41}}},"ItemInfo":{"ByLineInfo":{"Brand":{"DisplayValue":"Oxford","Label":"Brand","Locale":"es_ES"},"Manufacturer":{"DisplayValue":"Hamelin Brands","Label":"Manufacturer","Locale":"es_ES"}},"Title":{"DisplayValue":"Oxford - Archivador 4 anillas Tapas de plástico personalizables, A4, Color transparente","Label":"Title","Locale":"es_ES"}},"Offers":{"Summaries":[{"Condition":{"Value":"New"},"LowestPrice":{"Amount":5.79,"Currency":"EUR","DisplayAmount":"5,79 €"}}]}},{"ASIN":"B09YHZGN5S","DetailPageURL":"https://www.amazon.es/dp/B09YHZGN5S?tag=topinalambricos-21&linkCode=osi&th=1&psc=1","Images":{"Primary":{"Small":{"Height":75,"URL":"https://m.media-amazon.com/images/I/51lkxdPCgLL._SL75_.jpg","Width":75}}},"ItemInfo":{"ByLineInfo":{"Brand":{"DisplayValue":"MARICATO","Label":"Brand","Locale":"es_ES"},"Manufacturer":{"DisplayValue":"TO","Label":"Manufacturer","Locale":"es_ES"}},"Title":{"DisplayValue":"Carpeta de Presupuesto A6, MARICATO 29Piezas Carpeta de Cuaderno 6 Anillas de PU, con Bolsas de Transparente con Cremallera, Hojas de Presupuesto, Pegatinas, Indice de Clasificación, Regla, Rosa","Label":"Title","Locale":"es_ES"}},"Offers":{"Summaries":[{"Condition":{"Value":"New"},"LowestPrice":{"Amount":11.99,"Currency":"EUR","DisplayAmount":"11,99 € (35,26 € / kg)","PricePerUnit":35.26}}]}},{"ASIN":"B09PTKVWY8","DetailPageURL":"https://www.amazon.es/dp/B09PTKVWY8?tag=topinalambricos-21&linkCode=osi&th=1&psc=1","Images":{"Primary":{"Small":{"Height":75,"URL":"https://m.media-amazon.com/images/I/21ddEcjI4ML._SL75_.jpg","Width":75}}},"ItemInfo":{"ByLineInfo":{"Brand":{"DisplayValue":"CALISTOUK","Label":"Brand","Locale":"es_ES"},"Manufacturer":{"DisplayValue":"CALISTOUK","Label":"Manufacturer","Locale":"es_ES"}},"Title":{"DisplayValue":"Carpeta de Anillas con 6 Agujeros, Funda blanda de PVC, Cuaderno, Carpeta Tipo Archivador con Anillas de Forma Redonda, Carpeta de PVC flexible transparente, Recargable para A5/A6/A7 hojas (A5)","Label":"Title","Locale":"es_ES"}},"Offers":{"Summaries":[{"Condition":{"Value":"New"},"LowestPrice":{"Amount":8.08,"Currency":"EUR","DisplayAmount":"8,08 €"}}]}},{"ASIN":"B09XGP6STD","DetailPageURL":"https://www.amazon.es/dp/B09XGP6STD?tag=topinalambricos-21&linkCode=osi&th=1&psc=1","Images":{"Primary":{"Small":{"Height":75,"URL":"https://m.media-amazon.com/images/I/41dIgQt6WcL._SL75_.jpg","Width":75}}},"ItemInfo":{"ByLineInfo":{"Brand":{"DisplayValue":"TOYESS","Label":"Brand","Locale":"es_ES"},"Manufacturer":{"DisplayValue":"TOYESS","Label":"Manufacturer","Locale":"es_ES"}},"Title":{"DisplayValue":"TOYESS 30Pcs Carpeta de Cuaderno A5, Archivadores Cuero de PU con 12 Bolsas Transparente, 12 Hojas de Presupuesto, Clasificador de Presupuesto para Guardar Tarjetas Fotos Facturas, Rosa","Label":"Title","Locale":"es_ES"}},"Offers":{"Summaries":[{"Condition":{"Value":"New"},"LowestPrice":{"Amount":12.89,"Currency":"EUR","DisplayAmount":"12,89 €"}}]}},{"ASIN":"B013UX8334","DetailPageURL":"https://www.amazon.es/dp/B013UX8334?tag=topinalambricos-21&linkCode=osi&th=1&psc=1","Images":{"Primary":{"Small":{"Height":56,"URL":"https://m.media-amazon.com/images/I/310cVrYz8VL._SL75_.jpg","Width":75}}},"ItemInfo":{"ByLineInfo":{"Brand":{"DisplayValue":"HF2","Label":"Brand","Locale":"es_ES"},"Manufacturer":{"DisplayValue":"Europel Business Products","Label":"Manufacturer","Locale":"es_ES"}},"Title":{"DisplayValue":"HF2 122461 - Carpeta de 4 anillas, 16mm, A4. Color: blanco transparente.","Label":"Title","Locale":"es_ES"}},"Offers":{"Summaries":[{"Condition":{"Value":"New"},"LowestPrice":{"Amount":6.66,"Currency":"EUR","DisplayAmount":"6,66 €"}}]}},{"ASIN":"B0CB5W72X3","DetailPageURL":"https://www.amazon.es/dp/B0CB5W72X3?tag=topinalambricos-21&linkCode=osi&th=1&psc=1","Images":{"Primary":{"Small":{"Height":75,"URL":"https://m.media-amazon.com/images/I/41QsbuzJlOL._SL75_.jpg","Width":75}}},"ItemInfo":{"ByLineInfo":{"Brand":{"DisplayValue":"Gfamous","Label":"Brand","Locale":"es_ES"},"Manufacturer":{"DisplayValue":"Gfamous","Label":"Manufacturer","Locale":"es_ES"}},"Title":{"DisplayValue":"Gfamous Carpeta transparente para cuadernos de 2 unidades, transparente, carpeta de anillas transparente, cubierta de anillas A5, resistente al agua y a la suciedad, para cuadernos, pinturas A5","Label":"Title","Locale":"es_ES"}},"Offers":{"Summaries":[{"Condition":{"Value":"New"},"LowestPrice":{"Amount":14.99,"Currency":"EUR","DisplayAmount":"14,99 €"}}]}},{"ASIN":"B00TTW5QQ8","DetailPageURL":"https://www.amazon.es/dp/B00TTW5QQ8?tag=topinalambricos-21&linkCode=osi&th=1&psc=1","Images":{"Primary":{"Small":{"Height":75,"URL":"https://m.media-amazon.com/images/I/21A+P2uaxQL._SL75_.jpg","Width":75}}},"ItemInfo":{"ByLineInfo":{"Brand":{"DisplayValue":"Exacompta","Label":"Brand","Locale":"es_ES"},"Manufacturer":{"DisplayValue":"Exacompta","Label":"Manufacturer","Locale":"es_ES"}},"Title":{"DisplayValue":"Exacompta 51264E Cartelle ad Anelli, 32x26 cm, Cristal","Label":"Title","Locale":"es_ES"}},"Offers":{"Summaries":[{"Condition":{"Value":"Used"},"LowestPrice":{"Amount":6.0,"Currency":"EUR","DisplayAmount":"6,00 €"}},{"Condition":{"Value":"New"},"LowestPrice":{"Amount":6.95,"Currency":"EUR","DisplayAmount":"6,95 €"}}]}},{"ASIN":"B004HG68T0","DetailPageURL":"https://www.amazon.es/dp/B004HG68T0?tag=topinalambricos-21&linkCode=osi&th=1&psc=1","Images":{"Primary":{"Small":{"Height":75,"URL":"https://m.media-amazon.com/images/I/41SDi3NYXpL._SL75_.jpg","Width":42}}},"ItemInfo":{"ByLineInfo":{"Brand":{"DisplayValue":"Exacompta","Label":"Brand","Locale":"es_ES"},"Contributors":[{"Locale":"es_ES","Name":"Exacompta","Role":"Autor","RoleType":"author"}],"Manufacturer":{"DisplayValue":"Exacompta","Label":"Manufacturer","Locale":"es_ES"}},"Title":{"DisplayValue":"Exacompta - ref. 51568E - 1 carpeta rígida de polipropileno personalizable con 1 bolsillo - 4 anillas redondas, diámetro 30 mm - Dimensiones externas: 32 x 26,8 cm - Formato de archivo A4 Maxi -","Label":"Title","Locale":"es_ES"}},"Offers":{"Summaries":[{"Condition":{"Value":"New"},"LowestPrice":{"Amount":7.05,"Currency":"EUR","DisplayAmount":"7,05 €"}}]}}],"SearchURL":"https://www.amazon.es/s?k=transparente&rh=n%3A4353061031%2Cp_n_availability%3A-1&tag=topinalambricos-21&linkCode=osi","TotalResultCount":966}},"132":{"SearchResult":{"Items":[{"ASIN":"B01D38N4W6","DetailPageURL":"https://www.amazon.es/dp/B01D38N4W6?tag=topinalambricos-21&linkCode=osi&th=1&psc=1","Images":{"Primary":{"Small":{"Height":75,"URL":"https://m.media-amazon.com/images/I/41-juahWb2L._SL75_.jpg","Width":75}}},"ItemInfo":{"ByLineInfo":{"Brand":{"DisplayValue":"Grafoplás","Label":"Brand","Locale":"es_ES"},"Manufacturer":{"DisplayValue":"Grafoplas del Noroeste,S.A.","Label":"Manufacturer","Locale":"es_ES"}},"Title":{"DisplayValue":"Grafoplás 30121000. Carpeta de Anillas, A4, con 6 Sobres de 11 Taladros Multicolor/Transparente, Cierre de Goma","Label":"Title","Locale":"es_ES"}},"Offers":{"Summaries":[{"Condition":{"Value":"New"},"LowestPrice":{"Amount":9.52,"Currency":"EUR","DisplayAmount":"9,52 €"}}]}},{"ASIN":"B08RZ82PV5","DetailPageURL":"https://www.amazon.es/dp/B08RZ82PV5?tag=topinalambricos-21&linkCode=osi&th=1&psc=1","Images":{"Primary":{"Small":{"Height":75,"URL":"https://m.media-amazon.com/images/I/41QwGs8+oKL._SL75_.jpg","Width":75}}},"ItemInfo":{"ByLineInfo":{"Brand":{"DisplayValue":"Rapesco","Label":"Brand","Locale":"es_ES"},"Manufacturer":{"DisplayValue":"RAPESCO","Label":"Manufacturer","Locale":"es_ES"}},"Title":{"DisplayValue":"Rapesco 1630 Sobre Portafolios para Carpetas de Anillas, A4, Colores Transparentes Surtidos, Paquete de 5","Label":"Title","Locale":"es_ES"}},"Offers":{"Summaries":[{"Condition":{"Value":"New"},"LowestPrice":{"Amount":7.58,"Currency":"EUR","DisplayAmount":"7,58 € (1,52 € / unidad)","PricePerUnit":1.52}}]}},{"ASIN":"B001IVOW7C","DetailPageURL":"https://www.amazon.es/dp/B001IVOW7C?tag=topinalambricos-21&linkCode=osi&th=1&psc=1","Images":{"Primary":{"Small":{"Height":75,"URL":"https://m.media-amazon.com/images/I/313ZVnRCR7L._SL75_.jpg","Width":41}}},"ItemInfo":{"ByLineInfo":{"Brand":{"DisplayValue":"Oxford","Label":"Brand","Locale":"es_ES"},"Manufacturer":{"DisplayValue":"Hamelin Brands","Label":"Manufacturer","Locale":"es_ES"}},"Title":{"DisplayValue":"Oxford - Archivador 4 anillas Tapas de plástico personalizables, A4, Color transparente","Label":"Title","Locale":"es_ES"}},"Offers":{"Summaries":[{"Condition":{"Value":"New"},"LowestPrice":{"Amount":5.79,"Currency":"EUR","DisplayAmount":"5,79 €"}}]}},{"ASIN":"B09YHZGN5S","DetailPageURL":"https://www.amazon.es/dp/B09YHZGN5S?tag=topinalambricos-21&linkCode=osi&th=1&psc=1","Images":{"Primary":{"Small":{"Height":75,"URL":"https://m.media-amazon.com/images/I/51lkxdPCgLL._SL75_.jpg","Width":75}}},"ItemInfo":{"ByLineInfo":{"Brand":{"DisplayValue":"MARICATO","Label":"Brand","Locale":"es_ES"},"Manufacturer":{"DisplayValue":"TO","Label":"Manufacturer","Locale":"es_ES"}},"Title":{"DisplayValue":"Carpeta de Presupuesto A6, MARICATO 29Piezas Carpeta de Cuaderno 6 Anillas de PU, con Bolsas de Transparente con Cremallera, Hojas de Presupuesto, Pegatinas, Indice de Clasificación, Regla, Rosa","Label":"Title","Locale":"es_ES"}},"Offers":{"Summaries":[{"Condition":{"Value":"New"},"LowestPrice":{"Amount":11.99,"Currency":"EUR","DisplayAmount":"11,99 € (35,26 € / kg)","PricePerUnit":35.26}}]}},{"ASIN":"B09PTKVWY8","DetailPageURL":"https://www.amazon.es/dp/B09PTKVWY8?tag=topinalambricos-21&linkCode=osi&th=1&psc=1","Images":{"Primary":{"Small":{"Height":75,"URL":"https://m.media-amazon.com/images/I/21ddEcjI4ML._SL75_.jpg","Width":75}}},"ItemInfo":{"ByLineInfo":{"Brand":{"DisplayValue":"CALISTOUK","Label":"Brand","Locale":"es_ES"},"Manufacturer":{"DisplayValue":"CALISTOUK","Label":"Manufacturer","Locale":"es_ES"}},"Title":{"DisplayValue":"Carpeta de Anillas con 6 Agujeros, Funda blanda de PVC, Cuaderno, Carpeta Tipo Archivador con Anillas de Forma Redonda, Carpeta de PVC flexible transparente, Recargable para A5/A6/A7 hojas (A5)","Label":"Title","Locale":"es_ES"}},"Offers":{"Summaries":[{"Condition":{"Value":"New"},"LowestPrice":{"Amount":8.08,"Currency":"EUR","DisplayAmount":"8,08 €"}}]}},{"ASIN":"B09XGP6STD","DetailPageURL":"https://www.amazon.es/dp/B09XGP6STD?tag=topinalambricos-21&linkCode=osi&th=1&psc=1","Images":{"Primary":{"Small":{"Height":75,"URL":"https://m.media-amazon.com/images/I/41dIgQt6WcL._SL75_.jpg","Width":75}}},"ItemInfo":{"ByLineInfo":{"Brand":{"DisplayValue":"TOYESS","Label":"Brand","Locale":"es_ES"},"Manufacturer":{"DisplayValue":"TOYESS","Label":"Manufacturer","Locale":"es_ES"}},"Title":{"DisplayValue":"TOYESS 30Pcs Carpeta de Cuaderno A5, Archivadores Cuero de PU con 12 Bolsas Transparente, 12 Hojas de Presupuesto, Clasificador de Presupuesto para Guardar Tarjetas Fotos Facturas, Rosa","Label":"Title","Locale":"es_ES"}},"Offers":{"Summaries":[{"Condition":{"Value":"New"},"LowestPrice":{"Amount":12.89,"Currency":"EUR","DisplayAmount":"12,89 €"}}]}},{"ASIN":"B013UX8334","DetailPageURL":"https://www.amazon.es/dp/B013UX8334?tag=topinalambricos-21&linkCode=osi&th=1&psc=1","Images":{"Primary":{"Small":{"Height":56,"URL":"https://m.media-amazon.com/images/I/310cVrYz8VL._SL75_.jpg","Width":75}}},"ItemInfo":{"ByLineInfo":{"Brand":{"DisplayValue":"HF2","Label":"Brand","Locale":"es_ES"},"Manufacturer":{"DisplayValue":"Europel Business Products","Label":"Manufacturer","Locale":"es_ES"}},"Title":{"DisplayValue":"HF2 122461 - Carpeta de 4 anillas, 16mm, A4. Color: blanco transparente.","Label":"Title","Locale":"es_ES"}},"Offers":{"Summaries":[{"Condition":{"Value":"New"},"LowestPrice":{"Amount":6.66,"Currency":"EUR","DisplayAmount":"6,66 €"}}]}},{"ASIN":"B0CB5W72X3","DetailPageURL":"https://www.amazon.es/dp/B0CB5W72X3?tag=topinalambricos-21&linkCode=osi&th=1&psc=1","Images":{"Primary":{"Small":{"Height":75,"URL":"https://m.media-amazon.com/images/I/41QsbuzJlOL._SL75_.jpg","Width":75}}},"ItemInfo":{"ByLineInfo":{"Brand":{"DisplayValue":"Gfamous","Label":"Brand","Locale":"es_ES"},"Manufacturer":{"DisplayValue":"Gfamous","Label":"Manufacturer","Locale":"es_ES"}},"Title":{"DisplayValue":"Gfamous Carpeta transparente para cuadernos de 2 unidades, transparente, carpeta de anillas transparente, cubierta de anillas A5, resistente al agua y a la suciedad, para cuadernos, pinturas A5","Label":"Title","Locale":"es_ES"}},"Offers":{"Summaries":[{"Condition":{"Value":"New"},"LowestPrice":{"Amount":14.99,"Currency":"EUR","DisplayAmount":"14,99 €"}}]}},{"ASIN":"B00TTW5QQ8","DetailPageURL":"https://www.amazon.es/dp/B00TTW5QQ8?tag=topinalambricos-21&linkCode=osi&th=1&psc=1","Images":{"Primary":{"Small":{"Height":75,"URL":"https://m.media-amazon.com/images/I/21A+P2uaxQL._SL75_.jpg","Width":75}}},"ItemInfo":{"ByLineInfo":{"Brand":{"DisplayValue":"Exacompta","Label":"Brand","Locale":"es_ES"},"Manufacturer":{"DisplayValue":"Exacompta","Label":"Manufacturer","Locale":"es_ES"}},"Title":{"DisplayValue":"Exacompta 51264E Cartelle ad Anelli, 32x26 cm, Cristal","Label":"Title","Locale":"es_ES"}},"Offers":{"Summaries":[{"Condition":{"Value":"Used"},"LowestPrice":{"Amount":6.0,"Currency":"EUR","DisplayAmount":"6,00 €"}},{"Condition":{"Value":"New"},"LowestPrice":{"Amount":6.95,"Currency":"EUR","DisplayAmount":"6,95 €"}}]}},{"ASIN":"B004HG68T0","DetailPageURL":"https://www.amazon.es/dp/B004HG68T0?tag=topinalambricos-21&linkCode=osi&th=1&psc=1","Images":{"Primary":{"Small":{"Height":75,"URL":"https://m.media-amazon.com/images/I/41SDi3NYXpL._SL75_.jpg","Width":42}}},"ItemInfo":{"ByLineInfo":{"Brand":{"DisplayValue":"Exacompta","Label":"Brand","Locale":"es_ES"},"Contributors":[{"Locale":"es_ES","Name":"Exacompta","Role":"Autor","RoleType":"author"}],"Manufacturer":{"DisplayValue":"Exacompta","Label":"Manufacturer","Locale":"es_ES"}},"Title":{"DisplayValue":"Exacompta - ref. 51568E - 1 carpeta rígida de polipropileno personalizable con 1 bolsillo - 4 anillas redondas, diámetro 30 mm - Dimensiones externas: 32 x 26,8 cm - Formato de archivo A4 Maxi -","Label":"Title","Locale":"es_ES"}},"Offers":{"Summaries":[{"Condition":{"Value":"New"},"LowestPrice":{"Amount":7.05,"Currency":"EUR","DisplayAmount":"7,05 €"}}]}}],"SearchURL":"https://www.amazon.es/s?k=transparente&rh=n%3A4353061031%2Cp_n_availability%3A-1&tag=topinalambricos-21&linkCode=osi","TotalResultCount":966}},"133":{"SearchResult":{"Items":[{"ASIN":"B01D38N4W6","DetailPageURL":"https://www.amazon.es/dp/B01D38N4W6?tag=topinalambricos-21&linkCode=osi&th=1&psc=1","Images":{"Primary":{"Small":{"Height":75,"URL":"https://m.media-amazon.com/images/I/41-juahWb2L._SL75_.jpg","Width":75}}},"ItemInfo":{"ByLineInfo":{"Brand":{"DisplayValue":"Grafoplás","Label":"Brand","Locale":"es_ES"},"Manufacturer":{"DisplayValue":"Grafoplas del Noroeste,S.A.","Label":"Manufacturer","Locale":"es_ES"}},"Title":{"DisplayValue":"Grafoplás 30121000. Carpeta de Anillas, A4, con 6 Sobres de 11 Taladros Multicolor/Transparente, Cierre de Goma","Label":"Title","Locale":"es_ES"}},"Offers":{"Summaries":[{"Condition":{"Value":"New"},"LowestPrice":{"Amount":9.52,"Currency":"EUR","DisplayAmount":"9,52 €"}}]}},{"ASIN":"B08RZ82PV5","DetailPageURL":"https://www.amazon.es/dp/B08RZ82PV5?tag=topinalambricos-21&linkCode=osi&th=1&psc=1","Images":{"Primary":{"Small":{"Height":75,"URL":"https://m.media-amazon.com/images/I/41QwGs8+oKL._SL75_.jpg","Width":75}}},"ItemInfo":{"ByLineInfo":{"Brand":{"DisplayValue":"Rapesco","Label":"Brand","Locale":"es_ES"},"Manufacturer":{"DisplayValue":"RAPESCO","Label":"Manufacturer","Locale":"es_ES"}},"Title":{"DisplayValue":"Rapesco 1630 Sobre Portafolios para Carpetas de Anillas, A4, Colores Transparentes Surtidos, Paquete de 5","Label":"Title","Locale":"es_ES"}},"Offers":{"Summaries":[{"Condition":{"Value":"New"},"LowestPrice":{"Amount":7.58,"Currency":"EUR","DisplayAmount":"7,58 € (1,52 € / unidad)","PricePerUnit":1.52}}]}},{"ASIN":"B001IVOW7C","DetailPageURL":"https://www.amazon.es/dp/B001IVOW7C?tag=topinalambricos-21&linkCode=osi&th=1&psc=1","Images":{"Primary":{"Small":{"Height":75,"URL":"https://m.media-amazon.com/images/I/313ZVnRCR7L._SL75_.jpg","Width":41}}},"ItemInfo":{"ByLineInfo":{"Brand":{"DisplayValue":"Oxford","Label":"Brand","Locale":"es_ES"},"Manufacturer":{"DisplayValue":"Hamelin Brands","Label":"Manufacturer","Locale":"es_ES"}},"Title":{"DisplayValue":"Oxford - Archivador 4 anillas Tapas de plástico personalizables, A4, Color transparente","Label":"Title","Locale":"es_ES"}},"Offers":{"Summaries":[{"Condition":{"Value":"New"},"LowestPrice":{"Amount":5.79,"Currency":"EUR","DisplayAmount":"5,79 €"}}]}},{"ASIN":"B09YHZGN5S","DetailPageURL":"https://www.amazon.es/dp/B09YHZGN5S?tag=topinalambricos-21&linkCode=osi&th=1&psc=1","Images":{"Primary":{"Small":{"Height":75,"URL":"https://m.media-amazon.com/images/I/51lkxdPCgLL._SL75_.jpg","Width":75}}},"ItemInfo":{"ByLineInfo":{"Brand":{"DisplayValue":"MARICATO","Label":"Brand","Locale":"es_ES"},"Manufacturer":{"DisplayValue":"TO","Label":"Manufacturer","Locale":"es_ES"}},"Title":{"DisplayValue":"Carpeta de Presupuesto A6, MARICATO 29Piezas Carpeta de Cuaderno 6 Anillas de PU, con Bolsas de Transparente con Cremallera, Hojas de Presupuesto, Pegatinas, Indice de Clasificación, Regla, Rosa","Label":"Title","Locale":"es_ES"}},"Offers":{"Summaries":[{"Condition":{"Value":"New"},"LowestPrice":{"Amount":11.99,"Currency":"EUR","DisplayAmount":"11,99 € (35,26 € / kg)","PricePerUnit":35.26}}]}},{"ASIN":"B09PTKVWY8","DetailPageURL":"https://www.amazon.es/dp/B09PTKVWY8?tag=topinalambricos-21&linkCode=osi&th=1&psc=1","Images":{"Primary":{"Small":{"Height":75,"URL":"https://m.media-amazon.com/images/I/21ddEcjI4ML._SL75_.jpg","Width":75}}},"ItemInfo":{"ByLineInfo":{"Brand":{"DisplayValue":"CALISTOUK","Label":"Brand","Locale":"es_ES"},"Manufacturer":{"DisplayValue":"CALISTOUK","Label":"Manufacturer","Locale":"es_ES"}},"Title":{"DisplayValue":"Carpeta de Anillas con 6 Agujeros, Funda blanda de PVC, Cuaderno, Carpeta Tipo Archivador con Anillas de Forma Redonda, Carpeta de PVC flexible transparente, Recargable para A5/A6/A7 hojas (A5)","Label":"Title","Locale":"es_ES"}},"Offers":{"Summaries":[{"Condition":{"Value":"New"},"LowestPrice":{"Amount":8.08,"Currency":"EUR","DisplayAmount":"8,08 €"}}]}},{"ASIN":"B09XGP6STD","DetailPageURL":"https://www.amazon.es/dp/B09XGP6STD?tag=topinalambricos-21&linkCode=osi&th=1&psc=1","Images":{"Primary":{"Small":{"Height":75,"URL":"https://m.media-amazon.com/images/I/41dIgQt6WcL._SL75_.jpg","Width":75}}},"ItemInfo":{"ByLineInfo":{"Brand":{"DisplayValue":"TOYESS","Label":"Brand","Locale":"es_ES"},"Manufacturer":{"DisplayValue":"TOYESS","Label":"Manufacturer","Locale":"es_ES"}},"Title":{"DisplayValue":"TOYESS 30Pcs Carpeta de Cuaderno A5, Archivadores Cuero de PU con 12 Bolsas Transparente, 12 Hojas de Presupuesto, Clasificador de Presupuesto para Guardar Tarjetas Fotos Facturas, Rosa","Label":"Title","Locale":"es_ES"}},"Offers":{"Summaries":[{"Condition":{"Value":"New"},"LowestPrice":{"Amount":12.89,"Currency":"EUR","DisplayAmount":"12,89 €"}}]}},{"ASIN":"B013UX8334","DetailPageURL":"https://www.amazon.es/dp/B013UX8334?tag=topinalambricos-21&linkCode=osi&th=1&psc=1","Images":{"Primary":{"Small":{"Height":56,"URL":"https://m.media-amazon.com/images/I/310cVrYz8VL._SL75_.jpg","Width":75}}},"ItemInfo":{"ByLineInfo":{"Brand":{"DisplayValue":"HF2","Label":"Brand","Locale":"es_ES"},"Manufacturer":{"DisplayValue":"Europel Business Products","Label":"Manufacturer","Locale":"es_ES"}},"Title":{"DisplayValue":"HF2 122461 - Carpeta de 4 anillas, 16mm, A4. Color: blanco transparente.","Label":"Title","Locale":"es_ES"}},"Offers":{"Summaries":[{"Condition":{"Value":"New"},"LowestPrice":{"Amount":6.66,"Currency":"EUR","DisplayAmount":"6,66 €"}}]}},{"ASIN":"B0CB5W72X3","DetailPageURL":"https://www.amazon.es/dp/B0CB5W72X3?tag=topinalambricos-21&linkCode=osi&th=1&psc=1","Images":{"Primary":{"Small":{"Height":75,"URL":"https://m.media-amazon.com/images/I/41QsbuzJlOL._SL75_.jpg","Width":75}}},"ItemInfo":{"ByLineInfo":{"Brand":{"DisplayValue":"Gfamous","Label":"Brand","Locale":"es_ES"},"Manufacturer":{"DisplayValue":"Gfamous","Label":"Manufacturer","Locale":"es_ES"}},"Title":{"DisplayValue":"Gfamous Carpeta transparente para cuadernos de 2 unidades, transparente, carpeta de anillas transparente, cubierta de anillas A5, resistente al agua y a la suciedad, para cuadernos, pinturas A5","Label":"Title","Locale":"es_ES"}},"Offers":{"Summaries":[{"Condition":{"Value":"New"},"LowestPrice":{"Amount":14.99,"Currency":"EUR","DisplayAmount":"14,99 €"}}]}},{"ASIN":"B00TTW5QQ8","DetailPageURL":"https://www.amazon.es/dp/B00TTW5QQ8?tag=topinalambricos-21&linkCode=osi&th=1&psc=1","Images":{"Primary":{"Small":{"Height":75,"URL":"https://m.media-amazon.com/images/I/21A+P2uaxQL._SL75_.jpg","Width":75}}},"ItemInfo":{"ByLineInfo":{"Brand":{"DisplayValue":"Exacompta","Label":"Brand","Locale":"es_ES"},"Manufacturer":{"DisplayValue":"Exacompta","Label":"Manufacturer","Locale":"es_ES"}},"Title":{"DisplayValue":"Exacompta 51264E Cartelle ad Anelli, 32x26 cm, Cristal","Label":"Title","Locale":"es_ES"}},"Offers":{"Summaries":[{"Condition":{"Value":"Used"},"LowestPrice":{"Amount":6.0,"Currency":"EUR","DisplayAmount":"6,00 €"}},{"Condition":{"Value":"New"},"LowestPrice":{"Amount":6.95,"Currency":"EUR","DisplayAmount":"6,95 €"}}]}},{"ASIN":"B004HG68T0","DetailPageURL":"https://www.amazon.es/dp/B004HG68T0?tag=topinalambricos-21&linkCode=osi&th=1&psc=1","Images":{"Primary":{"Small":{"Height":75,"URL":"https://m.media-amazon.com/images/I/41SDi3NYXpL._SL75_.jpg","Width":42}}},"ItemInfo":{"ByLineInfo":{"Brand":{"DisplayValue":"Exacompta","Label":"Brand","Locale":"es_ES"},"Contributors":[{"Locale":"es_ES","Name":"Exacompta","Role":"Autor","RoleType":"author"}],"Manufacturer":{"DisplayValue":"Exacompta","Label":"Manufacturer","Locale":"es_ES"}},"Title":{"DisplayValue":"Exacompta - ref. 51568E - 1 carpeta rígida de polipropileno personalizable con 1 bolsillo - 4 anillas redondas, diámetro 30 mm - Dimensiones externas: 32 x 26,8 cm - Formato de archivo A4 Maxi -","Label":"Title","Locale":"es_ES"}},"Offers":{"Summaries":[{"Condition":{"Value":"New"},"LowestPrice":{"Amount":7.05,"Currency":"EUR","DisplayAmount":"7,05 €"}}]}}],"SearchURL":"https://www.amazon.es/s?k=transparente&rh=n%3A4353061031%2Cp_n_availability%3A-1&tag=topinalambricos-21&linkCode=osi","TotalResultCount":966}},"134":{"SearchResult":{"Items":[{"ASIN":"B01D38N4W6","DetailPageURL":"https://www.amazon.es/dp/B01D38N4W6?tag=topinalambricos-21&linkCode=osi&th=1&psc=1","Images":{"Primary":{"Small":{"Height":75,"URL":"https://m.media-amazon.com/images/I/41-juahWb2L._SL75_.jpg","Width":75}}},"ItemInfo":{"ByLineInfo":{"Brand":{"DisplayValue":"Grafoplás","Label":"Brand","Locale":"es_ES"},"Manufacturer":{"DisplayValue":"Grafoplas del Noroeste,S.A.","Label":"Manufacturer","Locale":"es_ES"}},"Title":{"DisplayValue":"Grafoplás 30121000. Carpeta de Anillas, A4, con 6 Sobres de 11 Taladros Multicolor/Transparente, Cierre de Goma","Label":"Title","Locale":"es_ES"}},"Offers":{"Summaries":[{"Condition":{"Value":"New"},"LowestPrice":{"Amount":9.52,"Currency":"EUR","DisplayAmount":"9,52 €"}}]}},{"ASIN":"B08RZ82PV5","DetailPageURL":"https://www.amazon.es/dp/B08RZ82PV5?tag=topinalambricos-21&linkCode=osi&th=1&psc=1","Images":{"Primary":{"Small":{"Height":75,"URL":"https://m.media-amazon.com/images/I/41QwGs8+oKL._SL75_.jpg","Width":75}}},"ItemInfo":{"ByLineInfo":{"Brand":{"DisplayValue":"Rapesco","Label":"Brand","Locale":"es_ES"},"Manufacturer":{"DisplayValue":"RAPESCO","Label":"Manufacturer","Locale":"es_ES"}},"Title":{"DisplayValue":"Rapesco 1630 Sobre Portafolios para Carpetas de Anillas, A4, Colores Transparentes Surtidos, Paquete de 5","Label":"Title","Locale":"es_ES"}},"Offers":{"Summaries":[{"Condition":{"Value":"New"},"LowestPrice":{"Amount":7.58,"Currency":"EUR","DisplayAmount":"7,58 € (1,52 € / unidad)","PricePerUnit":1.52}}]}},{"ASIN":"B001IVOW7C","DetailPageURL":"https://www.amazon.es/dp/B001IVOW7C?tag=topinalambricos-21&linkCode=osi&th=1&psc=1","Images":{"Primary":{"Small":{"Height":75,"URL":"https://m.media-amazon.com/images/I/313ZVnRCR7L._SL75_.jpg","Width":41}}},"ItemInfo":{"ByLineInfo":{"Brand":{"DisplayValue":"Oxford","Label":"Brand","Locale":"es_ES"},"Manufacturer":{"DisplayValue":"Hamelin Brands","Label":"Manufacturer","Locale":"es_ES"}},"Title":{"DisplayValue":"Oxford - Archivador 4 anillas Tapas de plástico personalizables, A4, Color transparente","Label":"Title","Locale":"es_ES"}},"Offers":{"Summaries":[{"Condition":{"Value":"New"},"LowestPrice":{"Amount":5.79,"Currency":"EUR","DisplayAmount":"5,79 €"}}]}},{"ASIN":"B09YHZGN5S","DetailPageURL":"https://www.amazon.es/dp/B09YHZGN5S?tag=topinalambricos-21&linkCode=osi&th=1&psc=1","Images":{"Primary":{"Small":{"Height":75,"URL":"https://m.media-amazon.com/images/I/51lkxdPCgLL._SL75_.jpg","Width":75}}},"ItemInfo":{"ByLineInfo":{"Brand":{"DisplayValue":"MARICATO","Label":"Brand","Locale":"es_ES"},"Manufacturer":{"DisplayValue":"TO","Label":"Manufacturer","Locale":"es_ES"}},"Title":{"DisplayValue":"Carpeta de Presupuesto A6, MARICATO 29Piezas Carpeta de Cuaderno 6 Anillas de PU, con Bolsas de Transparente con Cremallera, Hojas de Presupuesto, Pegatinas, Indice de Clasificación, Regla, Rosa","Label":"Title","Locale":"es_ES"}},"Offers":{"Summaries":[{"Condition":{"Value":"New"},"LowestPrice":{"Amount":11.99,"Currency":"EUR","DisplayAmount":"11,99 € (35,26 € / kg)","PricePerUnit":35.26}}]}},{"ASIN":"B09PTKVWY8","DetailPageURL":"https://www.amazon.es/dp/B09PTKVWY8?tag=topinalambricos-21&linkCode=osi&th=1&psc=1","Images":{"Primary":{"Small":{"Height":75,"URL":"https://m.media-amazon.com/images/I/21ddEcjI4ML._SL75_.jpg","Width":75}}},"ItemInfo":{"ByLineInfo":{"Brand":{"DisplayValue":"CALISTOUK","Label":"Brand","Locale":"es_ES"},"Manufacturer":{"DisplayValue":"CALISTOUK","Label":"Manufacturer","Locale":"es_ES"}},"Title":{"DisplayValue":"Carpeta de Anillas con 6 Agujeros, Funda blanda de PVC, Cuaderno, Carpeta Tipo Archivador con Anillas de Forma Redonda, Carpeta de PVC flexible transparente, Recargable para A5/A6/A7 hojas (A5)","Label":"Title","Locale":"es_ES"}},"Offers":{"Summaries":[{"Condition":{"Value":"New"},"LowestPrice":{"Amount":8.08,"Currency":"EUR","DisplayAmount":"8,08 €"}}]}},{"ASIN":"B09XGP6STD","DetailPageURL":"https://www.amazon.es/dp/B09XGP6STD?tag=topinalambricos-21&linkCode=osi&th=1&psc=1","Images":{"Primary":{"Small":{"Height":75,"URL":"https://m.media-amazon.com/images/I/41dIgQt6WcL._SL75_.jpg","Width":75}}},"ItemInfo":{"ByLineInfo":{"Brand":{"DisplayValue":"TOYESS","Label":"Brand","Locale":"es_ES"},"Manufacturer":{"DisplayValue":"TOYESS","Label":"Manufacturer","Locale":"es_ES"}},"Title":{"DisplayValue":"TOYESS 30Pcs Carpeta de Cuaderno A5, Archivadores Cuero de PU con 12 Bolsas Transparente, 12 Hojas de Presupuesto, Clasificador de Presupuesto para Guardar Tarjetas Fotos Facturas, Rosa","Label":"Title","Locale":"es_ES"}},"Offers":{"Summaries":[{"Condition":{"Value":"New"},"LowestPrice":{"Amount":12.89,"Currency":"EUR","DisplayAmount":"12,89 €"}}]}},{"ASIN":"B013UX8334","DetailPageURL":"https://www.amazon.es/dp/B013UX8334?tag=topinalambricos-21&linkCode=osi&th=1&psc=1","Images":{"Primary":{"Small":{"Height":56,"URL":"https://m.media-amazon.com/images/I/310cVrYz8VL._SL75_.jpg","Width":75}}},"ItemInfo":{"ByLineInfo":{"Brand":{"DisplayValue":"HF2","Label":"Brand","Locale":"es_ES"},"Manufacturer":{"DisplayValue":"Europel Business Products","Label":"Manufacturer","Locale":"es_ES"}},"Title":{"DisplayValue":"HF2 122461 - Carpeta de 4 anillas, 16mm, A4. Color: blanco transparente.","Label":"Title","Locale":"es_ES"}},"Offers":{"Summaries":[{"Condition":{"Value":"New"},"LowestPrice":{"Amount":6.66,"Currency":"EUR","DisplayAmount":"6,66 €"}}]}},{"ASIN":"B0CB5W72X3","DetailPageURL":"https://www.amazon.es/dp/B0CB5W72X3?tag=topinalambricos-21&linkCode=osi&th=1&psc=1","Images":{"Primary":{"Small":{"Height":75,"URL":"https://m.media-amazon.com/images/I/41QsbuzJlOL._SL75_.jpg","Width":75}}},"ItemInfo":{"ByLineInfo":{"Brand":{"DisplayValue":"Gfamous","Label":"Brand","Locale":"es_ES"},"Manufacturer":{"DisplayValue":"Gfamous","Label":"Manufacturer","Locale":"es_ES"}},"Title":{"DisplayValue":"Gfamous Carpeta transparente para cuadernos de 2 unidades, transparente, carpeta de anillas transparente, cubierta de anillas A5, resistente al agua y a la suciedad, para cuadernos, pinturas A5","Label":"Title","Locale":"es_ES"}},"Offers":{"Summaries":[{"Condition":{"Value":"New"},"LowestPrice":{"Amount":14.99,"Currency":"EUR","DisplayAmount":"14,99 €"}}]}},{"ASIN":"B00TTW5QQ8","DetailPageURL":"https://www.amazon.es/dp/B00TTW5QQ8?tag=topinalambricos-21&linkCode=osi&th=1&psc=1","Images":{"Primary":{"Small":{"Height":75,"URL":"https://m.media-amazon.com/images/I/21A+P2uaxQL._SL75_.jpg","Width":75}}},"ItemInfo":{"ByLineInfo":{"Brand":{"DisplayValue":"Exacompta","Label":"Brand","Locale":"es_ES"},"Manufacturer":{"DisplayValue":"Exacompta","Label":"Manufacturer","Locale":"es_ES"}},"Title":{"DisplayValue":"Exacompta 51264E Cartelle ad Anelli, 32x26 cm, Cristal","Label":"Title","Locale":"es_ES"}},"Offers":{"Summaries":[{"Condition":{"Value":"Used"},"LowestPrice":{"Amount":6.0,"Currency":"EUR","DisplayAmount":"6,00 €"}},{"Condition":{"Value":"New"},"LowestPrice":{"Amount":6.95,"Currency":"EUR","DisplayAmount":"6,95 €"}}]}},{"ASIN":"B004HG68T0","DetailPageURL":"https://www.amazon.es/dp/B004HG68T0?tag=topinalambricos-21&linkCode=osi&th=1&psc=1","Images":{"Primary":{"Small":{"Height":75,"URL":"https://m.media-amazon.com/images/I/41SDi3NYXpL._SL75_.jpg","Width":42}}},"ItemInfo":{"ByLineInfo":{"Brand":{"DisplayValue":"Exacompta","Label":"Brand","Locale":"es_ES"},"Contributors":[{"Locale":"es_ES","Name":"Exacompta","Role":"Autor","RoleType":"author"}],"Manufacturer":{"DisplayValue":"Exacompta","Label":"Manufacturer","Locale":"es_ES"}},"Title":{"DisplayValue":"Exacompta - ref. 51568E - 1 carpeta rígida de polipropileno personalizable con 1 bolsillo - 4 anillas redondas, diámetro 30 mm - Dimensiones externas: 32 x 26,8 cm - Formato de archivo A4 Maxi -","Label":"Title","Locale":"es_ES"}},"Offers":{"Summaries":[{"Condition":{"Value":"New"},"LowestPrice":{"Amount":7.05,"Currency":"EUR","DisplayAmount":"7,05 €"}}]}}],"SearchURL":"https://www.amazon.es/s?k=transparente&rh=n%3A4353061031%2Cp_n_availability%3A-1&tag=topinalambricos-21&linkCode=osi","TotalResultCount":966}},"135":{"SearchResult":{"Items":[{"ASIN":"B01D38N4W6","DetailPageURL":"https://www.amazon.es/dp/B01D38N4W6?tag=topinalambricos-21&linkCode=osi&th=1&psc=1","Images":{"Primary":{"Small":{"Height":75,"URL":"https://m.media-amazon.com/images/I/41-juahWb2L._SL75_.jpg","Width":75}}},"ItemInfo":{"ByLineInfo":{"Brand":{"DisplayValue":"Grafoplás","Label":"Brand","Locale":"es_ES"},"Manufacturer":{"DisplayValue":"Grafoplas del Noroeste,S.A.","Label":"Manufacturer","Locale":"es_ES"}},"Title":{"DisplayValue":"Grafoplás 30121000. Carpeta de Anillas, A4, con 6 Sobres de 11 Taladros Multicolor/Transparente, Cierre de Goma","Label":"Title","Locale":"es_ES"}},"Offers":{"Summaries":[{"Condition":{"Value":"New"},"LowestPrice":{"Amount":9.52,"Currency":"EUR","DisplayAmount":"9,52 €"}}]}},{"ASIN":"B08RZ82PV5","DetailPageURL":"https://www.amazon.es/dp/B08RZ82PV5?tag=topinalambricos-21&linkCode=osi&th=1&psc=1","Images":{"Primary":{"Small":{"Height":75,"URL":"https://m.media-amazon.com/images/I/41QwGs8+oKL._SL75_.jpg","Width":75}}},"ItemInfo":{"ByLineInfo":{"Brand":{"DisplayValue":"Rapesco","Label":"Brand","Locale":"es_ES"},"Manufacturer":{"DisplayValue":"RAPESCO","Label":"Manufacturer","Locale":"es_ES"}},"Title":{"DisplayValue":"Rapesco 1630 Sobre Portafolios para Carpetas de Anillas, A4, Colores Transparentes Surtidos, Paquete de 5","Label":"Title","Locale":"es_ES"}},"Offers":{"Summaries":[{"Condition":{"Value":"New"},"LowestPrice":{"Amount":7.58,"Currency":"EUR","DisplayAmount":"7,58 € (1,52 € / unidad)","PricePerUnit":1.52}}]}},{"ASIN":"B001IVOW7C","DetailPageURL":"https://www.amazon.es/dp/B001IVOW7C?tag=topinalambricos-21&linkCode=osi&th=1&psc=1","Images":{"Primary":{"Small":{"Height":75,"URL":"https://m.media-amazon.com/images/I/313ZVnRCR7L._SL75_.jpg","Width":41}}},"ItemInfo":{"ByLineInfo":{"Brand":{"DisplayValue":"Oxford","Label":"Brand","Locale":"es_ES"},"Manufacturer":{"DisplayValue":"Hamelin Brands","Label":"Manufacturer","Locale":"es_ES"}},"Title":{"DisplayValue":"Oxford - Archivador 4 anillas Tapas de plástico personalizables, A4, Color transparente","Label":"Title","Locale":"es_ES"}},"Offers":{"Summaries":[{"Condition":{"Value":"New"},"LowestPrice":{"Amount":5.79,"Currency":"EUR","DisplayAmount":"5,79 €"}}]}},{"ASIN":"B09YHZGN5S","DetailPageURL":"https://www.amazon.es/dp/B09YHZGN5S?tag=topinalambricos-21&linkCode=osi&th=1&psc=1","Images":{"Primary":{"Small":{"Height":75,"URL":"https://m.media-amazon.com/images/I/51lkxdPCgLL._SL75_.jpg","Width":75}}},"ItemInfo":{"ByLineInfo":{"Brand":{"DisplayValue":"MARICATO","Label":"Brand","Locale":"es_ES"},"Manufacturer":{"DisplayValue":"TO","Label":"Manufacturer","Locale":"es_ES"}},"Title":{"DisplayValue":"Carpeta de Presupuesto A6, MARICATO 29Piezas Carpeta de Cuaderno 6 Anillas de PU, con Bolsas de Transparente con Cremallera, Hojas de Presupuesto, Pegatinas, Indice de Clasificación, Regla, Rosa","Label":"Title","Locale":"es_ES"}},"Offers":{"Summaries":[{"Condition":{"Value":"New"},"LowestPrice":{"Amount":11.99,"Currency":"EUR","DisplayAmount":"11,99 € (35,26 € / kg)","PricePerUnit":35.26}}]}},{"ASIN":"B09PTKVWY8","DetailPageURL":"https://www.amazon.es/dp/B09PTKVWY8?tag=topinalambricos-21&linkCode=osi&th=1&psc=1","Images":{"Primary":{"Small":{"Height":75,"URL":"https://m.media-amazon.com/images/I/21ddEcjI4ML._SL75_.jpg","Width":75}}},"ItemInfo":{"ByLineInfo":{"Brand":{"DisplayValue":"CALISTOUK","Label":"Brand","Locale":"es_ES"},"Manufacturer":{"DisplayValue":"CALISTOUK","Label":"Manufacturer","Locale":"es_ES"}},"Title":{"DisplayValue":"Carpeta de Anillas con 6 Agujeros, Funda blanda de PVC, Cuaderno, Carpeta Tipo Archivador con Anillas de Forma Redonda, Carpeta de PVC flexible transparente, Recargable para A5/A6/A7 hojas (A5)","Label":"Title","Locale":"es_ES"}},"Offers":{"Summaries":[{"Condition":{"Value":"New"},"LowestPrice":{"Amount":8.08,"Currency":"EUR","DisplayAmount":"8,08 €"}}]}},{"ASIN":"B09XGP6STD","DetailPageURL":"https://www.amazon.es/dp/B09XGP6STD?tag=topinalambricos-21&linkCode=osi&th=1&psc=1","Images":{"Primary":{"Small":{"Height":75,"URL":"https://m.media-amazon.com/images/I/41dIgQt6WcL._SL75_.jpg","Width":75}}},"ItemInfo":{"ByLineInfo":{"Brand":{"DisplayValue":"TOYESS","Label":"Brand","Locale":"es_ES"},"Manufacturer":{"DisplayValue":"TOYESS","Label":"Manufacturer","Locale":"es_ES"}},"Title":{"DisplayValue":"TOYESS 30Pcs Carpeta de Cuaderno A5, Archivadores Cuero de PU con 12 Bolsas Transparente, 12 Hojas de Presupuesto, Clasificador de Presupuesto para Guardar Tarjetas Fotos Facturas, Rosa","Label":"Title","Locale":"es_ES"}},"Offers":{"Summaries":[{"Condition":{"Value":"New"},"LowestPrice":{"Amount":12.89,"Currency":"EUR","DisplayAmount":"12,89 €"}}]}},{"ASIN":"B013UX8334","DetailPageURL":"https://www.amazon.es/dp/B013UX8334?tag=topinalambricos-21&linkCode=osi&th=1&psc=1","Images":{"Primary":{"Small":{"Height":56,"URL":"https://m.media-amazon.com/images/I/310cVrYz8VL._SL75_.jpg","Width":75}}},"ItemInfo":{"ByLineInfo":{"Brand":{"DisplayValue":"HF2","Label":"Brand","Locale":"es_ES"},"Manufacturer":{"DisplayValue":"Europel Business Products","Label":"Manufacturer","Locale":"es_ES"}},"Title":{"DisplayValue":"HF2 122461 - Carpeta de 4 anillas, 16mm, A4. Color: blanco transparente.","Label":"Title","Locale":"es_ES"}},"Offers":{"Summaries":[{"Condition":{"Value":"New"},"LowestPrice":{"Amount":6.66,"Currency":"EUR","DisplayAmount":"6,66 €"}}]}},{"ASIN":"B0CB5W72X3","DetailPageURL":"https://www.amazon.es/dp/B0CB5W72X3?tag=topinalambricos-21&linkCode=osi&th=1&psc=1","Images":{"Primary":{"Small":{"Height":75,"URL":"https://m.media-amazon.com/images/I/41QsbuzJlOL._SL75_.jpg","Width":75}}},"ItemInfo":{"ByLineInfo":{"Brand":{"DisplayValue":"Gfamous","Label":"Brand","Locale":"es_ES"},"Manufacturer":{"DisplayValue":"Gfamous","Label":"Manufacturer","Locale":"es_ES"}},"Title":{"DisplayValue":"Gfamous Carpeta transparente para cuadernos de 2 unidades, transparente, carpeta de anillas transparente, cubierta de anillas A5, resistente al agua y a la suciedad, para cuadernos, pinturas A5","Label":"Title","Locale":"es_ES"}},"Offers":{"Summaries":[{"Condition":{"Value":"New"},"LowestPrice":{"Amount":14.99,"Currency":"EUR","DisplayAmount":"14,99 €"}}]}},{"ASIN":"B00TTW5QQ8","DetailPageURL":"https://www.amazon.es/dp/B00TTW5QQ8?tag=topinalambricos-21&linkCode=osi&th=1&psc=1","Images":{"Primary":{"Small":{"Height":75,"URL":"https://m.media-amazon.com/images/I/21A+P2uaxQL._SL75_.jpg","Width":75}}},"ItemInfo":{"ByLineInfo":{"Brand":{"DisplayValue":"Exacompta","Label":"Brand","Locale":"es_ES"},"Manufacturer":{"DisplayValue":"Exacompta","Label":"Manufacturer","Locale":"es_ES"}},"Title":{"DisplayValue":"Exacompta 51264E Cartelle ad Anelli, 32x26 cm, Cristal","Label":"Title","Locale":"es_ES"}},"Offers":{"Summaries":[{"Condition":{"Value":"Used"},"LowestPrice":{"Amount":6.0,"Currency":"EUR","DisplayAmount":"6,00 €"}},{"Condition":{"Value":"New"},"LowestPrice":{"Amount":6.95,"Currency":"EUR","DisplayAmount":"6,95 €"}}]}},{"ASIN":"B004HG68T0","DetailPageURL":"https://www.amazon.es/dp/B004HG68T0?tag=topinalambricos-21&linkCode=osi&th=1&psc=1","Images":{"Primary":{"Small":{"Height":75,"URL":"https://m.media-amazon.com/images/I/41SDi3NYXpL._SL75_.jpg","Width":42}}},"ItemInfo":{"ByLineInfo":{"Brand":{"DisplayValue":"Exacompta","Label":"Brand","Locale":"es_ES"},"Contributors":[{"Locale":"es_ES","Name":"Exacompta","Role":"Autor","RoleType":"author"}],"Manufacturer":{"DisplayValue":"Exacompta","Label":"Manufacturer","Locale":"es_ES"}},"Title":{"DisplayValue":"Exacompta - ref. 51568E - 1 carpeta rígida de polipropileno personalizable con 1 bolsillo - 4 anillas redondas, diámetro 30 mm - Dimensiones externas: 32 x 26,8 cm - Formato de archivo A4 Maxi -","Label":"Title","Locale":"es_ES"}},"Offers":{"Summaries":[{"Condition":{"Value":"New"},"LowestPrice":{"Amount":7.05,"Currency":"EUR","DisplayAmount":"7,05 €"}}]}}],"SearchURL":"https://www.amazon.es/s?k=transparente&rh=n%3A4353061031%2Cp_n_availability%3A-1&tag=topinalambricos-21&linkCode=osi","TotalResultCount":966}},"136":{"SearchResult":{"Items":[{"ASIN":"B01D38N4W6","DetailPageURL":"https://www.amazon.es/dp/B01D38N4W6?tag=topinalambricos-21&linkCode=osi&th=1&psc=1","Images":{"Primary":{"Small":{"Height":75,"URL":"https://m.media-amazon.com/images/I/41-juahWb2L._SL75_.jpg","Width":75}}},"ItemInfo":{"ByLineInfo":{"Brand":{"DisplayValue":"Grafoplás","Label":"Brand","Locale":"es_ES"},"Manufacturer":{"DisplayValue":"Grafoplas del Noroeste,S.A.","Label":"Manufacturer","Locale":"es_ES"}},"Title":{"DisplayValue":"Grafoplás 30121000. Carpeta de Anillas, A4, con 6 Sobres de 11 Taladros Multicolor/Transparente, Cierre de Goma","Label":"Title","Locale":"es_ES"}},"Offers":{"Summaries":[{"Condition":{"Value":"New"},"LowestPrice":{"Amount":9.52,"Currency":"EUR","DisplayAmount":"9,52 €"}}]}},{"ASIN":"B08RZ82PV5","DetailPageURL":"https://www.amazon.es/dp/B08RZ82PV5?tag=topinalambricos-21&linkCode=osi&th=1&psc=1","Images":{"Primary":{"Small":{"Height":75,"URL":"https://m.media-amazon.com/images/I/41QwGs8+oKL._SL75_.jpg","Width":75}}},"ItemInfo":{"ByLineInfo":{"Brand":{"DisplayValue":"Rapesco","Label":"Brand","Locale":"es_ES"},"Manufacturer":{"DisplayValue":"RAPESCO","Label":"Manufacturer","Locale":"es_ES"}},"Title":{"DisplayValue":"Rapesco 1630 Sobre Portafolios para Carpetas de Anillas, A4, Colores Transparentes Surtidos, Paquete de 5","Label":"Title","Locale":"es_ES"}},"Offers":{"Summaries":[{"Condition":{"Value":"New"},"LowestPrice":{"Amount":7.58,"Currency":"EUR","DisplayAmount":"7,58 € (1,52 € / unidad)","PricePerUnit":1.52}}]}},{"ASIN":"B001IVOW7C","DetailPageURL":"https://www.amazon.es/dp/B001IVOW7C?tag=topinalambricos-21&linkCode=osi&th=1&psc=1","Images":{"Primary":{"Small":{"Height":75,"URL":"https://m.media-amazon.com/images/I/313ZVnRCR7L._SL75_.jpg","Width":41}}},"ItemInfo":{"ByLineInfo":{"Brand":{"DisplayValue":"Oxford","Label":"Brand","Locale":"es_ES"},"Manufacturer":{"DisplayValue":"Hamelin Brands","Label":"Manufacturer","Locale":"es_ES"}},"Title":{"DisplayValue":"Oxford - Archivador 4 anillas Tapas de plástico personalizables, A4, Color transparente","Label":"Title","Locale":"es_ES"}},"Offers":{"Summaries":[{"Condition":{"Value":"New"},"LowestPrice":{"Amount":5.79,"Currency":"EUR","DisplayAmount":"5,79 €"}}]}},{"ASIN":"B09YHZGN5S","DetailPageURL":"https://www.amazon.es/dp/B09YHZGN5S?tag=topinalambricos-21&linkCode=osi&th=1&psc=1","Images":{"Primary":{"Small":{"Height":75,"URL":"https://m.media-amazon.com/images/I/51lkxdPCgLL._SL75_.jpg","Width":75}}},"ItemInfo":{"ByLineInfo":{"Brand":{"DisplayValue":"MARICATO","Label":"Brand","Locale":"es_ES"},"Manufacturer":{"DisplayValue":"TO","Label":"Manufacturer","Locale":"es_ES"}},"Title":{"DisplayValue":"Carpeta de Presupuesto A6, MARICATO 29Piezas Carpeta de Cuaderno 6 Anillas de PU, con Bolsas de Transparente con Cremallera, Hojas de Presupuesto, Pegatinas, Indice de Clasificación, Regla, Rosa","Label":"Title","Locale":"es_ES"}},"Offers":{"Summaries":[{"Condition":{"Value":"New"},"LowestPrice":{"Amount":11.99,"Currency":"EUR","DisplayAmount":"11,99 € (35,26 € / kg)","PricePerUnit":35.26}}]}},{"ASIN":"B09PTKVWY8","DetailPageURL":"https://www.amazon.es/dp/B09PTKVWY8?tag=topinalambricos-21&linkCode=osi&th=1&psc=1","Images":{"Primary":{"Small":{"Height":75,"URL":"https://m.media-amazon.com/images/I/21ddEcjI4ML._SL75_.jpg","Width":75}}},"ItemInfo":{"ByLineInfo":{"Brand":{"DisplayValue":"CALISTOUK","Label":"Brand","Locale":"es_ES"},"Manufacturer":{"DisplayValue":"CALISTOUK","Label":"Manufacturer","Locale":"es_ES"}},"Title":{"DisplayValue":"Carpeta de Anillas con 6 Agujeros, Funda blanda de PVC, Cuaderno, Carpeta Tipo Archivador con Anillas de Forma Redonda, Carpeta de PVC flexible transparente, Recargable para A5/A6/A7 hojas (A5)","Label":"Title","Locale":"es_ES"}},"Offers":{"Summaries":[{"Condition":{"Value":"New"},"LowestPrice":{"Amount":8.08,"Currency":"EUR","DisplayAmount":"8,08 €"}}]}},{"ASIN":"B09XGP6STD","DetailPageURL":"https://www.amazon.es/dp/B09XGP6STD?tag=topinalambricos-21&linkCode=osi&th=1&psc=1","Images":{"Primary":{"Small":{"Height":75,"URL":"https://m.media-amazon.com/images/I/41dIgQt6WcL._SL75_.jpg","Width":75}}},"ItemInfo":{"ByLineInfo":{"Brand":{"DisplayValue":"TOYESS","Label":"Brand","Locale":"es_ES"},"Manufacturer":{"DisplayValue":"TOYESS","Label":"Manufacturer","Locale":"es_ES"}},"Title":{"DisplayValue":"TOYESS 30Pcs Carpeta de Cuaderno A5, Archivadores Cuero de PU con 12 Bolsas Transparente, 12 Hojas de Presupuesto, Clasificador de Presupuesto para Guardar Tarjetas Fotos Facturas, Rosa","Label":"Title","Locale":"es_ES"}},"Offers":{"Summaries":[{"Condition":{"Value":"New"},"LowestPrice":{"Amount":12.89,"Currency":"EUR","DisplayAmount":"12,89 €"}}]}},{"ASIN":"B013UX8334","DetailPageURL":"https://www.amazon.es/dp/B013UX8334?tag=topinalambricos-21&linkCode=osi&th=1&psc=1","Images":{"Primary":{"Small":{"Height":56,"URL":"https://m.media-amazon.com/images/I/310cVrYz8VL._SL75_.jpg","Width":75}}},"ItemInfo":{"ByLineInfo":{"Brand":{"DisplayValue":"HF2","Label":"Brand","Locale":"es_ES"},"Manufacturer":{"DisplayValue":"Europel Business Products","Label":"Manufacturer","Locale":"es_ES"}},"Title":{"DisplayValue":"HF2 122461 - Carpeta de 4 anillas, 16mm, A4. Color: blanco transparente.","Label":"Title","Locale":"es_ES"}},"Offers":{"Summaries":[{"Condition":{"Value":"New"},"LowestPrice":{"Amount":6.66,"Currency":"EUR","DisplayAmount":"6,66 €"}}]}},{"ASIN":"B0CB5W72X3","DetailPageURL":"https://www.amazon.es/dp/B0CB5W72X3?tag=topinalambricos-21&linkCode=osi&th=1&psc=1","Images":{"Primary":{"Small":{"Height":75,"URL":"https://m.media-amazon.com/images/I/41QsbuzJlOL._SL75_.jpg","Width":75}}},"ItemInfo":{"ByLineInfo":{"Brand":{"DisplayValue":"Gfamous","Label":"Brand","Locale":"es_ES"},"Manufacturer":{"DisplayValue":"Gfamous","Label":"Manufacturer","Locale":"es_ES"}},"Title":{"DisplayValue":"Gfamous Carpeta transparente para cuadernos de 2 unidades, transparente, carpeta de anillas transparente, cubierta de anillas A5, resistente al agua y a la suciedad, para cuadernos, pinturas A5","Label":"Title","Locale":"es_ES"}},"Offers":{"Summaries":[{"Condition":{"Value":"New"},"LowestPrice":{"Amount":14.99,"Currency":"EUR","DisplayAmount":"14,99 €"}}]}},{"ASIN":"B00TTW5QQ8","DetailPageURL":"https://www.amazon.es/dp/B00TTW5QQ8?tag=topinalambricos-21&linkCode=osi&th=1&psc=1","Images":{"Primary":{"Small":{"Height":75,"URL":"https://m.media-amazon.com/images/I/21A+P2uaxQL._SL75_.jpg","Width":75}}},"ItemInfo":{"ByLineInfo":{"Brand":{"DisplayValue":"Exacompta","Label":"Brand","Locale":"es_ES"},"Manufacturer":{"DisplayValue":"Exacompta","Label":"Manufacturer","Locale":"es_ES"}},"Title":{"DisplayValue":"Exacompta 51264E Cartelle ad Anelli, 32x26 cm, Cristal","Label":"Title","Locale":"es_ES"}},"Offers":{"Summaries":[{"Condition":{"Value":"Used"},"LowestPrice":{"Amount":6.0,"Currency":"EUR","DisplayAmount":"6,00 €"}},{"Condition":{"Value":"New"},"LowestPrice":{"Amount":6.95,"Currency":"EUR","DisplayAmount":"6,95 €"}}]}},{"ASIN":"B004HG68T0","DetailPageURL":"https://www.amazon.es/dp/B004HG68T0?tag=topinalambricos-21&linkCode=osi&th=1&psc=1","Images":{"Primary":{"Small":{"Height":75,"URL":"https://m.media-amazon.com/images/I/41SDi3NYXpL._SL75_.jpg","Width":42}}},"ItemInfo":{"ByLineInfo":{"Brand":{"DisplayValue":"Exacompta","Label":"Brand","Locale":"es_ES"},"Contributors":[{"Locale":"es_ES","Name":"Exacompta","Role":"Autor","RoleType":"author"}],"Manufacturer":{"DisplayValue":"Exacompta","Label":"Manufacturer","Locale":"es_ES"}},"Title":{"DisplayValue":"Exacompta - ref. 51568E - 1 carpeta rígida de polipropileno personalizable con 1 bolsillo - 4 anillas redondas, diámetro 30 mm - Dimensiones externas: 32 x 26,8 cm - Formato de archivo A4 Maxi -","Label":"Title","Locale":"es_ES"}},"Offers":{"Summaries":[{"Condition":{"Value":"New"},"LowestPrice":{"Amount":7.05,"Currency":"EUR","DisplayAmount":"7,05 €"}}]}}],"SearchURL":"https://www.amazon.es/s?k=transparente&rh=n%3A4353061031%2Cp_n_availability%3A-1&tag=topinalambricos-21&linkCode=osi","TotalResultCount":966}},"137":{"SearchResult":{"Items":[{"ASIN":"B01D38N4W6","DetailPageURL":"https://www.amazon.es/dp/B01D38N4W6?tag=topinalambricos-21&linkCode=osi&th=1&psc=1","Images":{"Primary":{"Small":{"Height":75,"URL":"https://m.media-amazon.com/images/I/41-juahWb2L._SL75_.jpg","Width":75}}},"ItemInfo":{"ByLineInfo":{"Brand":{"DisplayValue":"Grafoplás","Label":"Brand","Locale":"es_ES"},"Manufacturer":{"DisplayValue":"Grafoplas del Noroeste,S.A.","Label":"Manufacturer","Locale":"es_ES"}},"Title":{"DisplayValue":"Grafoplás 30121000. Carpeta de Anillas, A4, con 6 Sobres de 11 Taladros Multicolor/Transparente, Cierre de Goma","Label":"Title","Locale":"es_ES"}},"Offers":{"Summaries":[{"Condition":{"Value":"New"},"LowestPrice":{"Amount":9.52,"Currency":"EUR","DisplayAmount":"9,52 €"}}]}},{"ASIN":"B08RZ82PV5","DetailPageURL":"https://www.amazon.es/dp/B08RZ82PV5?tag=topinalambricos-21&linkCode=osi&th=1&psc=1","Images":{"Primary":{"Small":{"Height":75,"URL":"https://m.media-amazon.com/images/I/41QwGs8+oKL._SL75_.jpg","Width":75}}},"ItemInfo":{"ByLineInfo":{"Brand":{"DisplayValue":"Rapesco","Label":"Brand","Locale":"es_ES"},"Manufacturer":{"DisplayValue":"RAPESCO","Label":"Manufacturer","Locale":"es_ES"}},"Title":{"DisplayValue":"Rapesco 1630 Sobre Portafolios para Carpetas de Anillas, A4, Colores Transparentes Surtidos, Paquete de 5","Label":"Title","Locale":"es_ES"}},"Offers":{"Summaries":[{"Condition":{"Value":"New"},"LowestPrice":{"Amount":7.58,"Currency":"EUR","DisplayAmount":"7,58 € (1,52 € / unidad)","PricePerUnit":1.52}}]}},{"ASIN":"B001IVOW7C","DetailPageURL":"https://www.amazon.es/dp/B001IVOW7C?tag=topinalambricos-21&linkCode=osi&th=1&psc=1","Images":{"Primary":{"Small":{"Height":75,"URL":"https://m.media-amazon.com/images/I/313ZVnRCR7L._SL75_.jpg","Width":41}}},"ItemInfo":{"ByLineInfo":{"Brand":{"DisplayValue":"Oxford","Label":"Brand","Locale":"es_ES"},"Manufacturer":{"DisplayValue":"Hamelin Brands","Label":"Manufacturer","Locale":"es_ES"}},"Title":{"DisplayValue":"Oxford - Archivador 4 anillas Tapas de plástico personalizables, A4, Color transparente","Label":"Title","Locale":"es_ES"}},"Offers":{"Summaries":[{"Condition":{"Value":"New"},"LowestPrice":{"Amount":5.79,"Currency":"EUR","DisplayAmount":"5,79 €"}}]}},{"ASIN":"B09YHZGN5S","DetailPageURL":"https://www.amazon.es/dp/B09YHZGN5S?tag=topinalambricos-21&linkCode=osi&th=1&psc=1","Images":{"Primary":{"Small":{"Height":75,"URL":"https://m.media-amazon.com/images/I/51lkxdPCgLL._SL75_.jpg","Width":75}}},"ItemInfo":{"ByLineInfo":{"Brand":{"DisplayValue":"MARICATO","Label":"Brand","Locale":"es_ES"},"Manufacturer":{"DisplayValue":"TO","Label":"Manufacturer","Locale":"es_ES"}},"Title":{"DisplayValue":"Carpeta de Presupuesto A6, MARICATO 29Piezas Carpeta de Cuaderno 6 Anillas de PU, con Bolsas de Transparente con Cremallera, Hojas de Presupuesto, Pegatinas, Indice de Clasificación, Regla, Rosa","Label":"Title","Locale":"es_ES"}},"Offers":{"Summaries":[{"Condition":{"Value":"New"},"LowestPrice":{"Amount":11.99,"Currency":"EUR","DisplayAmount":"11,99 € (35,26 € / kg)","PricePerUnit":35.26}}]}},{"ASIN":"B09PTKVWY8","DetailPageURL":"https://www.amazon.es/dp/B09PTKVWY8?tag=topinalambricos-21&linkCode=osi&th=1&psc=1","Images":{"Primary":{"Small":{"Height":75,"URL":"https://m.media-amazon.com/images/I/21ddEcjI4ML._SL75_.jpg","Width":75}}},"ItemInfo":{"ByLineInfo":{"Brand":{"DisplayValue":"CALISTOUK","Label":"Brand","Locale":"es_ES"},"Manufacturer":{"DisplayValue":"CALISTOUK","Label":"Manufacturer","Locale":"es_ES"}},"Title":{"DisplayValue":"Carpeta de Anillas con 6 Agujeros, Funda blanda de PVC, Cuaderno, Carpeta Tipo Archivador con Anillas de Forma Redonda, Carpeta de PVC flexible transparente, Recargable para A5/A6/A7 hojas (A5)","Label":"Title","Locale":"es_ES"}},"Offers":{"Summaries":[{"Condition":{"Value":"New"},"LowestPrice":{"Amount":8.08,"Currency":"EUR","DisplayAmount":"8,08 €"}}]}},{"ASIN":"B09XGP6STD","DetailPageURL":"https://www.amazon.es/dp/B09XGP6STD?tag=topinalambricos-21&linkCode=osi&th=1&psc=1","Images":{"Primary":{"Small":{"Height":75,"URL":"https://m.media-amazon.com/images/I/41dIgQt6WcL._SL75_.jpg","Width":75}}},"ItemInfo":{"ByLineInfo":{"Brand":{"DisplayValue":"TOYESS","Label":"Brand","Locale":"es_ES"},"Manufacturer":{"DisplayValue":"TOYESS","Label":"Manufacturer","Locale":"es_ES"}},"Title":{"DisplayValue":"TOYESS 30Pcs Carpeta de Cuaderno A5, Archivadores Cuero de PU con 12 Bolsas Transparente, 12 Hojas de Presupuesto, Clasificador de Presupuesto para Guardar Tarjetas Fotos Facturas, Rosa","Label":"Title","Locale":"es_ES"}},"Offers":{"Summaries":[{"Condition":{"Value":"New"},"LowestPrice":{"Amount":12.89,"Currency":"EUR","DisplayAmount":"12,89 €"}}]}},{"ASIN":"B013UX8334","DetailPageURL":"https://www.amazon.es/dp/B013UX8334?tag=topinalambricos-21&linkCode=osi&th=1&psc=1","Images":{"Primary":{"Small":{"Height":56,"URL":"https://m.media-amazon.com/images/I/310cVrYz8VL._SL75_.jpg","Width":75}}},"ItemInfo":{"ByLineInfo":{"Brand":{"DisplayValue":"HF2","Label":"Brand","Locale":"es_ES"},"Manufacturer":{"DisplayValue":"Europel Business Products","Label":"Manufacturer","Locale":"es_ES"}},"Title":{"DisplayValue":"HF2 122461 - Carpeta de 4 anillas, 16mm, A4. Color: blanco transparente.","Label":"Title","Locale":"es_ES"}},"Offers":{"Summaries":[{"Condition":{"Value":"New"},"LowestPrice":{"Amount":6.66,"Currency":"EUR","DisplayAmount":"6,66 €"}}]}},{"ASIN":"B0CB5W72X3","DetailPageURL":"https://www.amazon.es/dp/B0CB5W72X3?tag=topinalambricos-21&linkCode=osi&th=1&psc=1","Images":{"Primary":{"Small":{"Height":75,"URL":"https://m.media-amazon.com/images/I/41QsbuzJlOL._SL75_.jpg","Width":75}}},"ItemInfo":{"ByLineInfo":{"Brand":{"DisplayValue":"Gfamous","Label":"Brand","Locale":"es_ES"},"Manufacturer":{"DisplayValue":"Gfamous","Label":"Manufacturer","Locale":"es_ES"}},"Title":{"DisplayValue":"Gfamous Carpeta transparente para cuadernos de 2 unidades, transparente, carpeta de anillas transparente, cubierta de anillas A5, resistente al agua y a la suciedad, para cuadernos, pinturas A5","Label":"Title","Locale":"es_ES"}},"Offers":{"Summaries":[{"Condition":{"Value":"New"},"LowestPrice":{"Amount":14.99,"Currency":"EUR","DisplayAmount":"14,99 €"}}]}},{"ASIN":"B00TTW5QQ8","DetailPageURL":"https://www.amazon.es/dp/B00TTW5QQ8?tag=topinalambricos-21&linkCode=osi&th=1&psc=1","Images":{"Primary":{"Small":{"Height":75,"URL":"https://m.media-amazon.com/images/I/21A+P2uaxQL._SL75_.jpg","Width":75}}},"ItemInfo":{"ByLineInfo":{"Brand":{"DisplayValue":"Exacompta","Label":"Brand","Locale":"es_ES"},"Manufacturer":{"DisplayValue":"Exacompta","Label":"Manufacturer","Locale":"es_ES"}},"Title":{"DisplayValue":"Exacompta 51264E Cartelle ad Anelli, 32x26 cm, Cristal","Label":"Title","Locale":"es_ES"}},"Offers":{"Summaries":[{"Condition":{"Value":"Used"},"LowestPrice":{"Amount":6.0,"Currency":"EUR","DisplayAmount":"6,00 €"}},{"Condition":{"Value":"New"},"LowestPrice":{"Amount":6.95,"Currency":"EUR","DisplayAmount":"6,95 €"}}]}},{"ASIN":"B004HG68T0","DetailPageURL":"https://www.amazon.es/dp/B004HG68T0?tag=topinalambricos-21&linkCode=osi&th=1&psc=1","Images":{"Primary":{"Small":{"Height":75,"URL":"https://m.media-amazon.com/images/I/41SDi3NYXpL._SL75_.jpg","Width":42}}},"ItemInfo":{"ByLineInfo":{"Brand":{"DisplayValue":"Exacompta","Label":"Brand","Locale":"es_ES"},"Contributors":[{"Locale":"es_ES","Name":"Exacompta","Role":"Autor","RoleType":"author"}],"Manufacturer":{"DisplayValue":"Exacompta","Label":"Manufacturer","Locale":"es_ES"}},"Title":{"DisplayValue":"Exacompta - ref. 51568E - 1 carpeta rígida de polipropileno personalizable con 1 bolsillo - 4 anillas redondas, diámetro 30 mm - Dimensiones externas: 32 x 26,8 cm - Formato de archivo A4 Maxi -","Label":"Title","Locale":"es_ES"}},"Offers":{"Summaries":[{"Condition":{"Value":"New"},"LowestPrice":{"Amount":7.05,"Currency":"EUR","DisplayAmount":"7,05 €"}}]}}],"SearchURL":"https://www.amazon.es/s?k=transparente&rh=n%3A4353061031%2Cp_n_availability%3A-1&tag=topinalambricos-21&linkCode=osi","TotalResultCount":966}},"139":{"SearchResult":{"Items":[{"ASIN":"B01D38N4W6","DetailPageURL":"https://www.amazon.es/dp/B01D38N4W6?tag=topinalambricos-21&linkCode=osi&th=1&psc=1","Images":{"Primary":{"Small":{"Height":75,"URL":"https://m.media-amazon.com/images/I/41-juahWb2L._SL75_.jpg","Width":75}}},"ItemInfo":{"ByLineInfo":{"Brand":{"DisplayValue":"Grafoplás","Label":"Brand","Locale":"es_ES"},"Manufacturer":{"DisplayValue":"Grafoplas del Noroeste,S.A.","Label":"Manufacturer","Locale":"es_ES"}},"Title":{"DisplayValue":"Grafoplás 30121000. Carpeta de Anillas, A4, con 6 Sobres de 11 Taladros Multicolor/Transparente, Cierre de Goma","Label":"Title","Locale":"es_ES"}},"Offers":{"Summaries":[{"Condition":{"Value":"New"},"LowestPrice":{"Amount":9.52,"Currency":"EUR","DisplayAmount":"9,52 €"}}]}},{"ASIN":"B08RZ82PV5","DetailPageURL":"https://www.amazon.es/dp/B08RZ82PV5?tag=topinalambricos-21&linkCode=osi&th=1&psc=1","Images":{"Primary":{"Small":{"Height":75,"URL":"https://m.media-amazon.com/images/I/41QwGs8+oKL._SL75_.jpg","Width":75}}},"ItemInfo":{"ByLineInfo":{"Brand":{"DisplayValue":"Rapesco","Label":"Brand","Locale":"es_ES"},"Manufacturer":{"DisplayValue":"RAPESCO","Label":"Manufacturer","Locale":"es_ES"}},"Title":{"DisplayValue":"Rapesco 1630 Sobre Portafolios para Carpetas de Anillas, A4, Colores Transparentes Surtidos, Paquete de 5","Label":"Title","Locale":"es_ES"}},"Offers":{"Summaries":[{"Condition":{"Value":"New"},"LowestPrice":{"Amount":7.58,"Currency":"EUR","DisplayAmount":"7,58 € (1,52 € / unidad)","PricePerUnit":1.52}}]}},{"ASIN":"B001IVOW7C","DetailPageURL":"https://www.amazon.es/dp/B001IVOW7C?tag=topinalambricos-21&linkCode=osi&th=1&psc=1","Images":{"Primary":{"Small":{"Height":75,"URL":"https://m.media-amazon.com/images/I/313ZVnRCR7L._SL75_.jpg","Width":41}}},"ItemInfo":{"ByLineInfo":{"Brand":{"DisplayValue":"Oxford","Label":"Brand","Locale":"es_ES"},"Manufacturer":{"DisplayValue":"Hamelin Brands","Label":"Manufacturer","Locale":"es_ES"}},"Title":{"DisplayValue":"Oxford - Archivador 4 anillas Tapas de plástico personalizables, A4, Color transparente","Label":"Title","Locale":"es_ES"}},"Offers":{"Summaries":[{"Condition":{"Value":"New"},"LowestPrice":{"Amount":5.79,"Currency":"EUR","DisplayAmount":"5,79 €"}}]}},{"ASIN":"B09YHZGN5S","DetailPageURL":"https://www.amazon.es/dp/B09YHZGN5S?tag=topinalambricos-21&linkCode=osi&th=1&psc=1","Images":{"Primary":{"Small":{"Height":75,"URL":"https://m.media-amazon.com/images/I/51lkxdPCgLL._SL75_.jpg","Width":75}}},"ItemInfo":{"ByLineInfo":{"Brand":{"DisplayValue":"MARICATO","Label":"Brand","Locale":"es_ES"},"Manufacturer":{"DisplayValue":"TO","Label":"Manufacturer","Locale":"es_ES"}},"Title":{"DisplayValue":"Carpeta de Presupuesto A6, MARICATO 29Piezas Carpeta de Cuaderno 6 Anillas de PU, con Bolsas de Transparente con Cremallera, Hojas de Presupuesto, Pegatinas, Indice de Clasificación, Regla, Rosa","Label":"Title","Locale":"es_ES"}},"Offers":{"Summaries":[{"Condition":{"Value":"New"},"LowestPrice":{"Amount":11.99,"Currency":"EUR","DisplayAmount":"11,99 € (35,26 € / kg)","PricePerUnit":35.26}}]}},{"ASIN":"B09PTKVWY8","DetailPageURL":"https://www.amazon.es/dp/B09PTKVWY8?tag=topinalambricos-21&linkCode=osi&th=1&psc=1","Images":{"Primary":{"Small":{"Height":75,"URL":"https://m.media-amazon.com/images/I/21ddEcjI4ML._SL75_.jpg","Width":75}}},"ItemInfo":{"ByLineInfo":{"Brand":{"DisplayValue":"CALISTOUK","Label":"Brand","Locale":"es_ES"},"Manufacturer":{"DisplayValue":"CALISTOUK","Label":"Manufacturer","Locale":"es_ES"}},"Title":{"DisplayValue":"Carpeta de Anillas con 6 Agujeros, Funda blanda de PVC, Cuaderno, Carpeta Tipo Archivador con Anillas de Forma Redonda, Carpeta de PVC flexible transparente, Recargable para A5/A6/A7 hojas (A5)","Label":"Title","Locale":"es_ES"}},"Offers":{"Summaries":[{"Condition":{"Value":"New"},"LowestPrice":{"Amount":8.08,"Currency":"EUR","DisplayAmount":"8,08 €"}}]}},{"ASIN":"B09XGP6STD","DetailPageURL":"https://www.amazon.es/dp/B09XGP6STD?tag=topinalambricos-21&linkCode=osi&th=1&psc=1","Images":{"Primary":{"Small":{"Height":75,"URL":"https://m.media-amazon.com/images/I/41dIgQt6WcL._SL75_.jpg","Width":75}}},"ItemInfo":{"ByLineInfo":{"Brand":{"DisplayValue":"TOYESS","Label":"Brand","Locale":"es_ES"},"Manufacturer":{"DisplayValue":"TOYESS","Label":"Manufacturer","Locale":"es_ES"}},"Title":{"DisplayValue":"TOYESS 30Pcs Carpeta de Cuaderno A5, Archivadores Cuero de PU con 12 Bolsas Transparente, 12 Hojas de Presupuesto, Clasificador de Presupuesto para Guardar Tarjetas Fotos Facturas, Rosa","Label":"Title","Locale":"es_ES"}},"Offers":{"Summaries":[{"Condition":{"Value":"New"},"LowestPrice":{"Amount":12.89,"Currency":"EUR","DisplayAmount":"12,89 €"}}]}},{"ASIN":"B013UX8334","DetailPageURL":"https://www.amazon.es/dp/B013UX8334?tag=topinalambricos-21&linkCode=osi&th=1&psc=1","Images":{"Primary":{"Small":{"Height":56,"URL":"https://m.media-amazon.com/images/I/310cVrYz8VL._SL75_.jpg","Width":75}}},"ItemInfo":{"ByLineInfo":{"Brand":{"DisplayValue":"HF2","Label":"Brand","Locale":"es_ES"},"Manufacturer":{"DisplayValue":"Europel Business Products","Label":"Manufacturer","Locale":"es_ES"}},"Title":{"DisplayValue":"HF2 122461 - Carpeta de 4 anillas, 16mm, A4. Color: blanco transparente.","Label":"Title","Locale":"es_ES"}},"Offers":{"Summaries":[{"Condition":{"Value":"New"},"LowestPrice":{"Amount":6.66,"Currency":"EUR","DisplayAmount":"6,66 €"}}]}},{"ASIN":"B0CB5W72X3","DetailPageURL":"https://www.amazon.es/dp/B0CB5W72X3?tag=topinalambricos-21&linkCode=osi&th=1&psc=1","Images":{"Primary":{"Small":{"Height":75,"URL":"https://m.media-amazon.com/images/I/41QsbuzJlOL._SL75_.jpg","Width":75}}},"ItemInfo":{"ByLineInfo":{"Brand":{"DisplayValue":"Gfamous","Label":"Brand","Locale":"es_ES"},"Manufacturer":{"DisplayValue":"Gfamous","Label":"Manufacturer","Locale":"es_ES"}},"Title":{"DisplayValue":"Gfamous Carpeta transparente para cuadernos de 2 unidades, transparente, carpeta de anillas transparente, cubierta de anillas A5, resistente al agua y a la suciedad, para cuadernos, pinturas A5","Label":"Title","Locale":"es_ES"}},"Offers":{"Summaries":[{"Condition":{"Value":"New"},"LowestPrice":{"Amount":14.99,"Currency":"EUR","DisplayAmount":"14,99 €"}}]}},{"ASIN":"B00TTW5QQ8","DetailPageURL":"https://www.amazon.es/dp/B00TTW5QQ8?tag=topinalambricos-21&linkCode=osi&th=1&psc=1","Images":{"Primary":{"Small":{"Height":75,"URL":"https://m.media-amazon.com/images/I/21A+P2uaxQL._SL75_.jpg","Width":75}}},"ItemInfo":{"ByLineInfo":{"Brand":{"DisplayValue":"Exacompta","Label":"Brand","Locale":"es_ES"},"Manufacturer":{"DisplayValue":"Exacompta","Label":"Manufacturer","Locale":"es_ES"}},"Title":{"DisplayValue":"Exacompta 51264E Cartelle ad Anelli, 32x26 cm, Cristal","Label":"Title","Locale":"es_ES"}},"Offers":{"Summaries":[{"Condition":{"Value":"Used"},"LowestPrice":{"Amount":6.0,"Currency":"EUR","DisplayAmount":"6,00 €"}},{"Condition":{"Value":"New"},"LowestPrice":{"Amount":6.95,"Currency":"EUR","DisplayAmount":"6,95 €"}}]}},{"ASIN":"B004HG68T0","DetailPageURL":"https://www.amazon.es/dp/B004HG68T0?tag=topinalambricos-21&linkCode=osi&th=1&psc=1","Images":{"Primary":{"Small":{"Height":75,"URL":"https://m.media-amazon.com/images/I/41SDi3NYXpL._SL75_.jpg","Width":42}}},"ItemInfo":{"ByLineInfo":{"Brand":{"DisplayValue":"Exacompta","Label":"Brand","Locale":"es_ES"},"Contributors":[{"Locale":"es_ES","Name":"Exacompta","Role":"Autor","RoleType":"author"}],"Manufacturer":{"DisplayValue":"Exacompta","Label":"Manufacturer","Locale":"es_ES"}},"Title":{"DisplayValue":"Exacompta - ref. 51568E - 1 carpeta rígida de polipropileno personalizable con 1 bolsillo - 4 anillas redondas, diámetro 30 mm - Dimensiones externas: 32 x 26,8 cm - Formato de archivo A4 Maxi -","Label":"Title","Locale":"es_ES"}},"Offers":{"Summaries":[{"Condition":{"Value":"New"},"LowestPrice":{"Amount":7.05,"Currency":"EUR","DisplayAmount":"7,05 €"}}]}}],"SearchURL":"https://www.amazon.es/s?k=transparente&rh=n%3A4353061031%2Cp_n_availability%3A-1&tag=topinalambricos-21&linkCode=osi","TotalResultCount":966}},"140":{"SearchResult":{"Items":[{"ASIN":"B01D38N4W6","DetailPageURL":"https://www.amazon.es/dp/B01D38N4W6?tag=topinalambricos-21&linkCode=osi&th=1&psc=1","Images":{"Primary":{"Small":{"Height":75,"URL":"https://m.media-amazon.com/images/I/41-juahWb2L._SL75_.jpg","Width":75}}},"ItemInfo":{"ByLineInfo":{"Brand":{"DisplayValue":"Grafoplás","Label":"Brand","Locale":"es_ES"},"Manufacturer":{"DisplayValue":"Grafoplas del Noroeste,S.A.","Label":"Manufacturer","Locale":"es_ES"}},"Title":{"DisplayValue":"Grafoplás 30121000. Carpeta de Anillas, A4, con 6 Sobres de 11 Taladros Multicolor/Transparente, Cierre de Goma","Label":"Title","Locale":"es_ES"}},"Offers":{"Summaries":[{"Condition":{"Value":"New"},"LowestPrice":{"Amount":9.52,"Currency":"EUR","DisplayAmount":"9,52 €"}}]}},{"ASIN":"B08RZ82PV5","DetailPageURL":"https://www.amazon.es/dp/B08RZ82PV5?tag=topinalambricos-21&linkCode=osi&th=1&psc=1","Images":{"Primary":{"Small":{"Height":75,"URL":"https://m.media-amazon.com/images/I/41QwGs8+oKL._SL75_.jpg","Width":75}}},"ItemInfo":{"ByLineInfo":{"Brand":{"DisplayValue":"Rapesco","Label":"Brand","Locale":"es_ES"},"Manufacturer":{"DisplayValue":"RAPESCO","Label":"Manufacturer","Locale":"es_ES"}},"Title":{"DisplayValue":"Rapesco 1630 Sobre Portafolios para Carpetas de Anillas, A4, Colores Transparentes Surtidos, Paquete de 5","Label":"Title","Locale":"es_ES"}},"Offers":{"Summaries":[{"Condition":{"Value":"New"},"LowestPrice":{"Amount":7.58,"Currency":"EUR","DisplayAmount":"7,58 € (1,52 € / unidad)","PricePerUnit":1.52}}]}},{"ASIN":"B001IVOW7C","DetailPageURL":"https://www.amazon.es/dp/B001IVOW7C?tag=topinalambricos-21&linkCode=osi&th=1&psc=1","Images":{"Primary":{"Small":{"Height":75,"URL":"https://m.media-amazon.com/images/I/313ZVnRCR7L._SL75_.jpg","Width":41}}},"ItemInfo":{"ByLineInfo":{"Brand":{"DisplayValue":"Oxford","Label":"Brand","Locale":"es_ES"},"Manufacturer":{"DisplayValue":"Hamelin Brands","Label":"Manufacturer","Locale":"es_ES"}},"Title":{"DisplayValue":"Oxford - Archivador 4 anillas Tapas de plástico personalizables, A4, Color transparente","Label":"Title","Locale":"es_ES"}},"Offers":{"Summaries":[{"Condition":{"Value":"New"},"LowestPrice":{"Amount":5.79,"Currency":"EUR","DisplayAmount":"5,79 €"}}]}},{"ASIN":"B09YHZGN5S","DetailPageURL":"https://www.amazon.es/dp/B09YHZGN5S?tag=topinalambricos-21&linkCode=osi&th=1&psc=1","Images":{"Primary":{"Small":{"Height":75,"URL":"https://m.media-amazon.com/images/I/51lkxdPCgLL._SL75_.jpg","Width":75}}},"ItemInfo":{"ByLineInfo":{"Brand":{"DisplayValue":"MARICATO","Label":"Brand","Locale":"es_ES"},"Manufacturer":{"DisplayValue":"TO","Label":"Manufacturer","Locale":"es_ES"}},"Title":{"DisplayValue":"Carpeta de Presupuesto A6, MARICATO 29Piezas Carpeta de Cuaderno 6 Anillas de PU, con Bolsas de Transparente con Cremallera, Hojas de Presupuesto, Pegatinas, Indice de Clasificación, Regla, Rosa","Label":"Title","Locale":"es_ES"}},"Offers":{"Summaries":[{"Condition":{"Value":"New"},"LowestPrice":{"Amount":11.99,"Currency":"EUR","DisplayAmount":"11,99 € (35,26 € / kg)","PricePerUnit":35.26}}]}},{"ASIN":"B09PTKVWY8","DetailPageURL":"https://www.amazon.es/dp/B09PTKVWY8?tag=topinalambricos-21&linkCode=osi&th=1&psc=1","Images":{"Primary":{"Small":{"Height":75,"URL":"https://m.media-amazon.com/images/I/21ddEcjI4ML._SL75_.jpg","Width":75}}},"ItemInfo":{"ByLineInfo":{"Brand":{"DisplayValue":"CALISTOUK","Label":"Brand","Locale":"es_ES"},"Manufacturer":{"DisplayValue":"CALISTOUK","Label":"Manufacturer","Locale":"es_ES"}},"Title":{"DisplayValue":"Carpeta de Anillas con 6 Agujeros, Funda blanda de PVC, Cuaderno, Carpeta Tipo Archivador con Anillas de Forma Redonda, Carpeta de PVC flexible transparente, Recargable para A5/A6/A7 hojas (A5)","Label":"Title","Locale":"es_ES"}},"Offers":{"Summaries":[{"Condition":{"Value":"New"},"LowestPrice":{"Amount":8.08,"Currency":"EUR","DisplayAmount":"8,08 €"}}]}},{"ASIN":"B09XGP6STD","DetailPageURL":"https://www.amazon.es/dp/B09XGP6STD?tag=topinalambricos-21&linkCode=osi&th=1&psc=1","Images":{"Primary":{"Small":{"Height":75,"URL":"https://m.media-amazon.com/images/I/41dIgQt6WcL._SL75_.jpg","Width":75}}},"ItemInfo":{"ByLineInfo":{"Brand":{"DisplayValue":"TOYESS","Label":"Brand","Locale":"es_ES"},"Manufacturer":{"DisplayValue":"TOYESS","Label":"Manufacturer","Locale":"es_ES"}},"Title":{"DisplayValue":"TOYESS 30Pcs Carpeta de Cuaderno A5, Archivadores Cuero de PU con 12 Bolsas Transparente, 12 Hojas de Presupuesto, Clasificador de Presupuesto para Guardar Tarjetas Fotos Facturas, Rosa","Label":"Title","Locale":"es_ES"}},"Offers":{"Summaries":[{"Condition":{"Value":"New"},"LowestPrice":{"Amount":12.89,"Currency":"EUR","DisplayAmount":"12,89 €"}}]}},{"ASIN":"B013UX8334","DetailPageURL":"https://www.amazon.es/dp/B013UX8334?tag=topinalambricos-21&linkCode=osi&th=1&psc=1","Images":{"Primary":{"Small":{"Height":56,"URL":"https://m.media-amazon.com/images/I/310cVrYz8VL._SL75_.jpg","Width":75}}},"ItemInfo":{"ByLineInfo":{"Brand":{"DisplayValue":"HF2","Label":"Brand","Locale":"es_ES"},"Manufacturer":{"DisplayValue":"Europel Business Products","Label":"Manufacturer","Locale":"es_ES"}},"Title":{"DisplayValue":"HF2 122461 - Carpeta de 4 anillas, 16mm, A4. Color: blanco transparente.","Label":"Title","Locale":"es_ES"}},"Offers":{"Summaries":[{"Condition":{"Value":"New"},"LowestPrice":{"Amount":6.66,"Currency":"EUR","DisplayAmount":"6,66 €"}}]}},{"ASIN":"B0CB5W72X3","DetailPageURL":"https://www.amazon.es/dp/B0CB5W72X3?tag=topinalambricos-21&linkCode=osi&th=1&psc=1","Images":{"Primary":{"Small":{"Height":75,"URL":"https://m.media-amazon.com/images/I/41QsbuzJlOL._SL75_.jpg","Width":75}}},"ItemInfo":{"ByLineInfo":{"Brand":{"DisplayValue":"Gfamous","Label":"Brand","Locale":"es_ES"},"Manufacturer":{"DisplayValue":"Gfamous","Label":"Manufacturer","Locale":"es_ES"}},"Title":{"DisplayValue":"Gfamous Carpeta transparente para cuadernos de 2 unidades, transparente, carpeta de anillas transparente, cubierta de anillas A5, resistente al agua y a la suciedad, para cuadernos, pinturas A5","Label":"Title","Locale":"es_ES"}},"Offers":{"Summaries":[{"Condition":{"Value":"New"},"LowestPrice":{"Amount":14.99,"Currency":"EUR","DisplayAmount":"14,99 €"}}]}},{"ASIN":"B00TTW5QQ8","DetailPageURL":"https://www.amazon.es/dp/B00TTW5QQ8?tag=topinalambricos-21&linkCode=osi&th=1&psc=1","Images":{"Primary":{"Small":{"Height":75,"URL":"https://m.media-amazon.com/images/I/21A+P2uaxQL._SL75_.jpg","Width":75}}},"ItemInfo":{"ByLineInfo":{"Brand":{"DisplayValue":"Exacompta","Label":"Brand","Locale":"es_ES"},"Manufacturer":{"DisplayValue":"Exacompta","Label":"Manufacturer","Locale":"es_ES"}},"Title":{"DisplayValue":"Exacompta 51264E Cartelle ad Anelli, 32x26 cm, Cristal","Label":"Title","Locale":"es_ES"}},"Offers":{"Summaries":[{"Condition":{"Value":"Used"},"LowestPrice":{"Amount":6.0,"Currency":"EUR","DisplayAmount":"6,00 €"}},{"Condition":{"Value":"New"},"LowestPrice":{"Amount":6.95,"Currency":"EUR","DisplayAmount":"6,95 €"}}]}},{"ASIN":"B004HG68T0","DetailPageURL":"https://www.amazon.es/dp/B004HG68T0?tag=topinalambricos-21&linkCode=osi&th=1&psc=1","Images":{"Primary":{"Small":{"Height":75,"URL":"https://m.media-amazon.com/images/I/41SDi3NYXpL._SL75_.jpg","Width":42}}},"ItemInfo":{"ByLineInfo":{"Brand":{"DisplayValue":"Exacompta","Label":"Brand","Locale":"es_ES"},"Contributors":[{"Locale":"es_ES","Name":"Exacompta","Role":"Autor","RoleType":"author"}],"Manufacturer":{"DisplayValue":"Exacompta","Label":"Manufacturer","Locale":"es_ES"}},"Title":{"DisplayValue":"Exacompta - ref. 51568E - 1 carpeta rígida de polipropileno personalizable con 1 bolsillo - 4 anillas redondas, diámetro 30 mm - Dimensiones externas: 32 x 26,8 cm - Formato de archivo A4 Maxi -","Label":"Title","Locale":"es_ES"}},"Offers":{"Summaries":[{"Condition":{"Value":"New"},"LowestPrice":{"Amount":7.05,"Currency":"EUR","DisplayAmount":"7,05 €"}}]}}],"SearchURL":"https://www.amazon.es/s?k=transparente&rh=n%3A4353061031%2Cp_n_availability%3A-1&tag=topinalambricos-21&linkCode=osi","TotalResultCount":966}},"141":{"SearchResult":{"Items":[{"ASIN":"B01D38N4W6","DetailPageURL":"https://www.amazon.es/dp/B01D38N4W6?tag=topinalambricos-21&linkCode=osi&th=1&psc=1","Images":{"Primary":{"Small":{"Height":75,"URL":"https://m.media-amazon.com/images/I/41-juahWb2L._SL75_.jpg","Width":75}}},"ItemInfo":{"ByLineInfo":{"Brand":{"DisplayValue":"Grafoplás","Label":"Brand","Locale":"es_ES"},"Manufacturer":{"DisplayValue":"Grafoplas del Noroeste,S.A.","Label":"Manufacturer","Locale":"es_ES"}},"Title":{"DisplayValue":"Grafoplás 30121000. Carpeta de Anillas, A4, con 6 Sobres de 11 Taladros Multicolor/Transparente, Cierre de Goma","Label":"Title","Locale":"es_ES"}},"Offers":{"Summaries":[{"Condition":{"Value":"New"},"LowestPrice":{"Amount":9.52,"Currency":"EUR","DisplayAmount":"9,52 €"}}]}},{"ASIN":"B08RZ82PV5","DetailPageURL":"https://www.amazon.es/dp/B08RZ82PV5?tag=topinalambricos-21&linkCode=osi&th=1&psc=1","Images":{"Primary":{"Small":{"Height":75,"URL":"https://m.media-amazon.com/images/I/41QwGs8+oKL._SL75_.jpg","Width":75}}},"ItemInfo":{"ByLineInfo":{"Brand":{"DisplayValue":"Rapesco","Label":"Brand","Locale":"es_ES"},"Manufacturer":{"DisplayValue":"RAPESCO","Label":"Manufacturer","Locale":"es_ES"}},"Title":{"DisplayValue":"Rapesco 1630 Sobre Portafolios para Carpetas de Anillas, A4, Colores Transparentes Surtidos, Paquete de 5","Label":"Title","Locale":"es_ES"}},"Offers":{"Summaries":[{"Condition":{"Value":"New"},"LowestPrice":{"Amount":7.58,"Currency":"EUR","DisplayAmount":"7,58 € (1,52 € / unidad)","PricePerUnit":1.52}}]}},{"ASIN":"B001IVOW7C","DetailPageURL":"https://www.amazon.es/dp/B001IVOW7C?tag=topinalambricos-21&linkCode=osi&th=1&psc=1","Images":{"Primary":{"Small":{"Height":75,"URL":"https://m.media-amazon.com/images/I/313ZVnRCR7L._SL75_.jpg","Width":41}}},"ItemInfo":{"ByLineInfo":{"Brand":{"DisplayValue":"Oxford","Label":"Brand","Locale":"es_ES"},"Manufacturer":{"DisplayValue":"Hamelin Brands","Label":"Manufacturer","Locale":"es_ES"}},"Title":{"DisplayValue":"Oxford - Archivador 4 anillas Tapas de plástico personalizables, A4, Color transparente","Label":"Title","Locale":"es_ES"}},"Offers":{"Summaries":[{"Condition":{"Value":"New"},"LowestPrice":{"Amount":5.79,"Currency":"EUR","DisplayAmount":"5,79 €"}}]}},{"ASIN":"B09YHZGN5S","DetailPageURL":"https://www.amazon.es/dp/B09YHZGN5S?tag=topinalambricos-21&linkCode=osi&th=1&psc=1","Images":{"Primary":{"Small":{"Height":75,"URL":"https://m.media-amazon.com/images/I/51lkxdPCgLL._SL75_.jpg","Width":75}}},"ItemInfo":{"ByLineInfo":{"Brand":{"DisplayValue":"MARICATO","Label":"Brand","Locale":"es_ES"},"Manufacturer":{"DisplayValue":"TO","Label":"Manufacturer","Locale":"es_ES"}},"Title":{"DisplayValue":"Carpeta de Presupuesto A6, MARICATO 29Piezas Carpeta de Cuaderno 6 Anillas de PU, con Bolsas de Transparente con Cremallera, Hojas de Presupuesto, Pegatinas, Indice de Clasificación, Regla, Rosa","Label":"Title","Locale":"es_ES"}},"Offers":{"Summaries":[{"Condition":{"Value":"New"},"LowestPrice":{"Amount":11.99,"Currency":"EUR","DisplayAmount":"11,99 € (35,26 € / kg)","PricePerUnit":35.26}}]}},{"ASIN":"B09PTKVWY8","DetailPageURL":"https://www.amazon.es/dp/B09PTKVWY8?tag=topinalambricos-21&linkCode=osi&th=1&psc=1","Images":{"Primary":{"Small":{"Height":75,"URL":"https://m.media-amazon.com/images/I/21ddEcjI4ML._SL75_.jpg","Width":75}}},"ItemInfo":{"ByLineInfo":{"Brand":{"DisplayValue":"CALISTOUK","Label":"Brand","Locale":"es_ES"},"Manufacturer":{"DisplayValue":"CALISTOUK","Label":"Manufacturer","Locale":"es_ES"}},"Title":{"DisplayValue":"Carpeta de Anillas con 6 Agujeros, Funda blanda de PVC, Cuaderno, Carpeta Tipo Archivador con Anillas de Forma Redonda, Carpeta de PVC flexible transparente, Recargable para A5/A6/A7 hojas (A5)","Label":"Title","Locale":"es_ES"}},"Offers":{"Summaries":[{"Condition":{"Value":"New"},"LowestPrice":{"Amount":8.08,"Currency":"EUR","DisplayAmount":"8,08 €"}}]}},{"ASIN":"B09XGP6STD","DetailPageURL":"https://www.amazon.es/dp/B09XGP6STD?tag=topinalambricos-21&linkCode=osi&th=1&psc=1","Images":{"Primary":{"Small":{"Height":75,"URL":"https://m.media-amazon.com/images/I/41dIgQt6WcL._SL75_.jpg","Width":75}}},"ItemInfo":{"ByLineInfo":{"Brand":{"DisplayValue":"TOYESS","Label":"Brand","Locale":"es_ES"},"Manufacturer":{"DisplayValue":"TOYESS","Label":"Manufacturer","Locale":"es_ES"}},"Title":{"DisplayValue":"TOYESS 30Pcs Carpeta de Cuaderno A5, Archivadores Cuero de PU con 12 Bolsas Transparente, 12 Hojas de Presupuesto, Clasificador de Presupuesto para Guardar Tarjetas Fotos Facturas, Rosa","Label":"Title","Locale":"es_ES"}},"Offers":{"Summaries":[{"Condition":{"Value":"New"},"LowestPrice":{"Amount":12.89,"Currency":"EUR","DisplayAmount":"12,89 €"}}]}},{"ASIN":"B013UX8334","DetailPageURL":"https://www.amazon.es/dp/B013UX8334?tag=topinalambricos-21&linkCode=osi&th=1&psc=1","Images":{"Primary":{"Small":{"Height":56,"URL":"https://m.media-amazon.com/images/I/310cVrYz8VL._SL75_.jpg","Width":75}}},"ItemInfo":{"ByLineInfo":{"Brand":{"DisplayValue":"HF2","Label":"Brand","Locale":"es_ES"},"Manufacturer":{"DisplayValue":"Europel Business Products","Label":"Manufacturer","Locale":"es_ES"}},"Title":{"DisplayValue":"HF2 122461 - Carpeta de 4 anillas, 16mm, A4. Color: blanco transparente.","Label":"Title","Locale":"es_ES"}},"Offers":{"Summaries":[{"Condition":{"Value":"New"},"LowestPrice":{"Amount":6.66,"Currency":"EUR","DisplayAmount":"6,66 €"}}]}},{"ASIN":"B0CB5W72X3","DetailPageURL":"https://www.amazon.es/dp/B0CB5W72X3?tag=topinalambricos-21&linkCode=osi&th=1&psc=1","Images":{"Primary":{"Small":{"Height":75,"URL":"https://m.media-amazon.com/images/I/41QsbuzJlOL._SL75_.jpg","Width":75}}},"ItemInfo":{"ByLineInfo":{"Brand":{"DisplayValue":"Gfamous","Label":"Brand","Locale":"es_ES"},"Manufacturer":{"DisplayValue":"Gfamous","Label":"Manufacturer","Locale":"es_ES"}},"Title":{"DisplayValue":"Gfamous Carpeta transparente para cuadernos de 2 unidades, transparente, carpeta de anillas transparente, cubierta de anillas A5, resistente al agua y a la suciedad, para cuadernos, pinturas A5","Label":"Title","Locale":"es_ES"}},"Offers":{"Summaries":[{"Condition":{"Value":"New"},"LowestPrice":{"Amount":14.99,"Currency":"EUR","DisplayAmount":"14,99 €"}}]}},{"ASIN":"B00TTW5QQ8","DetailPageURL":"https://www.amazon.es/dp/B00TTW5QQ8?tag=topinalambricos-21&linkCode=osi&th=1&psc=1","Images":{"Primary":{"Small":{"Height":75,"URL":"https://m.media-amazon.com/images/I/21A+P2uaxQL._SL75_.jpg","Width":75}}},"ItemInfo":{"ByLineInfo":{"Brand":{"DisplayValue":"Exacompta","Label":"Brand","Locale":"es_ES"},"Manufacturer":{"DisplayValue":"Exacompta","Label":"Manufacturer","Locale":"es_ES"}},"Title":{"DisplayValue":"Exacompta 51264E Cartelle ad Anelli, 32x26 cm, Cristal","Label":"Title","Locale":"es_ES"}},"Offers":{"Summaries":[{"Condition":{"Value":"Used"},"LowestPrice":{"Amount":6.0,"Currency":"EUR","DisplayAmount":"6,00 €"}},{"Condition":{"Value":"New"},"LowestPrice":{"Amount":6.95,"Currency":"EUR","DisplayAmount":"6,95 €"}}]}},{"ASIN":"B004HG68T0","DetailPageURL":"https://www.amazon.es/dp/B004HG68T0?tag=topinalambricos-21&linkCode=osi&th=1&psc=1","Images":{"Primary":{"Small":{"Height":75,"URL":"https://m.media-amazon.com/images/I/41SDi3NYXpL._SL75_.jpg","Width":42}}},"ItemInfo":{"ByLineInfo":{"Brand":{"DisplayValue":"Exacompta","Label":"Brand","Locale":"es_ES"},"Contributors":[{"Locale":"es_ES","Name":"Exacompta","Role":"Autor","RoleType":"author"}],"Manufacturer":{"DisplayValue":"Exacompta","Label":"Manufacturer","Locale":"es_ES"}},"Title":{"DisplayValue":"Exacompta - ref. 51568E - 1 carpeta rígida de polipropileno personalizable con 1 bolsillo - 4 anillas redondas, diámetro 30 mm - Dimensiones externas: 32 x 26,8 cm - Formato de archivo A4 Maxi -","Label":"Title","Locale":"es_ES"}},"Offers":{"Summaries":[{"Condition":{"Value":"New"},"LowestPrice":{"Amount":7.05,"Currency":"EUR","DisplayAmount":"7,05 €"}}]}}],"SearchURL":"https://www.amazon.es/s?k=transparente&rh=n%3A4353061031%2Cp_n_availability%3A-1&tag=topinalambricos-21&linkCode=osi","TotalResultCount":966}},"142":{"SearchResult":{"Items":[{"ASIN":"B01D38N4W6","DetailPageURL":"https://www.amazon.es/dp/B01D38N4W6?tag=topinalambricos-21&linkCode=osi&th=1&psc=1","Images":{"Primary":{"Small":{"Height":75,"URL":"https://m.media-amazon.com/images/I/41-juahWb2L._SL75_.jpg","Width":75}}},"ItemInfo":{"ByLineInfo":{"Brand":{"DisplayValue":"Grafoplás","Label":"Brand","Locale":"es_ES"},"Manufacturer":{"DisplayValue":"Grafoplas del Noroeste,S.A.","Label":"Manufacturer","Locale":"es_ES"}},"Title":{"DisplayValue":"Grafoplás 30121000. Carpeta de Anillas, A4, con 6 Sobres de 11 Taladros Multicolor/Transparente, Cierre de Goma","Label":"Title","Locale":"es_ES"}},"Offers":{"Summaries":[{"Condition":{"Value":"New"},"LowestPrice":{"Amount":9.52,"Currency":"EUR","DisplayAmount":"9,52 €"}}]}},{"ASIN":"B08RZ82PV5","DetailPageURL":"https://www.amazon.es/dp/B08RZ82PV5?tag=topinalambricos-21&linkCode=osi&th=1&psc=1","Images":{"Primary":{"Small":{"Height":75,"URL":"https://m.media-amazon.com/images/I/41QwGs8+oKL._SL75_.jpg","Width":75}}},"ItemInfo":{"ByLineInfo":{"Brand":{"DisplayValue":"Rapesco","Label":"Brand","Locale":"es_ES"},"Manufacturer":{"DisplayValue":"RAPESCO","Label":"Manufacturer","Locale":"es_ES"}},"Title":{"DisplayValue":"Rapesco 1630 Sobre Portafolios para Carpetas de Anillas, A4, Colores Transparentes Surtidos, Paquete de 5","Label":"Title","Locale":"es_ES"}},"Offers":{"Summaries":[{"Condition":{"Value":"New"},"LowestPrice":{"Amount":7.58,"Currency":"EUR","DisplayAmount":"7,58 € (1,52 € / unidad)","PricePerUnit":1.52}}]}},{"ASIN":"B001IVOW7C","DetailPageURL":"https://www.amazon.es/dp/B001IVOW7C?tag=topinalambricos-21&linkCode=osi&th=1&psc=1","Images":{"Primary":{"Small":{"Height":75,"URL":"https://m.media-amazon.com/images/I/313ZVnRCR7L._SL75_.jpg","Width":41}}},"ItemInfo":{"ByLineInfo":{"Brand":{"DisplayValue":"Oxford","Label":"Brand","Locale":"es_ES"},"Manufacturer":{"DisplayValue":"Hamelin Brands","Label":"Manufacturer","Locale":"es_ES"}},"Title":{"DisplayValue":"Oxford - Archivador 4 anillas Tapas de plástico personalizables, A4, Color transparente","Label":"Title","Locale":"es_ES"}},"Offers":{"Summaries":[{"Condition":{"Value":"New"},"LowestPrice":{"Amount":5.79,"Currency":"EUR","DisplayAmount":"5,79 €"}}]}},{"ASIN":"B09YHZGN5S","DetailPageURL":"https://www.amazon.es/dp/B09YHZGN5S?tag=topinalambricos-21&linkCode=osi&th=1&psc=1","Images":{"Primary":{"Small":{"Height":75,"URL":"https://m.media-amazon.com/images/I/51lkxdPCgLL._SL75_.jpg","Width":75}}},"ItemInfo":{"ByLineInfo":{"Brand":{"DisplayValue":"MARICATO","Label":"Brand","Locale":"es_ES"},"Manufacturer":{"DisplayValue":"TO","Label":"Manufacturer","Locale":"es_ES"}},"Title":{"DisplayValue":"Carpeta de Presupuesto A6, MARICATO 29Piezas Carpeta de Cuaderno 6 Anillas de PU, con Bolsas de Transparente con Cremallera, Hojas de Presupuesto, Pegatinas, Indice de Clasificación, Regla, Rosa","Label":"Title","Locale":"es_ES"}},"Offers":{"Summaries":[{"Condition":{"Value":"New"},"LowestPrice":{"Amount":11.99,"Currency":"EUR","DisplayAmount":"11,99 € (35,26 € / kg)","PricePerUnit":35.26}}]}},{"ASIN":"B09PTKVWY8","DetailPageURL":"https://www.amazon.es/dp/B09PTKVWY8?tag=topinalambricos-21&linkCode=osi&th=1&psc=1","Images":{"Primary":{"Small":{"Height":75,"URL":"https://m.media-amazon.com/images/I/21ddEcjI4ML._SL75_.jpg","Width":75}}},"ItemInfo":{"ByLineInfo":{"Brand":{"DisplayValue":"CALISTOUK","Label":"Brand","Locale":"es_ES"},"Manufacturer":{"DisplayValue":"CALISTOUK","Label":"Manufacturer","Locale":"es_ES"}},"Title":{"DisplayValue":"Carpeta de Anillas con 6 Agujeros, Funda blanda de PVC, Cuaderno, Carpeta Tipo Archivador con Anillas de Forma Redonda, Carpeta de PVC flexible transparente, Recargable para A5/A6/A7 hojas (A5)","Label":"Title","Locale":"es_ES"}},"Offers":{"Summaries":[{"Condition":{"Value":"New"},"LowestPrice":{"Amount":8.08,"Currency":"EUR","DisplayAmount":"8,08 €"}}]}},{"ASIN":"B09XGP6STD","DetailPageURL":"https://www.amazon.es/dp/B09XGP6STD?tag=topinalambricos-21&linkCode=osi&th=1&psc=1","Images":{"Primary":{"Small":{"Height":75,"URL":"https://m.media-amazon.com/images/I/41dIgQt6WcL._SL75_.jpg","Width":75}}},"ItemInfo":{"ByLineInfo":{"Brand":{"DisplayValue":"TOYESS","Label":"Brand","Locale":"es_ES"},"Manufacturer":{"DisplayValue":"TOYESS","Label":"Manufacturer","Locale":"es_ES"}},"Title":{"DisplayValue":"TOYESS 30Pcs Carpeta de Cuaderno A5, Archivadores Cuero de PU con 12 Bolsas Transparente, 12 Hojas de Presupuesto, Clasificador de Presupuesto para Guardar Tarjetas Fotos Facturas, Rosa","Label":"Title","Locale":"es_ES"}},"Offers":{"Summaries":[{"Condition":{"Value":"New"},"LowestPrice":{"Amount":12.89,"Currency":"EUR","DisplayAmount":"12,89 €"}}]}},{"ASIN":"B013UX8334","DetailPageURL":"https://www.amazon.es/dp/B013UX8334?tag=topinalambricos-21&linkCode=osi&th=1&psc=1","Images":{"Primary":{"Small":{"Height":56,"URL":"https://m.media-amazon.com/images/I/310cVrYz8VL._SL75_.jpg","Width":75}}},"ItemInfo":{"ByLineInfo":{"Brand":{"DisplayValue":"HF2","Label":"Brand","Locale":"es_ES"},"Manufacturer":{"DisplayValue":"Europel Business Products","Label":"Manufacturer","Locale":"es_ES"}},"Title":{"DisplayValue":"HF2 122461 - Carpeta de 4 anillas, 16mm, A4. Color: blanco transparente.","Label":"Title","Locale":"es_ES"}},"Offers":{"Summaries":[{"Condition":{"Value":"New"},"LowestPrice":{"Amount":6.66,"Currency":"EUR","DisplayAmount":"6,66 €"}}]}},{"ASIN":"B0CB5W72X3","DetailPageURL":"https://www.amazon.es/dp/B0CB5W72X3?tag=topinalambricos-21&linkCode=osi&th=1&psc=1","Images":{"Primary":{"Small":{"Height":75,"URL":"https://m.media-amazon.com/images/I/41QsbuzJlOL._SL75_.jpg","Width":75}}},"ItemInfo":{"ByLineInfo":{"Brand":{"DisplayValue":"Gfamous","Label":"Brand","Locale":"es_ES"},"Manufacturer":{"DisplayValue":"Gfamous","Label":"Manufacturer","Locale":"es_ES"}},"Title":{"DisplayValue":"Gfamous Carpeta transparente para cuadernos de 2 unidades, transparente, carpeta de anillas transparente, cubierta de anillas A5, resistente al agua y a la suciedad, para cuadernos, pinturas A5","Label":"Title","Locale":"es_ES"}},"Offers":{"Summaries":[{"Condition":{"Value":"New"},"LowestPrice":{"Amount":14.99,"Currency":"EUR","DisplayAmount":"14,99 €"}}]}},{"ASIN":"B00TTW5QQ8","DetailPageURL":"https://www.amazon.es/dp/B00TTW5QQ8?tag=topinalambricos-21&linkCode=osi&th=1&psc=1","Images":{"Primary":{"Small":{"Height":75,"URL":"https://m.media-amazon.com/images/I/21A+P2uaxQL._SL75_.jpg","Width":75}}},"ItemInfo":{"ByLineInfo":{"Brand":{"DisplayValue":"Exacompta","Label":"Brand","Locale":"es_ES"},"Manufacturer":{"DisplayValue":"Exacompta","Label":"Manufacturer","Locale":"es_ES"}},"Title":{"DisplayValue":"Exacompta 51264E Cartelle ad Anelli, 32x26 cm, Cristal","Label":"Title","Locale":"es_ES"}},"Offers":{"Summaries":[{"Condition":{"Value":"Used"},"LowestPrice":{"Amount":6.0,"Currency":"EUR","DisplayAmount":"6,00 €"}},{"Condition":{"Value":"New"},"LowestPrice":{"Amount":6.95,"Currency":"EUR","DisplayAmount":"6,95 €"}}]}},{"ASIN":"B004HG68T0","DetailPageURL":"https://www.amazon.es/dp/B004HG68T0?tag=topinalambricos-21&linkCode=osi&th=1&psc=1","Images":{"Primary":{"Small":{"Height":75,"URL":"https://m.media-amazon.com/images/I/41SDi3NYXpL._SL75_.jpg","Width":42}}},"ItemInfo":{"ByLineInfo":{"Brand":{"DisplayValue":"Exacompta","Label":"Brand","Locale":"es_ES"},"Contributors":[{"Locale":"es_ES","Name":"Exacompta","Role":"Autor","RoleType":"author"}],"Manufacturer":{"DisplayValue":"Exacompta","Label":"Manufacturer","Locale":"es_ES"}},"Title":{"DisplayValue":"Exacompta - ref. 51568E - 1 carpeta rígida de polipropileno personalizable con 1 bolsillo - 4 anillas redondas, diámetro 30 mm - Dimensiones externas: 32 x 26,8 cm - Formato de archivo A4 Maxi -","Label":"Title","Locale":"es_ES"}},"Offers":{"Summaries":[{"Condition":{"Value":"New"},"LowestPrice":{"Amount":7.05,"Currency":"EUR","DisplayAmount":"7,05 €"}}]}}],"SearchURL":"https://www.amazon.es/s?k=transparente&rh=n%3A4353061031%2Cp_n_availability%3A-1&tag=topinalambricos-21&linkCode=osi","TotalResultCount":966}},"143":{"SearchResult":{"Items":[{"ASIN":"B01D38N4W6","DetailPageURL":"https://www.amazon.es/dp/B01D38N4W6?tag=topinalambricos-21&linkCode=osi&th=1&psc=1","Images":{"Primary":{"Small":{"Height":75,"URL":"https://m.media-amazon.com/images/I/41-juahWb2L._SL75_.jpg","Width":75}}},"ItemInfo":{"ByLineInfo":{"Brand":{"DisplayValue":"Grafoplás","Label":"Brand","Locale":"es_ES"},"Manufacturer":{"DisplayValue":"Grafoplas del Noroeste,S.A.","Label":"Manufacturer","Locale":"es_ES"}},"Title":{"DisplayValue":"Grafoplás 30121000. Carpeta de Anillas, A4, con 6 Sobres de 11 Taladros Multicolor/Transparente, Cierre de Goma","Label":"Title","Locale":"es_ES"}},"Offers":{"Summaries":[{"Condition":{"Value":"New"},"LowestPrice":{"Amount":9.52,"Currency":"EUR","DisplayAmount":"9,52 €"}}]}},{"ASIN":"B08RZ82PV5","DetailPageURL":"https://www.amazon.es/dp/B08RZ82PV5?tag=topinalambricos-21&linkCode=osi&th=1&psc=1","Images":{"Primary":{"Small":{"Height":75,"URL":"https://m.media-amazon.com/images/I/41QwGs8+oKL._SL75_.jpg","Width":75}}},"ItemInfo":{"ByLineInfo":{"Brand":{"DisplayValue":"Rapesco","Label":"Brand","Locale":"es_ES"},"Manufacturer":{"DisplayValue":"RAPESCO","Label":"Manufacturer","Locale":"es_ES"}},"Title":{"DisplayValue":"Rapesco 1630 Sobre Portafolios para Carpetas de Anillas, A4, Colores Transparentes Surtidos, Paquete de 5","Label":"Title","Locale":"es_ES"}},"Offers":{"Summaries":[{"Condition":{"Value":"New"},"LowestPrice":{"Amount":7.58,"Currency":"EUR","DisplayAmount":"7,58 € (1,52 € / unidad)","PricePerUnit":1.52}}]}},{"ASIN":"B001IVOW7C","DetailPageURL":"https://www.amazon.es/dp/B001IVOW7C?tag=topinalambricos-21&linkCode=osi&th=1&psc=1","Images":{"Primary":{"Small":{"Height":75,"URL":"https://m.media-amazon.com/images/I/313ZVnRCR7L._SL75_.jpg","Width":41}}},"ItemInfo":{"ByLineInfo":{"Brand":{"DisplayValue":"Oxford","Label":"Brand","Locale":"es_ES"},"Manufacturer":{"DisplayValue":"Hamelin Brands","Label":"Manufacturer","Locale":"es_ES"}},"Title":{"DisplayValue":"Oxford - Archivador 4 anillas Tapas de plástico personalizables, A4, Color transparente","Label":"Title","Locale":"es_ES"}},"Offers":{"Summaries":[{"Condition":{"Value":"New"},"LowestPrice":{"Amount":5.79,"Currency":"EUR","DisplayAmount":"5,79 €"}}]}},{"ASIN":"B09YHZGN5S","DetailPageURL":"https://www.amazon.es/dp/B09YHZGN5S?tag=topinalambricos-21&linkCode=osi&th=1&psc=1","Images":{"Primary":{"Small":{"Height":75,"URL":"https://m.media-amazon.com/images/I/51lkxdPCgLL._SL75_.jpg","Width":75}}},"ItemInfo":{"ByLineInfo":{"Brand":{"DisplayValue":"MARICATO","Label":"Brand","Locale":"es_ES"},"Manufacturer":{"DisplayValue":"TO","Label":"Manufacturer","Locale":"es_ES"}},"Title":{"DisplayValue":"Carpeta de Presupuesto A6, MARICATO 29Piezas Carpeta de Cuaderno 6 Anillas de PU, con Bolsas de Transparente con Cremallera, Hojas de Presupuesto, Pegatinas, Indice de Clasificación, Regla, Rosa","Label":"Title","Locale":"es_ES"}},"Offers":{"Summaries":[{"Condition":{"Value":"New"},"LowestPrice":{"Amount":11.99,"Currency":"EUR","DisplayAmount":"11,99 € (35,26 € / kg)","PricePerUnit":35.26}}]}},{"ASIN":"B09PTKVWY8","DetailPageURL":"https://www.amazon.es/dp/B09PTKVWY8?tag=topinalambricos-21&linkCode=osi&th=1&psc=1","Images":{"Primary":{"Small":{"Height":75,"URL":"https://m.media-amazon.com/images/I/21ddEcjI4ML._SL75_.jpg","Width":75}}},"ItemInfo":{"ByLineInfo":{"Brand":{"DisplayValue":"CALISTOUK","Label":"Brand","Locale":"es_ES"},"Manufacturer":{"DisplayValue":"CALISTOUK","Label":"Manufacturer","Locale":"es_ES"}},"Title":{"DisplayValue":"Carpeta de Anillas con 6 Agujeros, Funda blanda de PVC, Cuaderno, Carpeta Tipo Archivador con Anillas de Forma Redonda, Carpeta de PVC flexible transparente, Recargable para A5/A6/A7 hojas (A5)","Label":"Title","Locale":"es_ES"}},"Offers":{"Summaries":[{"Condition":{"Value":"New"},"LowestPrice":{"Amount":8.08,"Currency":"EUR","DisplayAmount":"8,08 €"}}]}},{"ASIN":"B09XGP6STD","DetailPageURL":"https://www.amazon.es/dp/B09XGP6STD?tag=topinalambricos-21&linkCode=osi&th=1&psc=1","Images":{"Primary":{"Small":{"Height":75,"URL":"https://m.media-amazon.com/images/I/41dIgQt6WcL._SL75_.jpg","Width":75}}},"ItemInfo":{"ByLineInfo":{"Brand":{"DisplayValue":"TOYESS","Label":"Brand","Locale":"es_ES"},"Manufacturer":{"DisplayValue":"TOYESS","Label":"Manufacturer","Locale":"es_ES"}},"Title":{"DisplayValue":"TOYESS 30Pcs Carpeta de Cuaderno A5, Archivadores Cuero de PU con 12 Bolsas Transparente, 12 Hojas de Presupuesto, Clasificador de Presupuesto para Guardar Tarjetas Fotos Facturas, Rosa","Label":"Title","Locale":"es_ES"}},"Offers":{"Summaries":[{"Condition":{"Value":"New"},"LowestPrice":{"Amount":12.89,"Currency":"EUR","DisplayAmount":"12,89 €"}}]}},{"ASIN":"B013UX8334","DetailPageURL":"https://www.amazon.es/dp/B013UX8334?tag=topinalambricos-21&linkCode=osi&th=1&psc=1","Images":{"Primary":{"Small":{"Height":56,"URL":"https://m.media-amazon.com/images/I/310cVrYz8VL._SL75_.jpg","Width":75}}},"ItemInfo":{"ByLineInfo":{"Brand":{"DisplayValue":"HF2","Label":"Brand","Locale":"es_ES"},"Manufacturer":{"DisplayValue":"Europel Business Products","Label":"Manufacturer","Locale":"es_ES"}},"Title":{"DisplayValue":"HF2 122461 - Carpeta de 4 anillas, 16mm, A4. Color: blanco transparente.","Label":"Title","Locale":"es_ES"}},"Offers":{"Summaries":[{"Condition":{"Value":"New"},"LowestPrice":{"Amount":6.66,"Currency":"EUR","DisplayAmount":"6,66 €"}}]}},{"ASIN":"B0CB5W72X3","DetailPageURL":"https://www.amazon.es/dp/B0CB5W72X3?tag=topinalambricos-21&linkCode=osi&th=1&psc=1","Images":{"Primary":{"Small":{"Height":75,"URL":"https://m.media-amazon.com/images/I/41QsbuzJlOL._SL75_.jpg","Width":75}}},"ItemInfo":{"ByLineInfo":{"Brand":{"DisplayValue":"Gfamous","Label":"Brand","Locale":"es_ES"},"Manufacturer":{"DisplayValue":"Gfamous","Label":"Manufacturer","Locale":"es_ES"}},"Title":{"DisplayValue":"Gfamous Carpeta transparente para cuadernos de 2 unidades, transparente, carpeta de anillas transparente, cubierta de anillas A5, resistente al agua y a la suciedad, para cuadernos, pinturas A5","Label":"Title","Locale":"es_ES"}},"Offers":{"Summaries":[{"Condition":{"Value":"New"},"LowestPrice":{"Amount":14.99,"Currency":"EUR","DisplayAmount":"14,99 €"}}]}},{"ASIN":"B00TTW5QQ8","DetailPageURL":"https://www.amazon.es/dp/B00TTW5QQ8?tag=topinalambricos-21&linkCode=osi&th=1&psc=1","Images":{"Primary":{"Small":{"Height":75,"URL":"https://m.media-amazon.com/images/I/21A+P2uaxQL._SL75_.jpg","Width":75}}},"ItemInfo":{"ByLineInfo":{"Brand":{"DisplayValue":"Exacompta","Label":"Brand","Locale":"es_ES"},"Manufacturer":{"DisplayValue":"Exacompta","Label":"Manufacturer","Locale":"es_ES"}},"Title":{"DisplayValue":"Exacompta 51264E Cartelle ad Anelli, 32x26 cm, Cristal","Label":"Title","Locale":"es_ES"}},"Offers":{"Summaries":[{"Condition":{"Value":"Used"},"LowestPrice":{"Amount":6.0,"Currency":"EUR","DisplayAmount":"6,00 €"}},{"Condition":{"Value":"New"},"LowestPrice":{"Amount":6.95,"Currency":"EUR","DisplayAmount":"6,95 €"}}]}},{"ASIN":"B004HG68T0","DetailPageURL":"https://www.amazon.es/dp/B004HG68T0?tag=topinalambricos-21&linkCode=osi&th=1&psc=1","Images":{"Primary":{"Small":{"Height":75,"URL":"https://m.media-amazon.com/images/I/41SDi3NYXpL._SL75_.jpg","Width":42}}},"ItemInfo":{"ByLineInfo":{"Brand":{"DisplayValue":"Exacompta","Label":"Brand","Locale":"es_ES"},"Contributors":[{"Locale":"es_ES","Name":"Exacompta","Role":"Autor","RoleType":"author"}],"Manufacturer":{"DisplayValue":"Exacompta","Label":"Manufacturer","Locale":"es_ES"}},"Title":{"DisplayValue":"Exacompta - ref. 51568E - 1 carpeta rígida de polipropileno personalizable con 1 bolsillo - 4 anillas redondas, diámetro 30 mm - Dimensiones externas: 32 x 26,8 cm - Formato de archivo A4 Maxi -","Label":"Title","Locale":"es_ES"}},"Offers":{"Summaries":[{"Condition":{"Value":"New"},"LowestPrice":{"Amount":7.05,"Currency":"EUR","DisplayAmount":"7,05 €"}}]}}],"SearchURL":"https://www.amazon.es/s?k=transparente&rh=n%3A4353061031%2Cp_n_availability%3A-1&tag=topinalambricos-21&linkCode=osi","TotalResultCount":966}},"144":{"SearchResult":{"Items":[{"ASIN":"B01D38N4W6","DetailPageURL":"https://www.amazon.es/dp/B01D38N4W6?tag=topinalambricos-21&linkCode=osi&th=1&psc=1","Images":{"Primary":{"Small":{"Height":75,"URL":"https://m.media-amazon.com/images/I/41-juahWb2L._SL75_.jpg","Width":75}}},"ItemInfo":{"ByLineInfo":{"Brand":{"DisplayValue":"Grafoplás","Label":"Brand","Locale":"es_ES"},"Manufacturer":{"DisplayValue":"Grafoplas del Noroeste,S.A.","Label":"Manufacturer","Locale":"es_ES"}},"Title":{"DisplayValue":"Grafoplás 30121000. Carpeta de Anillas, A4, con 6 Sobres de 11 Taladros Multicolor/Transparente, Cierre de Goma","Label":"Title","Locale":"es_ES"}},"Offers":{"Summaries":[{"Condition":{"Value":"New"},"LowestPrice":{"Amount":9.52,"Currency":"EUR","DisplayAmount":"9,52 €"}}]}},{"ASIN":"B08RZ82PV5","DetailPageURL":"https://www.amazon.es/dp/B08RZ82PV5?tag=topinalambricos-21&linkCode=osi&th=1&psc=1","Images":{"Primary":{"Small":{"Height":75,"URL":"https://m.media-amazon.com/images/I/41QwGs8+oKL._SL75_.jpg","Width":75}}},"ItemInfo":{"ByLineInfo":{"Brand":{"DisplayValue":"Rapesco","Label":"Brand","Locale":"es_ES"},"Manufacturer":{"DisplayValue":"RAPESCO","Label":"Manufacturer","Locale":"es_ES"}},"Title":{"DisplayValue":"Rapesco 1630 Sobre Portafolios para Carpetas de Anillas, A4, Colores Transparentes Surtidos, Paquete de 5","Label":"Title","Locale":"es_ES"}},"Offers":{"Summaries":[{"Condition":{"Value":"New"},"LowestPrice":{"Amount":7.58,"Currency":"EUR","DisplayAmount":"7,58 € (1,52 € / unidad)","PricePerUnit":1.52}}]}},{"ASIN":"B001IVOW7C","DetailPageURL":"https://www.amazon.es/dp/B001IVOW7C?tag=topinalambricos-21&linkCode=osi&th=1&psc=1","Images":{"Primary":{"Small":{"Height":75,"URL":"https://m.media-amazon.com/images/I/313ZVnRCR7L._SL75_.jpg","Width":41}}},"ItemInfo":{"ByLineInfo":{"Brand":{"DisplayValue":"Oxford","Label":"Brand","Locale":"es_ES"},"Manufacturer":{"DisplayValue":"Hamelin Brands","Label":"Manufacturer","Locale":"es_ES"}},"Title":{"DisplayValue":"Oxford - Archivador 4 anillas Tapas de plástico personalizables, A4, Color transparente","Label":"Title","Locale":"es_ES"}},"Offers":{"Summaries":[{"Condition":{"Value":"New"},"LowestPrice":{"Amount":5.79,"Currency":"EUR","DisplayAmount":"5,79 €"}}]}},{"ASIN":"B09YHZGN5S","DetailPageURL":"https://www.amazon.es/dp/B09YHZGN5S?tag=topinalambricos-21&linkCode=osi&th=1&psc=1","Images":{"Primary":{"Small":{"Height":75,"URL":"https://m.media-amazon.com/images/I/51lkxdPCgLL._SL75_.jpg","Width":75}}},"ItemInfo":{"ByLineInfo":{"Brand":{"DisplayValue":"MARICATO","Label":"Brand","Locale":"es_ES"},"Manufacturer":{"DisplayValue":"TO","Label":"Manufacturer","Locale":"es_ES"}},"Title":{"DisplayValue":"Carpeta de Presupuesto A6, MARICATO 29Piezas Carpeta de Cuaderno 6 Anillas de PU, con Bolsas de Transparente con Cremallera, Hojas de Presupuesto, Pegatinas, Indice de Clasificación, Regla, Rosa","Label":"Title","Locale":"es_ES"}},"Offers":{"Summaries":[{"Condition":{"Value":"New"},"LowestPrice":{"Amount":11.99,"Currency":"EUR","DisplayAmount":"11,99 € (35,26 € / kg)","PricePerUnit":35.26}}]}},{"ASIN":"B09PTKVWY8","DetailPageURL":"https://www.amazon.es/dp/B09PTKVWY8?tag=topinalambricos-21&linkCode=osi&th=1&psc=1","Images":{"Primary":{"Small":{"Height":75,"URL":"https://m.media-amazon.com/images/I/21ddEcjI4ML._SL75_.jpg","Width":75}}},"ItemInfo":{"ByLineInfo":{"Brand":{"DisplayValue":"CALISTOUK","Label":"Brand","Locale":"es_ES"},"Manufacturer":{"DisplayValue":"CALISTOUK","Label":"Manufacturer","Locale":"es_ES"}},"Title":{"DisplayValue":"Carpeta de Anillas con 6 Agujeros, Funda blanda de PVC, Cuaderno, Carpeta Tipo Archivador con Anillas de Forma Redonda, Carpeta de PVC flexible transparente, Recargable para A5/A6/A7 hojas (A5)","Label":"Title","Locale":"es_ES"}},"Offers":{"Summaries":[{"Condition":{"Value":"New"},"LowestPrice":{"Amount":8.08,"Currency":"EUR","DisplayAmount":"8,08 €"}}]}},{"ASIN":"B09XGP6STD","DetailPageURL":"https://www.amazon.es/dp/B09XGP6STD?tag=topinalambricos-21&linkCode=osi&th=1&psc=1","Images":{"Primary":{"Small":{"Height":75,"URL":"https://m.media-amazon.com/images/I/41dIgQt6WcL._SL75_.jpg","Width":75}}},"ItemInfo":{"ByLineInfo":{"Brand":{"DisplayValue":"TOYESS","Label":"Brand","Locale":"es_ES"},"Manufacturer":{"DisplayValue":"TOYESS","Label":"Manufacturer","Locale":"es_ES"}},"Title":{"DisplayValue":"TOYESS 30Pcs Carpeta de Cuaderno A5, Archivadores Cuero de PU con 12 Bolsas Transparente, 12 Hojas de Presupuesto, Clasificador de Presupuesto para Guardar Tarjetas Fotos Facturas, Rosa","Label":"Title","Locale":"es_ES"}},"Offers":{"Summaries":[{"Condition":{"Value":"New"},"LowestPrice":{"Amount":12.89,"Currency":"EUR","DisplayAmount":"12,89 €"}}]}},{"ASIN":"B013UX8334","DetailPageURL":"https://www.amazon.es/dp/B013UX8334?tag=topinalambricos-21&linkCode=osi&th=1&psc=1","Images":{"Primary":{"Small":{"Height":56,"URL":"https://m.media-amazon.com/images/I/310cVrYz8VL._SL75_.jpg","Width":75}}},"ItemInfo":{"ByLineInfo":{"Brand":{"DisplayValue":"HF2","Label":"Brand","Locale":"es_ES"},"Manufacturer":{"DisplayValue":"Europel Business Products","Label":"Manufacturer","Locale":"es_ES"}},"Title":{"DisplayValue":"HF2 122461 - Carpeta de 4 anillas, 16mm, A4. Color: blanco transparente.","Label":"Title","Locale":"es_ES"}},"Offers":{"Summaries":[{"Condition":{"Value":"New"},"LowestPrice":{"Amount":6.66,"Currency":"EUR","DisplayAmount":"6,66 €"}}]}},{"ASIN":"B0CB5W72X3","DetailPageURL":"https://www.amazon.es/dp/B0CB5W72X3?tag=topinalambricos-21&linkCode=osi&th=1&psc=1","Images":{"Primary":{"Small":{"Height":75,"URL":"https://m.media-amazon.com/images/I/41QsbuzJlOL._SL75_.jpg","Width":75}}},"ItemInfo":{"ByLineInfo":{"Brand":{"DisplayValue":"Gfamous","Label":"Brand","Locale":"es_ES"},"Manufacturer":{"DisplayValue":"Gfamous","Label":"Manufacturer","Locale":"es_ES"}},"Title":{"DisplayValue":"Gfamous Carpeta transparente para cuadernos de 2 unidades, transparente, carpeta de anillas transparente, cubierta de anillas A5, resistente al agua y a la suciedad, para cuadernos, pinturas A5","Label":"Title","Locale":"es_ES"}},"Offers":{"Summaries":[{"Condition":{"Value":"New"},"LowestPrice":{"Amount":14.99,"Currency":"EUR","DisplayAmount":"14,99 €"}}]}},{"ASIN":"B00TTW5QQ8","DetailPageURL":"https://www.amazon.es/dp/B00TTW5QQ8?tag=topinalambricos-21&linkCode=osi&th=1&psc=1","Images":{"Primary":{"Small":{"Height":75,"URL":"https://m.media-amazon.com/images/I/21A+P2uaxQL._SL75_.jpg","Width":75}}},"ItemInfo":{"ByLineInfo":{"Brand":{"DisplayValue":"Exacompta","Label":"Brand","Locale":"es_ES"},"Manufacturer":{"DisplayValue":"Exacompta","Label":"Manufacturer","Locale":"es_ES"}},"Title":{"DisplayValue":"Exacompta 51264E Cartelle ad Anelli, 32x26 cm, Cristal","Label":"Title","Locale":"es_ES"}},"Offers":{"Summaries":[{"Condition":{"Value":"Used"},"LowestPrice":{"Amount":6.0,"Currency":"EUR","DisplayAmount":"6,00 €"}},{"Condition":{"Value":"New"},"LowestPrice":{"Amount":6.95,"Currency":"EUR","DisplayAmount":"6,95 €"}}]}},{"ASIN":"B004HG68T0","DetailPageURL":"https://www.amazon.es/dp/B004HG68T0?tag=topinalambricos-21&linkCode=osi&th=1&psc=1","Images":{"Primary":{"Small":{"Height":75,"URL":"https://m.media-amazon.com/images/I/41SDi3NYXpL._SL75_.jpg","Width":42}}},"ItemInfo":{"ByLineInfo":{"Brand":{"DisplayValue":"Exacompta","Label":"Brand","Locale":"es_ES"},"Contributors":[{"Locale":"es_ES","Name":"Exacompta","Role":"Autor","RoleType":"author"}],"Manufacturer":{"DisplayValue":"Exacompta","Label":"Manufacturer","Locale":"es_ES"}},"Title":{"DisplayValue":"Exacompta - ref. 51568E - 1 carpeta rígida de polipropileno personalizable con 1 bolsillo - 4 anillas redondas, diámetro 30 mm - Dimensiones externas: 32 x 26,8 cm - Formato de archivo A4 Maxi -","Label":"Title","Locale":"es_ES"}},"Offers":{"Summaries":[{"Condition":{"Value":"New"},"LowestPrice":{"Amount":7.05,"Currency":"EUR","DisplayAmount":"7,05 €"}}]}}],"SearchURL":"https://www.amazon.es/s?k=transparente&rh=n%3A4353061031%2Cp_n_availability%3A-1&tag=topinalambricos-21&linkCode=osi","TotalResultCount":966}},"145":{"SearchResult":{"Items":[{"ASIN":"B01D38N4W6","DetailPageURL":"https://www.amazon.es/dp/B01D38N4W6?tag=topinalambricos-21&linkCode=osi&th=1&psc=1","Images":{"Primary":{"Small":{"Height":75,"URL":"https://m.media-amazon.com/images/I/41-juahWb2L._SL75_.jpg","Width":75}}},"ItemInfo":{"ByLineInfo":{"Brand":{"DisplayValue":"Grafoplás","Label":"Brand","Locale":"es_ES"},"Manufacturer":{"DisplayValue":"Grafoplas del Noroeste,S.A.","Label":"Manufacturer","Locale":"es_ES"}},"Title":{"DisplayValue":"Grafoplás 30121000. Carpeta de Anillas, A4, con 6 Sobres de 11 Taladros Multicolor/Transparente, Cierre de Goma","Label":"Title","Locale":"es_ES"}},"Offers":{"Summaries":[{"Condition":{"Value":"New"},"LowestPrice":{"Amount":9.52,"Currency":"EUR","DisplayAmount":"9,52 €"}}]}},{"ASIN":"B08RZ82PV5","DetailPageURL":"https://www.amazon.es/dp/B08RZ82PV5?tag=topinalambricos-21&linkCode=osi&th=1&psc=1","Images":{"Primary":{"Small":{"Height":75,"URL":"https://m.media-amazon.com/images/I/41QwGs8+oKL._SL75_.jpg","Width":75}}},"ItemInfo":{"ByLineInfo":{"Brand":{"DisplayValue":"Rapesco","Label":"Brand","Locale":"es_ES"},"Manufacturer":{"DisplayValue":"RAPESCO","Label":"Manufacturer","Locale":"es_ES"}},"Title":{"DisplayValue":"Rapesco 1630 Sobre Portafolios para Carpetas de Anillas, A4, Colores Transparentes Surtidos, Paquete de 5","Label":"Title","Locale":"es_ES"}},"Offers":{"Summaries":[{"Condition":{"Value":"New"},"LowestPrice":{"Amount":7.58,"Currency":"EUR","DisplayAmount":"7,58 € (1,52 € / unidad)","PricePerUnit":1.52}}]}},{"ASIN":"B001IVOW7C","DetailPageURL":"https://www.amazon.es/dp/B001IVOW7C?tag=topinalambricos-21&linkCode=osi&th=1&psc=1","Images":{"Primary":{"Small":{"Height":75,"URL":"https://m.media-amazon.com/images/I/313ZVnRCR7L._SL75_.jpg","Width":41}}},"ItemInfo":{"ByLineInfo":{"Brand":{"DisplayValue":"Oxford","Label":"Brand","Locale":"es_ES"},"Manufacturer":{"DisplayValue":"Hamelin Brands","Label":"Manufacturer","Locale":"es_ES"}},"Title":{"DisplayValue":"Oxford - Archivador 4 anillas Tapas de plástico personalizables, A4, Color transparente","Label":"Title","Locale":"es_ES"}},"Offers":{"Summaries":[{"Condition":{"Value":"New"},"LowestPrice":{"Amount":5.79,"Currency":"EUR","DisplayAmount":"5,79 €"}}]}},{"ASIN":"B09YHZGN5S","DetailPageURL":"https://www.amazon.es/dp/B09YHZGN5S?tag=topinalambricos-21&linkCode=osi&th=1&psc=1","Images":{"Primary":{"Small":{"Height":75,"URL":"https://m.media-amazon.com/images/I/51lkxdPCgLL._SL75_.jpg","Width":75}}},"ItemInfo":{"ByLineInfo":{"Brand":{"DisplayValue":"MARICATO","Label":"Brand","Locale":"es_ES"},"Manufacturer":{"DisplayValue":"TO","Label":"Manufacturer","Locale":"es_ES"}},"Title":{"DisplayValue":"Carpeta de Presupuesto A6, MARICATO 29Piezas Carpeta de Cuaderno 6 Anillas de PU, con Bolsas de Transparente con Cremallera, Hojas de Presupuesto, Pegatinas, Indice de Clasificación, Regla, Rosa","Label":"Title","Locale":"es_ES"}},"Offers":{"Summaries":[{"Condition":{"Value":"New"},"LowestPrice":{"Amount":11.99,"Currency":"EUR","DisplayAmount":"11,99 € (35,26 € / kg)","PricePerUnit":35.26}}]}},{"ASIN":"B09PTKVWY8","DetailPageURL":"https://www.amazon.es/dp/B09PTKVWY8?tag=topinalambricos-21&linkCode=osi&th=1&psc=1","Images":{"Primary":{"Small":{"Height":75,"URL":"https://m.media-amazon.com/images/I/21ddEcjI4ML._SL75_.jpg","Width":75}}},"ItemInfo":{"ByLineInfo":{"Brand":{"DisplayValue":"CALISTOUK","Label":"Brand","Locale":"es_ES"},"Manufacturer":{"DisplayValue":"CALISTOUK","Label":"Manufacturer","Locale":"es_ES"}},"Title":{"DisplayValue":"Carpeta de Anillas con 6 Agujeros, Funda blanda de PVC, Cuaderno, Carpeta Tipo Archivador con Anillas de Forma Redonda, Carpeta de PVC flexible transparente, Recargable para A5/A6/A7 hojas (A5)","Label":"Title","Locale":"es_ES"}},"Offers":{"Summaries":[{"Condition":{"Value":"New"},"LowestPrice":{"Amount":8.08,"Currency":"EUR","DisplayAmount":"8,08 €"}}]}},{"ASIN":"B09XGP6STD","DetailPageURL":"https://www.amazon.es/dp/B09XGP6STD?tag=topinalambricos-21&linkCode=osi&th=1&psc=1","Images":{"Primary":{"Small":{"Height":75,"URL":"https://m.media-amazon.com/images/I/41dIgQt6WcL._SL75_.jpg","Width":75}}},"ItemInfo":{"ByLineInfo":{"Brand":{"DisplayValue":"TOYESS","Label":"Brand","Locale":"es_ES"},"Manufacturer":{"DisplayValue":"TOYESS","Label":"Manufacturer","Locale":"es_ES"}},"Title":{"DisplayValue":"TOYESS 30Pcs Carpeta de Cuaderno A5, Archivadores Cuero de PU con 12 Bolsas Transparente, 12 Hojas de Presupuesto, Clasificador de Presupuesto para Guardar Tarjetas Fotos Facturas, Rosa","Label":"Title","Locale":"es_ES"}},"Offers":{"Summaries":[{"Condition":{"Value":"New"},"LowestPrice":{"Amount":12.89,"Currency":"EUR","DisplayAmount":"12,89 €"}}]}},{"ASIN":"B013UX8334","DetailPageURL":"https://www.amazon.es/dp/B013UX8334?tag=topinalambricos-21&linkCode=osi&th=1&psc=1","Images":{"Primary":{"Small":{"Height":56,"URL":"https://m.media-amazon.com/images/I/310cVrYz8VL._SL75_.jpg","Width":75}}},"ItemInfo":{"ByLineInfo":{"Brand":{"DisplayValue":"HF2","Label":"Brand","Locale":"es_ES"},"Manufacturer":{"DisplayValue":"Europel Business Products","Label":"Manufacturer","Locale":"es_ES"}},"Title":{"DisplayValue":"HF2 122461 - Carpeta de 4 anillas, 16mm, A4. Color: blanco transparente.","Label":"Title","Locale":"es_ES"}},"Offers":{"Summaries":[{"Condition":{"Value":"New"},"LowestPrice":{"Amount":6.66,"Currency":"EUR","DisplayAmount":"6,66 €"}}]}},{"ASIN":"B0CB5W72X3","DetailPageURL":"https://www.amazon.es/dp/B0CB5W72X3?tag=topinalambricos-21&linkCode=osi&th=1&psc=1","Images":{"Primary":{"Small":{"Height":75,"URL":"https://m.media-amazon.com/images/I/41QsbuzJlOL._SL75_.jpg","Width":75}}},"ItemInfo":{"ByLineInfo":{"Brand":{"DisplayValue":"Gfamous","Label":"Brand","Locale":"es_ES"},"Manufacturer":{"DisplayValue":"Gfamous","Label":"Manufacturer","Locale":"es_ES"}},"Title":{"DisplayValue":"Gfamous Carpeta transparente para cuadernos de 2 unidades, transparente, carpeta de anillas transparente, cubierta de anillas A5, resistente al agua y a la suciedad, para cuadernos, pinturas A5","Label":"Title","Locale":"es_ES"}},"Offers":{"Summaries":[{"Condition":{"Value":"New"},"LowestPrice":{"Amount":14.99,"Currency":"EUR","DisplayAmount":"14,99 €"}}]}},{"ASIN":"B00TTW5QQ8","DetailPageURL":"https://www.amazon.es/dp/B00TTW5QQ8?tag=topinalambricos-21&linkCode=osi&th=1&psc=1","Images":{"Primary":{"Small":{"Height":75,"URL":"https://m.media-amazon.com/images/I/21A+P2uaxQL._SL75_.jpg","Width":75}}},"ItemInfo":{"ByLineInfo":{"Brand":{"DisplayValue":"Exacompta","Label":"Brand","Locale":"es_ES"},"Manufacturer":{"DisplayValue":"Exacompta","Label":"Manufacturer","Locale":"es_ES"}},"Title":{"DisplayValue":"Exacompta 51264E Cartelle ad Anelli, 32x26 cm, Cristal","Label":"Title","Locale":"es_ES"}},"Offers":{"Summaries":[{"Condition":{"Value":"Used"},"LowestPrice":{"Amount":6.0,"Currency":"EUR","DisplayAmount":"6,00 €"}},{"Condition":{"Value":"New"},"LowestPrice":{"Amount":6.95,"Currency":"EUR","DisplayAmount":"6,95 €"}}]}},{"ASIN":"B004HG68T0","DetailPageURL":"https://www.amazon.es/dp/B004HG68T0?tag=topinalambricos-21&linkCode=osi&th=1&psc=1","Images":{"Primary":{"Small":{"Height":75,"URL":"https://m.media-amazon.com/images/I/41SDi3NYXpL._SL75_.jpg","Width":42}}},"ItemInfo":{"ByLineInfo":{"Brand":{"DisplayValue":"Exacompta","Label":"Brand","Locale":"es_ES"},"Contributors":[{"Locale":"es_ES","Name":"Exacompta","Role":"Autor","RoleType":"author"}],"Manufacturer":{"DisplayValue":"Exacompta","Label":"Manufacturer","Locale":"es_ES"}},"Title":{"DisplayValue":"Exacompta - ref. 51568E - 1 carpeta rígida de polipropileno personalizable con 1 bolsillo - 4 anillas redondas, diámetro 30 mm - Dimensiones externas: 32 x 26,8 cm - Formato de archivo A4 Maxi -","Label":"Title","Locale":"es_ES"}},"Offers":{"Summaries":[{"Condition":{"Value":"New"},"LowestPrice":{"Amount":7.05,"Currency":"EUR","DisplayAmount":"7,05 €"}}]}}],"SearchURL":"https://www.amazon.es/s?k=transparente&rh=n%3A4353061031%2Cp_n_availability%3A-1&tag=topinalambricos-21&linkCode=osi","TotalResultCount":966}},"147":{"SearchResult":{"Items":[{"ASIN":"B01D38N4W6","DetailPageURL":"https://www.amazon.es/dp/B01D38N4W6?tag=topinalambricos-21&linkCode=osi&th=1&psc=1","Images":{"Primary":{"Small":{"Height":75,"URL":"https://m.media-amazon.com/images/I/41-juahWb2L._SL75_.jpg","Width":75}}},"ItemInfo":{"ByLineInfo":{"Brand":{"DisplayValue":"Grafoplás","Label":"Brand","Locale":"es_ES"},"Manufacturer":{"DisplayValue":"Grafoplas del Noroeste,S.A.","Label":"Manufacturer","Locale":"es_ES"}},"Title":{"DisplayValue":"Grafoplás 30121000. Carpeta de Anillas, A4, con 6 Sobres de 11 Taladros Multicolor/Transparente, Cierre de Goma","Label":"Title","Locale":"es_ES"}},"Offers":{"Summaries":[{"Condition":{"Value":"New"},"LowestPrice":{"Amount":9.52,"Currency":"EUR","DisplayAmount":"9,52 €"}}]}},{"ASIN":"B08RZ82PV5","DetailPageURL":"https://www.amazon.es/dp/B08RZ82PV5?tag=topinalambricos-21&linkCode=osi&th=1&psc=1","Images":{"Primary":{"Small":{"Height":75,"URL":"https://m.media-amazon.com/images/I/41QwGs8+oKL._SL75_.jpg","Width":75}}},"ItemInfo":{"ByLineInfo":{"Brand":{"DisplayValue":"Rapesco","Label":"Brand","Locale":"es_ES"},"Manufacturer":{"DisplayValue":"RAPESCO","Label":"Manufacturer","Locale":"es_ES"}},"Title":{"DisplayValue":"Rapesco 1630 Sobre Portafolios para Carpetas de Anillas, A4, Colores Transparentes Surtidos, Paquete de 5","Label":"Title","Locale":"es_ES"}},"Offers":{"Summaries":[{"Condition":{"Value":"New"},"LowestPrice":{"Amount":7.58,"Currency":"EUR","DisplayAmount":"7,58 € (1,52 € / unidad)","PricePerUnit":1.52}}]}},{"ASIN":"B001IVOW7C","DetailPageURL":"https://www.amazon.es/dp/B001IVOW7C?tag=topinalambricos-21&linkCode=osi&th=1&psc=1","Images":{"Primary":{"Small":{"Height":75,"URL":"https://m.media-amazon.com/images/I/313ZVnRCR7L._SL75_.jpg","Width":41}}},"ItemInfo":{"ByLineInfo":{"Brand":{"DisplayValue":"Oxford","Label":"Brand","Locale":"es_ES"},"Manufacturer":{"DisplayValue":"Hamelin Brands","Label":"Manufacturer","Locale":"es_ES"}},"Title":{"DisplayValue":"Oxford - Archivador 4 anillas Tapas de plástico personalizables, A4, Color transparente","Label":"Title","Locale":"es_ES"}},"Offers":{"Summaries":[{"Condition":{"Value":"New"},"LowestPrice":{"Amount":5.79,"Currency":"EUR","DisplayAmount":"5,79 €"}}]}},{"ASIN":"B09YHZGN5S","DetailPageURL":"https://www.amazon.es/dp/B09YHZGN5S?tag=topinalambricos-21&linkCode=osi&th=1&psc=1","Images":{"Primary":{"Small":{"Height":75,"URL":"https://m.media-amazon.com/images/I/51lkxdPCgLL._SL75_.jpg","Width":75}}},"ItemInfo":{"ByLineInfo":{"Brand":{"DisplayValue":"MARICATO","Label":"Brand","Locale":"es_ES"},"Manufacturer":{"DisplayValue":"TO","Label":"Manufacturer","Locale":"es_ES"}},"Title":{"DisplayValue":"Carpeta de Presupuesto A6, MARICATO 29Piezas Carpeta de Cuaderno 6 Anillas de PU, con Bolsas de Transparente con Cremallera, Hojas de Presupuesto, Pegatinas, Indice de Clasificación, Regla, Rosa","Label":"Title","Locale":"es_ES"}},"Offers":{"Summaries":[{"Condition":{"Value":"New"},"LowestPrice":{"Amount":11.99,"Currency":"EUR","DisplayAmount":"11,99 € (35,26 € / kg)","PricePerUnit":35.26}}]}},{"ASIN":"B09PTKVWY8","DetailPageURL":"https://www.amazon.es/dp/B09PTKVWY8?tag=topinalambricos-21&linkCode=osi&th=1&psc=1","Images":{"Primary":{"Small":{"Height":75,"URL":"https://m.media-amazon.com/images/I/21ddEcjI4ML._SL75_.jpg","Width":75}}},"ItemInfo":{"ByLineInfo":{"Brand":{"DisplayValue":"CALISTOUK","Label":"Brand","Locale":"es_ES"},"Manufacturer":{"DisplayValue":"CALISTOUK","Label":"Manufacturer","Locale":"es_ES"}},"Title":{"DisplayValue":"Carpeta de Anillas con 6 Agujeros, Funda blanda de PVC, Cuaderno, Carpeta Tipo Archivador con Anillas de Forma Redonda, Carpeta de PVC flexible transparente, Recargable para A5/A6/A7 hojas (A5)","Label":"Title","Locale":"es_ES"}},"Offers":{"Summaries":[{"Condition":{"Value":"New"},"LowestPrice":{"Amount":8.08,"Currency":"EUR","DisplayAmount":"8,08 €"}}]}},{"ASIN":"B09XGP6STD","DetailPageURL":"https://www.amazon.es/dp/B09XGP6STD?tag=topinalambricos-21&linkCode=osi&th=1&psc=1","Images":{"Primary":{"Small":{"Height":75,"URL":"https://m.media-amazon.com/images/I/41dIgQt6WcL._SL75_.jpg","Width":75}}},"ItemInfo":{"ByLineInfo":{"Brand":{"DisplayValue":"TOYESS","Label":"Brand","Locale":"es_ES"},"Manufacturer":{"DisplayValue":"TOYESS","Label":"Manufacturer","Locale":"es_ES"}},"Title":{"DisplayValue":"TOYESS 30Pcs Carpeta de Cuaderno A5, Archivadores Cuero de PU con 12 Bolsas Transparente, 12 Hojas de Presupuesto, Clasificador de Presupuesto para Guardar Tarjetas Fotos Facturas, Rosa","Label":"Title","Locale":"es_ES"}},"Offers":{"Summaries":[{"Condition":{"Value":"New"},"LowestPrice":{"Amount":12.89,"Currency":"EUR","DisplayAmount":"12,89 €"}}]}},{"ASIN":"B013UX8334","DetailPageURL":"https://www.amazon.es/dp/B013UX8334?tag=topinalambricos-21&linkCode=osi&th=1&psc=1","Images":{"Primary":{"Small":{"Height":56,"URL":"https://m.media-amazon.com/images/I/310cVrYz8VL._SL75_.jpg","Width":75}}},"ItemInfo":{"ByLineInfo":{"Brand":{"DisplayValue":"HF2","Label":"Brand","Locale":"es_ES"},"Manufacturer":{"DisplayValue":"Europel Business Products","Label":"Manufacturer","Locale":"es_ES"}},"Title":{"DisplayValue":"HF2 122461 - Carpeta de 4 anillas, 16mm, A4. Color: blanco transparente.","Label":"Title","Locale":"es_ES"}},"Offers":{"Summaries":[{"Condition":{"Value":"New"},"LowestPrice":{"Amount":6.66,"Currency":"EUR","DisplayAmount":"6,66 €"}}]}},{"ASIN":"B0CB5W72X3","DetailPageURL":"https://www.amazon.es/dp/B0CB5W72X3?tag=topinalambricos-21&linkCode=osi&th=1&psc=1","Images":{"Primary":{"Small":{"Height":75,"URL":"https://m.media-amazon.com/images/I/41QsbuzJlOL._SL75_.jpg","Width":75}}},"ItemInfo":{"ByLineInfo":{"Brand":{"DisplayValue":"Gfamous","Label":"Brand","Locale":"es_ES"},"Manufacturer":{"DisplayValue":"Gfamous","Label":"Manufacturer","Locale":"es_ES"}},"Title":{"DisplayValue":"Gfamous Carpeta transparente para cuadernos de 2 unidades, transparente, carpeta de anillas transparente, cubierta de anillas A5, resistente al agua y a la suciedad, para cuadernos, pinturas A5","Label":"Title","Locale":"es_ES"}},"Offers":{"Summaries":[{"Condition":{"Value":"New"},"LowestPrice":{"Amount":14.99,"Currency":"EUR","DisplayAmount":"14,99 €"}}]}},{"ASIN":"B00TTW5QQ8","DetailPageURL":"https://www.amazon.es/dp/B00TTW5QQ8?tag=topinalambricos-21&linkCode=osi&th=1&psc=1","Images":{"Primary":{"Small":{"Height":75,"URL":"https://m.media-amazon.com/images/I/21A+P2uaxQL._SL75_.jpg","Width":75}}},"ItemInfo":{"ByLineInfo":{"Brand":{"DisplayValue":"Exacompta","Label":"Brand","Locale":"es_ES"},"Manufacturer":{"DisplayValue":"Exacompta","Label":"Manufacturer","Locale":"es_ES"}},"Title":{"DisplayValue":"Exacompta 51264E Cartelle ad Anelli, 32x26 cm, Cristal","Label":"Title","Locale":"es_ES"}},"Offers":{"Summaries":[{"Condition":{"Value":"Used"},"LowestPrice":{"Amount":6.0,"Currency":"EUR","DisplayAmount":"6,00 €"}},{"Condition":{"Value":"New"},"LowestPrice":{"Amount":6.95,"Currency":"EUR","DisplayAmount":"6,95 €"}}]}},{"ASIN":"B004HG68T0","DetailPageURL":"https://www.amazon.es/dp/B004HG68T0?tag=topinalambricos-21&linkCode=osi&th=1&psc=1","Images":{"Primary":{"Small":{"Height":75,"URL":"https://m.media-amazon.com/images/I/41SDi3NYXpL._SL75_.jpg","Width":42}}},"ItemInfo":{"ByLineInfo":{"Brand":{"DisplayValue":"Exacompta","Label":"Brand","Locale":"es_ES"},"Contributors":[{"Locale":"es_ES","Name":"Exacompta","Role":"Autor","RoleType":"author"}],"Manufacturer":{"DisplayValue":"Exacompta","Label":"Manufacturer","Locale":"es_ES"}},"Title":{"DisplayValue":"Exacompta - ref. 51568E - 1 carpeta rígida de polipropileno personalizable con 1 bolsillo - 4 anillas redondas, diámetro 30 mm - Dimensiones externas: 32 x 26,8 cm - Formato de archivo A4 Maxi -","Label":"Title","Locale":"es_ES"}},"Offers":{"Summaries":[{"Condition":{"Value":"New"},"LowestPrice":{"Amount":7.05,"Currency":"EUR","DisplayAmount":"7,05 €"}}]}}],"SearchURL":"https://www.amazon.es/s?k=transparente&rh=n%3A4353061031%2Cp_n_availability%3A-1&tag=topinalambricos-21&linkCode=osi","TotalResultCount":966}},"148":{"SearchResult":{"Items":[{"ASIN":"B01D38N4W6","DetailPageURL":"https://www.amazon.es/dp/B01D38N4W6?tag=topinalambricos-21&linkCode=osi&th=1&psc=1","Images":{"Primary":{"Small":{"Height":75,"URL":"https://m.media-amazon.com/images/I/41-juahWb2L._SL75_.jpg","Width":75}}},"ItemInfo":{"ByLineInfo":{"Brand":{"DisplayValue":"Grafoplás","Label":"Brand","Locale":"es_ES"},"Manufacturer":{"DisplayValue":"Grafoplas del Noroeste,S.A.","Label":"Manufacturer","Locale":"es_ES"}},"Title":{"DisplayValue":"Grafoplás 30121000. Carpeta de Anillas, A4, con 6 Sobres de 11 Taladros Multicolor/Transparente, Cierre de Goma","Label":"Title","Locale":"es_ES"}},"Offers":{"Summaries":[{"Condition":{"Value":"New"},"LowestPrice":{"Amount":9.52,"Currency":"EUR","DisplayAmount":"9,52 €"}}]}},{"ASIN":"B08RZ82PV5","DetailPageURL":"https://www.amazon.es/dp/B08RZ82PV5?tag=topinalambricos-21&linkCode=osi&th=1&psc=1","Images":{"Primary":{"Small":{"Height":75,"URL":"https://m.media-amazon.com/images/I/41QwGs8+oKL._SL75_.jpg","Width":75}}},"ItemInfo":{"ByLineInfo":{"Brand":{"DisplayValue":"Rapesco","Label":"Brand","Locale":"es_ES"},"Manufacturer":{"DisplayValue":"RAPESCO","Label":"Manufacturer","Locale":"es_ES"}},"Title":{"DisplayValue":"Rapesco 1630 Sobre Portafolios para Carpetas de Anillas, A4, Colores Transparentes Surtidos, Paquete de 5","Label":"Title","Locale":"es_ES"}},"Offers":{"Summaries":[{"Condition":{"Value":"New"},"LowestPrice":{"Amount":7.58,"Currency":"EUR","DisplayAmount":"7,58 € (1,52 € / unidad)","PricePerUnit":1.52}}]}},{"ASIN":"B001IVOW7C","DetailPageURL":"https://www.amazon.es/dp/B001IVOW7C?tag=topinalambricos-21&linkCode=osi&th=1&psc=1","Images":{"Primary":{"Small":{"Height":75,"URL":"https://m.media-amazon.com/images/I/313ZVnRCR7L._SL75_.jpg","Width":41}}},"ItemInfo":{"ByLineInfo":{"Brand":{"DisplayValue":"Oxford","Label":"Brand","Locale":"es_ES"},"Manufacturer":{"DisplayValue":"Hamelin Brands","Label":"Manufacturer","Locale":"es_ES"}},"Title":{"DisplayValue":"Oxford - Archivador 4 anillas Tapas de plástico personalizables, A4, Color transparente","Label":"Title","Locale":"es_ES"}},"Offers":{"Summaries":[{"Condition":{"Value":"New"},"LowestPrice":{"Amount":5.79,"Currency":"EUR","DisplayAmount":"5,79 €"}}]}},{"ASIN":"B09YHZGN5S","DetailPageURL":"https://www.amazon.es/dp/B09YHZGN5S?tag=topinalambricos-21&linkCode=osi&th=1&psc=1","Images":{"Primary":{"Small":{"Height":75,"URL":"https://m.media-amazon.com/images/I/51lkxdPCgLL._SL75_.jpg","Width":75}}},"ItemInfo":{"ByLineInfo":{"Brand":{"DisplayValue":"MARICATO","Label":"Brand","Locale":"es_ES"},"Manufacturer":{"DisplayValue":"TO","Label":"Manufacturer","Locale":"es_ES"}},"Title":{"DisplayValue":"Carpeta de Presupuesto A6, MARICATO 29Piezas Carpeta de Cuaderno 6 Anillas de PU, con Bolsas de Transparente con Cremallera, Hojas de Presupuesto, Pegatinas, Indice de Clasificación, Regla, Rosa","Label":"Title","Locale":"es_ES"}},"Offers":{"Summaries":[{"Condition":{"Value":"New"},"LowestPrice":{"Amount":11.99,"Currency":"EUR","DisplayAmount":"11,99 € (35,26 € / kg)","PricePerUnit":35.26}}]}},{"ASIN":"B09PTKVWY8","DetailPageURL":"https://www.amazon.es/dp/B09PTKVWY8?tag=topinalambricos-21&linkCode=osi&th=1&psc=1","Images":{"Primary":{"Small":{"Height":75,"URL":"https://m.media-amazon.com/images/I/21ddEcjI4ML._SL75_.jpg","Width":75}}},"ItemInfo":{"ByLineInfo":{"Brand":{"DisplayValue":"CALISTOUK","Label":"Brand","Locale":"es_ES"},"Manufacturer":{"DisplayValue":"CALISTOUK","Label":"Manufacturer","Locale":"es_ES"}},"Title":{"DisplayValue":"Carpeta de Anillas con 6 Agujeros, Funda blanda de PVC, Cuaderno, Carpeta Tipo Archivador con Anillas de Forma Redonda, Carpeta de PVC flexible transparente, Recargable para A5/A6/A7 hojas (A5)","Label":"Title","Locale":"es_ES"}},"Offers":{"Summaries":[{"Condition":{"Value":"New"},"LowestPrice":{"Amount":8.08,"Currency":"EUR","DisplayAmount":"8,08 €"}}]}},{"ASIN":"B09XGP6STD","DetailPageURL":"https://www.amazon.es/dp/B09XGP6STD?tag=topinalambricos-21&linkCode=osi&th=1&psc=1","Images":{"Primary":{"Small":{"Height":75,"URL":"https://m.media-amazon.com/images/I/41dIgQt6WcL._SL75_.jpg","Width":75}}},"ItemInfo":{"ByLineInfo":{"Brand":{"DisplayValue":"TOYESS","Label":"Brand","Locale":"es_ES"},"Manufacturer":{"DisplayValue":"TOYESS","Label":"Manufacturer","Locale":"es_ES"}},"Title":{"DisplayValue":"TOYESS 30Pcs Carpeta de Cuaderno A5, Archivadores Cuero de PU con 12 Bolsas Transparente, 12 Hojas de Presupuesto, Clasificador de Presupuesto para Guardar Tarjetas Fotos Facturas, Rosa","Label":"Title","Locale":"es_ES"}},"Offers":{"Summaries":[{"Condition":{"Value":"New"},"LowestPrice":{"Amount":12.89,"Currency":"EUR","DisplayAmount":"12,89 €"}}]}},{"ASIN":"B013UX8334","DetailPageURL":"https://www.amazon.es/dp/B013UX8334?tag=topinalambricos-21&linkCode=osi&th=1&psc=1","Images":{"Primary":{"Small":{"Height":56,"URL":"https://m.media-amazon.com/images/I/310cVrYz8VL._SL75_.jpg","Width":75}}},"ItemInfo":{"ByLineInfo":{"Brand":{"DisplayValue":"HF2","Label":"Brand","Locale":"es_ES"},"Manufacturer":{"DisplayValue":"Europel Business Products","Label":"Manufacturer","Locale":"es_ES"}},"Title":{"DisplayValue":"HF2 122461 - Carpeta de 4 anillas, 16mm, A4. Color: blanco transparente.","Label":"Title","Locale":"es_ES"}},"Offers":{"Summaries":[{"Condition":{"Value":"New"},"LowestPrice":{"Amount":6.66,"Currency":"EUR","DisplayAmount":"6,66 €"}}]}},{"ASIN":"B0CB5W72X3","DetailPageURL":"https://www.amazon.es/dp/B0CB5W72X3?tag=topinalambricos-21&linkCode=osi&th=1&psc=1","Images":{"Primary":{"Small":{"Height":75,"URL":"https://m.media-amazon.com/images/I/41QsbuzJlOL._SL75_.jpg","Width":75}}},"ItemInfo":{"ByLineInfo":{"Brand":{"DisplayValue":"Gfamous","Label":"Brand","Locale":"es_ES"},"Manufacturer":{"DisplayValue":"Gfamous","Label":"Manufacturer","Locale":"es_ES"}},"Title":{"DisplayValue":"Gfamous Carpeta transparente para cuadernos de 2 unidades, transparente, carpeta de anillas transparente, cubierta de anillas A5, resistente al agua y a la suciedad, para cuadernos, pinturas A5","Label":"Title","Locale":"es_ES"}},"Offers":{"Summaries":[{"Condition":{"Value":"New"},"LowestPrice":{"Amount":14.99,"Currency":"EUR","DisplayAmount":"14,99 €"}}]}},{"ASIN":"B00TTW5QQ8","DetailPageURL":"https://www.amazon.es/dp/B00TTW5QQ8?tag=topinalambricos-21&linkCode=osi&th=1&psc=1","Images":{"Primary":{"Small":{"Height":75,"URL":"https://m.media-amazon.com/images/I/21A+P2uaxQL._SL75_.jpg","Width":75}}},"ItemInfo":{"ByLineInfo":{"Brand":{"DisplayValue":"Exacompta","Label":"Brand","Locale":"es_ES"},"Manufacturer":{"DisplayValue":"Exacompta","Label":"Manufacturer","Locale":"es_ES"}},"Title":{"DisplayValue":"Exacompta 51264E Cartelle ad Anelli, 32x26 cm, Cristal","Label":"Title","Locale":"es_ES"}},"Offers":{"Summaries":[{"Condition":{"Value":"Used"},"LowestPrice":{"Amount":6.0,"Currency":"EUR","DisplayAmount":"6,00 €"}},{"Condition":{"Value":"New"},"LowestPrice":{"Amount":6.95,"Currency":"EUR","DisplayAmount":"6,95 €"}}]}},{"ASIN":"B004HG68T0","DetailPageURL":"https://www.amazon.es/dp/B004HG68T0?tag=topinalambricos-21&linkCode=osi&th=1&psc=1","Images":{"Primary":{"Small":{"Height":75,"URL":"https://m.media-amazon.com/images/I/41SDi3NYXpL._SL75_.jpg","Width":42}}},"ItemInfo":{"ByLineInfo":{"Brand":{"DisplayValue":"Exacompta","Label":"Brand","Locale":"es_ES"},"Contributors":[{"Locale":"es_ES","Name":"Exacompta","Role":"Autor","RoleType":"author"}],"Manufacturer":{"DisplayValue":"Exacompta","Label":"Manufacturer","Locale":"es_ES"}},"Title":{"DisplayValue":"Exacompta - ref. 51568E - 1 carpeta rígida de polipropileno personalizable con 1 bolsillo - 4 anillas redondas, diámetro 30 mm - Dimensiones externas: 32 x 26,8 cm - Formato de archivo A4 Maxi -","Label":"Title","Locale":"es_ES"}},"Offers":{"Summaries":[{"Condition":{"Value":"New"},"LowestPrice":{"Amount":7.05,"Currency":"EUR","DisplayAmount":"7,05 €"}}]}}],"SearchURL":"https://www.amazon.es/s?k=transparente&rh=n%3A4353061031%2Cp_n_availability%3A-1&tag=topinalambricos-21&linkCode=osi","TotalResultCount":966}},"150":{"SearchResult":{"Items":[{"ASIN":"B01D38N4W6","DetailPageURL":"https://www.amazon.es/dp/B01D38N4W6?tag=topinalambricos-21&linkCode=osi&th=1&psc=1","Images":{"Primary":{"Small":{"Height":75,"URL":"https://m.media-amazon.com/images/I/41-juahWb2L._SL75_.jpg","Width":75}}},"ItemInfo":{"ByLineInfo":{"Brand":{"DisplayValue":"Grafoplás","Label":"Brand","Locale":"es_ES"},"Manufacturer":{"DisplayValue":"Grafoplas del Noroeste,S.A.","Label":"Manufacturer","Locale":"es_ES"}},"Title":{"DisplayValue":"Grafoplás 30121000. Carpeta de Anillas, A4, con 6 Sobres de 11 Taladros Multicolor/Transparente, Cierre de Goma","Label":"Title","Locale":"es_ES"}},"Offers":{"Summaries":[{"Condition":{"Value":"New"},"LowestPrice":{"Amount":9.52,"Currency":"EUR","DisplayAmount":"9,52 €"}}]}},{"ASIN":"B08RZ82PV5","DetailPageURL":"https://www.amazon.es/dp/B08RZ82PV5?tag=topinalambricos-21&linkCode=osi&th=1&psc=1","Images":{"Primary":{"Small":{"Height":75,"URL":"https://m.media-amazon.com/images/I/41QwGs8+oKL._SL75_.jpg","Width":75}}},"ItemInfo":{"ByLineInfo":{"Brand":{"DisplayValue":"Rapesco","Label":"Brand","Locale":"es_ES"},"Manufacturer":{"DisplayValue":"RAPESCO","Label":"Manufacturer","Locale":"es_ES"}},"Title":{"DisplayValue":"Rapesco 1630 Sobre Portafolios para Carpetas de Anillas, A4, Colores Transparentes Surtidos, Paquete de 5","Label":"Title","Locale":"es_ES"}},"Offers":{"Summaries":[{"Condition":{"Value":"New"},"LowestPrice":{"Amount":7.58,"Currency":"EUR","DisplayAmount":"7,58 € (1,52 € / unidad)","PricePerUnit":1.52}}]}},{"ASIN":"B001IVOW7C","DetailPageURL":"https://www.amazon.es/dp/B001IVOW7C?tag=topinalambricos-21&linkCode=osi&th=1&psc=1","Images":{"Primary":{"Small":{"Height":75,"URL":"https://m.media-amazon.com/images/I/313ZVnRCR7L._SL75_.jpg","Width":41}}},"ItemInfo":{"ByLineInfo":{"Brand":{"DisplayValue":"Oxford","Label":"Brand","Locale":"es_ES"},"Manufacturer":{"DisplayValue":"Hamelin Brands","Label":"Manufacturer","Locale":"es_ES"}},"Title":{"DisplayValue":"Oxford - Archivador 4 anillas Tapas de plástico personalizables, A4, Color transparente","Label":"Title","Locale":"es_ES"}},"Offers":{"Summaries":[{"Condition":{"Value":"New"},"LowestPrice":{"Amount":5.79,"Currency":"EUR","DisplayAmount":"5,79 €"}}]}},{"ASIN":"B09YHZGN5S","DetailPageURL":"https://www.amazon.es/dp/B09YHZGN5S?tag=topinalambricos-21&linkCode=osi&th=1&psc=1","Images":{"Primary":{"Small":{"Height":75,"URL":"https://m.media-amazon.com/images/I/51lkxdPCgLL._SL75_.jpg","Width":75}}},"ItemInfo":{"ByLineInfo":{"Brand":{"DisplayValue":"MARICATO","Label":"Brand","Locale":"es_ES"},"Manufacturer":{"DisplayValue":"TO","Label":"Manufacturer","Locale":"es_ES"}},"Title":{"DisplayValue":"Carpeta de Presupuesto A6, MARICATO 29Piezas Carpeta de Cuaderno 6 Anillas de PU, con Bolsas de Transparente con Cremallera, Hojas de Presupuesto, Pegatinas, Indice de Clasificación, Regla, Rosa","Label":"Title","Locale":"es_ES"}},"Offers":{"Summaries":[{"Condition":{"Value":"New"},"LowestPrice":{"Amount":11.99,"Currency":"EUR","DisplayAmount":"11,99 € (35,26 € / kg)","PricePerUnit":35.26}}]}},{"ASIN":"B09PTKVWY8","DetailPageURL":"https://www.amazon.es/dp/B09PTKVWY8?tag=topinalambricos-21&linkCode=osi&th=1&psc=1","Images":{"Primary":{"Small":{"Height":75,"URL":"https://m.media-amazon.com/images/I/21ddEcjI4ML._SL75_.jpg","Width":75}}},"ItemInfo":{"ByLineInfo":{"Brand":{"DisplayValue":"CALISTOUK","Label":"Brand","Locale":"es_ES"},"Manufacturer":{"DisplayValue":"CALISTOUK","Label":"Manufacturer","Locale":"es_ES"}},"Title":{"DisplayValue":"Carpeta de Anillas con 6 Agujeros, Funda blanda de PVC, Cuaderno, Carpeta Tipo Archivador con Anillas de Forma Redonda, Carpeta de PVC flexible transparente, Recargable para A5/A6/A7 hojas (A5)","Label":"Title","Locale":"es_ES"}},"Offers":{"Summaries":[{"Condition":{"Value":"New"},"LowestPrice":{"Amount":8.08,"Currency":"EUR","DisplayAmount":"8,08 €"}}]}},{"ASIN":"B09XGP6STD","DetailPageURL":"https://www.amazon.es/dp/B09XGP6STD?tag=topinalambricos-21&linkCode=osi&th=1&psc=1","Images":{"Primary":{"Small":{"Height":75,"URL":"https://m.media-amazon.com/images/I/41dIgQt6WcL._SL75_.jpg","Width":75}}},"ItemInfo":{"ByLineInfo":{"Brand":{"DisplayValue":"TOYESS","Label":"Brand","Locale":"es_ES"},"Manufacturer":{"DisplayValue":"TOYESS","Label":"Manufacturer","Locale":"es_ES"}},"Title":{"DisplayValue":"TOYESS 30Pcs Carpeta de Cuaderno A5, Archivadores Cuero de PU con 12 Bolsas Transparente, 12 Hojas de Presupuesto, Clasificador de Presupuesto para Guardar Tarjetas Fotos Facturas, Rosa","Label":"Title","Locale":"es_ES"}},"Offers":{"Summaries":[{"Condition":{"Value":"New"},"LowestPrice":{"Amount":12.89,"Currency":"EUR","DisplayAmount":"12,89 €"}}]}},{"ASIN":"B013UX8334","DetailPageURL":"https://www.amazon.es/dp/B013UX8334?tag=topinalambricos-21&linkCode=osi&th=1&psc=1","Images":{"Primary":{"Small":{"Height":56,"URL":"https://m.media-amazon.com/images/I/310cVrYz8VL._SL75_.jpg","Width":75}}},"ItemInfo":{"ByLineInfo":{"Brand":{"DisplayValue":"HF2","Label":"Brand","Locale":"es_ES"},"Manufacturer":{"DisplayValue":"Europel Business Products","Label":"Manufacturer","Locale":"es_ES"}},"Title":{"DisplayValue":"HF2 122461 - Carpeta de 4 anillas, 16mm, A4. Color: blanco transparente.","Label":"Title","Locale":"es_ES"}},"Offers":{"Summaries":[{"Condition":{"Value":"New"},"LowestPrice":{"Amount":6.66,"Currency":"EUR","DisplayAmount":"6,66 €"}}]}},{"ASIN":"B0CB5W72X3","DetailPageURL":"https://www.amazon.es/dp/B0CB5W72X3?tag=topinalambricos-21&linkCode=osi&th=1&psc=1","Images":{"Primary":{"Small":{"Height":75,"URL":"https://m.media-amazon.com/images/I/41QsbuzJlOL._SL75_.jpg","Width":75}}},"ItemInfo":{"ByLineInfo":{"Brand":{"DisplayValue":"Gfamous","Label":"Brand","Locale":"es_ES"},"Manufacturer":{"DisplayValue":"Gfamous","Label":"Manufacturer","Locale":"es_ES"}},"Title":{"DisplayValue":"Gfamous Carpeta transparente para cuadernos de 2 unidades, transparente, carpeta de anillas transparente, cubierta de anillas A5, resistente al agua y a la suciedad, para cuadernos, pinturas A5","Label":"Title","Locale":"es_ES"}},"Offers":{"Summaries":[{"Condition":{"Value":"New"},"LowestPrice":{"Amount":14.99,"Currency":"EUR","DisplayAmount":"14,99 €"}}]}},{"ASIN":"B00TTW5QQ8","DetailPageURL":"https://www.amazon.es/dp/B00TTW5QQ8?tag=topinalambricos-21&linkCode=osi&th=1&psc=1","Images":{"Primary":{"Small":{"Height":75,"URL":"https://m.media-amazon.com/images/I/21A+P2uaxQL._SL75_.jpg","Width":75}}},"ItemInfo":{"ByLineInfo":{"Brand":{"DisplayValue":"Exacompta","Label":"Brand","Locale":"es_ES"},"Manufacturer":{"DisplayValue":"Exacompta","Label":"Manufacturer","Locale":"es_ES"}},"Title":{"DisplayValue":"Exacompta 51264E Cartelle ad Anelli, 32x26 cm, Cristal","Label":"Title","Locale":"es_ES"}},"Offers":{"Summaries":[{"Condition":{"Value":"Used"},"LowestPrice":{"Amount":6.0,"Currency":"EUR","DisplayAmount":"6,00 €"}},{"Condition":{"Value":"New"},"LowestPrice":{"Amount":6.95,"Currency":"EUR","DisplayAmount":"6,95 €"}}]}},{"ASIN":"B004HG68T0","DetailPageURL":"https://www.amazon.es/dp/B004HG68T0?tag=topinalambricos-21&linkCode=osi&th=1&psc=1","Images":{"Primary":{"Small":{"Height":75,"URL":"https://m.media-amazon.com/images/I/41SDi3NYXpL._SL75_.jpg","Width":42}}},"ItemInfo":{"ByLineInfo":{"Brand":{"DisplayValue":"Exacompta","Label":"Brand","Locale":"es_ES"},"Contributors":[{"Locale":"es_ES","Name":"Exacompta","Role":"Autor","RoleType":"author"}],"Manufacturer":{"DisplayValue":"Exacompta","Label":"Manufacturer","Locale":"es_ES"}},"Title":{"DisplayValue":"Exacompta - ref. 51568E - 1 carpeta rígida de polipropileno personalizable con 1 bolsillo - 4 anillas redondas, diámetro 30 mm - Dimensiones externas: 32 x 26,8 cm - Formato de archivo A4 Maxi -","Label":"Title","Locale":"es_ES"}},"Offers":{"Summaries":[{"Condition":{"Value":"New"},"LowestPrice":{"Amount":7.05,"Currency":"EUR","DisplayAmount":"7,05 €"}}]}}],"SearchURL":"https://www.amazon.es/s?k=transparente&rh=n%3A4353061031%2Cp_n_availability%3A-1&tag=topinalambricos-21&linkCode=osi","TotalResultCount":966}},"151":{"SearchResult":{"Items":[{"ASIN":"B01D38N4W6","DetailPageURL":"https://www.amazon.es/dp/B01D38N4W6?tag=topinalambricos-21&linkCode=osi&th=1&psc=1","Images":{"Primary":{"Small":{"Height":75,"URL":"https://m.media-amazon.com/images/I/41-juahWb2L._SL75_.jpg","Width":75}}},"ItemInfo":{"ByLineInfo":{"Brand":{"DisplayValue":"Grafoplás","Label":"Brand","Locale":"es_ES"},"Manufacturer":{"DisplayValue":"Grafoplas del Noroeste,S.A.","Label":"Manufacturer","Locale":"es_ES"}},"Title":{"DisplayValue":"Grafoplás 30121000. Carpeta de Anillas, A4, con 6 Sobres de 11 Taladros Multicolor/Transparente, Cierre de Goma","Label":"Title","Locale":"es_ES"}},"Offers":{"Summaries":[{"Condition":{"Value":"New"},"LowestPrice":{"Amount":9.52,"Currency":"EUR","DisplayAmount":"9,52 €"}}]}},{"ASIN":"B08RZ82PV5","DetailPageURL":"https://www.amazon.es/dp/B08RZ82PV5?tag=topinalambricos-21&linkCode=osi&th=1&psc=1","Images":{"Primary":{"Small":{"Height":75,"URL":"https://m.media-amazon.com/images/I/41QwGs8+oKL._SL75_.jpg","Width":75}}},"ItemInfo":{"ByLineInfo":{"Brand":{"DisplayValue":"Rapesco","Label":"Brand","Locale":"es_ES"},"Manufacturer":{"DisplayValue":"RAPESCO","Label":"Manufacturer","Locale":"es_ES"}},"Title":{"DisplayValue":"Rapesco 1630 Sobre Portafolios para Carpetas de Anillas, A4, Colores Transparentes Surtidos, Paquete de 5","Label":"Title","Locale":"es_ES"}},"Offers":{"Summaries":[{"Condition":{"Value":"New"},"LowestPrice":{"Amount":7.58,"Currency":"EUR","DisplayAmount":"7,58 € (1,52 € / unidad)","PricePerUnit":1.52}}]}},{"ASIN":"B001IVOW7C","DetailPageURL":"https://www.amazon.es/dp/B001IVOW7C?tag=topinalambricos-21&linkCode=osi&th=1&psc=1","Images":{"Primary":{"Small":{"Height":75,"URL":"https://m.media-amazon.com/images/I/313ZVnRCR7L._SL75_.jpg","Width":41}}},"ItemInfo":{"ByLineInfo":{"Brand":{"DisplayValue":"Oxford","Label":"Brand","Locale":"es_ES"},"Manufacturer":{"DisplayValue":"Hamelin Brands","Label":"Manufacturer","Locale":"es_ES"}},"Title":{"DisplayValue":"Oxford - Archivador 4 anillas Tapas de plástico personalizables, A4, Color transparente","Label":"Title","Locale":"es_ES"}},"Offers":{"Summaries":[{"Condition":{"Value":"New"},"LowestPrice":{"Amount":5.79,"Currency":"EUR","DisplayAmount":"5,79 €"}}]}},{"ASIN":"B09YHZGN5S","DetailPageURL":"https://www.amazon.es/dp/B09YHZGN5S?tag=topinalambricos-21&linkCode=osi&th=1&psc=1","Images":{"Primary":{"Small":{"Height":75,"URL":"https://m.media-amazon.com/images/I/51lkxdPCgLL._SL75_.jpg","Width":75}}},"ItemInfo":{"ByLineInfo":{"Brand":{"DisplayValue":"MARICATO","Label":"Brand","Locale":"es_ES"},"Manufacturer":{"DisplayValue":"TO","Label":"Manufacturer","Locale":"es_ES"}},"Title":{"DisplayValue":"Carpeta de Presupuesto A6, MARICATO 29Piezas Carpeta de Cuaderno 6 Anillas de PU, con Bolsas de Transparente con Cremallera, Hojas de Presupuesto, Pegatinas, Indice de Clasificación, Regla, Rosa","Label":"Title","Locale":"es_ES"}},"Offers":{"Summaries":[{"Condition":{"Value":"New"},"LowestPrice":{"Amount":11.99,"Currency":"EUR","DisplayAmount":"11,99 € (35,26 € / kg)","PricePerUnit":35.26}}]}},{"ASIN":"B09PTKVWY8","DetailPageURL":"https://www.amazon.es/dp/B09PTKVWY8?tag=topinalambricos-21&linkCode=osi&th=1&psc=1","Images":{"Primary":{"Small":{"Height":75,"URL":"https://m.media-amazon.com/images/I/21ddEcjI4ML._SL75_.jpg","Width":75}}},"ItemInfo":{"ByLineInfo":{"Brand":{"DisplayValue":"CALISTOUK","Label":"Brand","Locale":"es_ES"},"Manufacturer":{"DisplayValue":"CALISTOUK","Label":"Manufacturer","Locale":"es_ES"}},"Title":{"DisplayValue":"Carpeta de Anillas con 6 Agujeros, Funda blanda de PVC, Cuaderno, Carpeta Tipo Archivador con Anillas de Forma Redonda, Carpeta de PVC flexible transparente, Recargable para A5/A6/A7 hojas (A5)","Label":"Title","Locale":"es_ES"}},"Offers":{"Summaries":[{"Condition":{"Value":"New"},"LowestPrice":{"Amount":8.08,"Currency":"EUR","DisplayAmount":"8,08 €"}}]}},{"ASIN":"B09XGP6STD","DetailPageURL":"https://www.amazon.es/dp/B09XGP6STD?tag=topinalambricos-21&linkCode=osi&th=1&psc=1","Images":{"Primary":{"Small":{"Height":75,"URL":"https://m.media-amazon.com/images/I/41dIgQt6WcL._SL75_.jpg","Width":75}}},"ItemInfo":{"ByLineInfo":{"Brand":{"DisplayValue":"TOYESS","Label":"Brand","Locale":"es_ES"},"Manufacturer":{"DisplayValue":"TOYESS","Label":"Manufacturer","Locale":"es_ES"}},"Title":{"DisplayValue":"TOYESS 30Pcs Carpeta de Cuaderno A5, Archivadores Cuero de PU con 12 Bolsas Transparente, 12 Hojas de Presupuesto, Clasificador de Presupuesto para Guardar Tarjetas Fotos Facturas, Rosa","Label":"Title","Locale":"es_ES"}},"Offers":{"Summaries":[{"Condition":{"Value":"New"},"LowestPrice":{"Amount":12.89,"Currency":"EUR","DisplayAmount":"12,89 €"}}]}},{"ASIN":"B013UX8334","DetailPageURL":"https://www.amazon.es/dp/B013UX8334?tag=topinalambricos-21&linkCode=osi&th=1&psc=1","Images":{"Primary":{"Small":{"Height":56,"URL":"https://m.media-amazon.com/images/I/310cVrYz8VL._SL75_.jpg","Width":75}}},"ItemInfo":{"ByLineInfo":{"Brand":{"DisplayValue":"HF2","Label":"Brand","Locale":"es_ES"},"Manufacturer":{"DisplayValue":"Europel Business Products","Label":"Manufacturer","Locale":"es_ES"}},"Title":{"DisplayValue":"HF2 122461 - Carpeta de 4 anillas, 16mm, A4. Color: blanco transparente.","Label":"Title","Locale":"es_ES"}},"Offers":{"Summaries":[{"Condition":{"Value":"New"},"LowestPrice":{"Amount":6.66,"Currency":"EUR","DisplayAmount":"6,66 €"}}]}},{"ASIN":"B0CB5W72X3","DetailPageURL":"https://www.amazon.es/dp/B0CB5W72X3?tag=topinalambricos-21&linkCode=osi&th=1&psc=1","Images":{"Primary":{"Small":{"Height":75,"URL":"https://m.media-amazon.com/images/I/41QsbuzJlOL._SL75_.jpg","Width":75}}},"ItemInfo":{"ByLineInfo":{"Brand":{"DisplayValue":"Gfamous","Label":"Brand","Locale":"es_ES"},"Manufacturer":{"DisplayValue":"Gfamous","Label":"Manufacturer","Locale":"es_ES"}},"Title":{"DisplayValue":"Gfamous Carpeta transparente para cuadernos de 2 unidades, transparente, carpeta de anillas transparente, cubierta de anillas A5, resistente al agua y a la suciedad, para cuadernos, pinturas A5","Label":"Title","Locale":"es_ES"}},"Offers":{"Summaries":[{"Condition":{"Value":"New"},"LowestPrice":{"Amount":14.99,"Currency":"EUR","DisplayAmount":"14,99 €"}}]}},{"ASIN":"B00TTW5QQ8","DetailPageURL":"https://www.amazon.es/dp/B00TTW5QQ8?tag=topinalambricos-21&linkCode=osi&th=1&psc=1","Images":{"Primary":{"Small":{"Height":75,"URL":"https://m.media-amazon.com/images/I/21A+P2uaxQL._SL75_.jpg","Width":75}}},"ItemInfo":{"ByLineInfo":{"Brand":{"DisplayValue":"Exacompta","Label":"Brand","Locale":"es_ES"},"Manufacturer":{"DisplayValue":"Exacompta","Label":"Manufacturer","Locale":"es_ES"}},"Title":{"DisplayValue":"Exacompta 51264E Cartelle ad Anelli, 32x26 cm, Cristal","Label":"Title","Locale":"es_ES"}},"Offers":{"Summaries":[{"Condition":{"Value":"Used"},"LowestPrice":{"Amount":6.0,"Currency":"EUR","DisplayAmount":"6,00 €"}},{"Condition":{"Value":"New"},"LowestPrice":{"Amount":6.95,"Currency":"EUR","DisplayAmount":"6,95 €"}}]}},{"ASIN":"B004HG68T0","DetailPageURL":"https://www.amazon.es/dp/B004HG68T0?tag=topinalambricos-21&linkCode=osi&th=1&psc=1","Images":{"Primary":{"Small":{"Height":75,"URL":"https://m.media-amazon.com/images/I/41SDi3NYXpL._SL75_.jpg","Width":42}}},"ItemInfo":{"ByLineInfo":{"Brand":{"DisplayValue":"Exacompta","Label":"Brand","Locale":"es_ES"},"Contributors":[{"Locale":"es_ES","Name":"Exacompta","Role":"Autor","RoleType":"author"}],"Manufacturer":{"DisplayValue":"Exacompta","Label":"Manufacturer","Locale":"es_ES"}},"Title":{"DisplayValue":"Exacompta - ref. 51568E - 1 carpeta rígida de polipropileno personalizable con 1 bolsillo - 4 anillas redondas, diámetro 30 mm - Dimensiones externas: 32 x 26,8 cm - Formato de archivo A4 Maxi -","Label":"Title","Locale":"es_ES"}},"Offers":{"Summaries":[{"Condition":{"Value":"New"},"LowestPrice":{"Amount":7.05,"Currency":"EUR","DisplayAmount":"7,05 €"}}]}}],"SearchURL":"https://www.amazon.es/s?k=transparente&rh=n%3A4353061031%2Cp_n_availability%3A-1&tag=topinalambricos-21&linkCode=osi","TotalResultCount":966}},"152":{"SearchResult":{"Items":[{"ASIN":"B01D38N4W6","DetailPageURL":"https://www.amazon.es/dp/B01D38N4W6?tag=topinalambricos-21&linkCode=osi&th=1&psc=1","Images":{"Primary":{"Small":{"Height":75,"URL":"https://m.media-amazon.com/images/I/41-juahWb2L._SL75_.jpg","Width":75}}},"ItemInfo":{"ByLineInfo":{"Brand":{"DisplayValue":"Grafoplás","Label":"Brand","Locale":"es_ES"},"Manufacturer":{"DisplayValue":"Grafoplas del Noroeste,S.A.","Label":"Manufacturer","Locale":"es_ES"}},"Title":{"DisplayValue":"Grafoplás 30121000. Carpeta de Anillas, A4, con 6 Sobres de 11 Taladros Multicolor/Transparente, Cierre de Goma","Label":"Title","Locale":"es_ES"}},"Offers":{"Summaries":[{"Condition":{"Value":"New"},"LowestPrice":{"Amount":9.52,"Currency":"EUR","DisplayAmount":"9,52 €"}}]}},{"ASIN":"B08RZ82PV5","DetailPageURL":"https://www.amazon.es/dp/B08RZ82PV5?tag=topinalambricos-21&linkCode=osi&th=1&psc=1","Images":{"Primary":{"Small":{"Height":75,"URL":"https://m.media-amazon.com/images/I/41QwGs8+oKL._SL75_.jpg","Width":75}}},"ItemInfo":{"ByLineInfo":{"Brand":{"DisplayValue":"Rapesco","Label":"Brand","Locale":"es_ES"},"Manufacturer":{"DisplayValue":"RAPESCO","Label":"Manufacturer","Locale":"es_ES"}},"Title":{"DisplayValue":"Rapesco 1630 Sobre Portafolios para Carpetas de Anillas, A4, Colores Transparentes Surtidos, Paquete de 5","Label":"Title","Locale":"es_ES"}},"Offers":{"Summaries":[{"Condition":{"Value":"New"},"LowestPrice":{"Amount":7.58,"Currency":"EUR","DisplayAmount":"7,58 € (1,52 € / unidad)","PricePerUnit":1.52}}]}},{"ASIN":"B001IVOW7C","DetailPageURL":"https://www.amazon.es/dp/B001IVOW7C?tag=topinalambricos-21&linkCode=osi&th=1&psc=1","Images":{"Primary":{"Small":{"Height":75,"URL":"https://m.media-amazon.com/images/I/313ZVnRCR7L._SL75_.jpg","Width":41}}},"ItemInfo":{"ByLineInfo":{"Brand":{"DisplayValue":"Oxford","Label":"Brand","Locale":"es_ES"},"Manufacturer":{"DisplayValue":"Hamelin Brands","Label":"Manufacturer","Locale":"es_ES"}},"Title":{"DisplayValue":"Oxford - Archivador 4 anillas Tapas de plástico personalizables, A4, Color transparente","Label":"Title","Locale":"es_ES"}},"Offers":{"Summaries":[{"Condition":{"Value":"New"},"LowestPrice":{"Amount":5.79,"Currency":"EUR","DisplayAmount":"5,79 €"}}]}},{"ASIN":"B09YHZGN5S","DetailPageURL":"https://www.amazon.es/dp/B09YHZGN5S?tag=topinalambricos-21&linkCode=osi&th=1&psc=1","Images":{"Primary":{"Small":{"Height":75,"URL":"https://m.media-amazon.com/images/I/51lkxdPCgLL._SL75_.jpg","Width":75}}},"ItemInfo":{"ByLineInfo":{"Brand":{"DisplayValue":"MARICATO","Label":"Brand","Locale":"es_ES"},"Manufacturer":{"DisplayValue":"TO","Label":"Manufacturer","Locale":"es_ES"}},"Title":{"DisplayValue":"Carpeta de Presupuesto A6, MARICATO 29Piezas Carpeta de Cuaderno 6 Anillas de PU, con Bolsas de Transparente con Cremallera, Hojas de Presupuesto, Pegatinas, Indice de Clasificación, Regla, Rosa","Label":"Title","Locale":"es_ES"}},"Offers":{"Summaries":[{"Condition":{"Value":"New"},"LowestPrice":{"Amount":11.99,"Currency":"EUR","DisplayAmount":"11,99 € (35,26 € / kg)","PricePerUnit":35.26}}]}},{"ASIN":"B09PTKVWY8","DetailPageURL":"https://www.amazon.es/dp/B09PTKVWY8?tag=topinalambricos-21&linkCode=osi&th=1&psc=1","Images":{"Primary":{"Small":{"Height":75,"URL":"https://m.media-amazon.com/images/I/21ddEcjI4ML._SL75_.jpg","Width":75}}},"ItemInfo":{"ByLineInfo":{"Brand":{"DisplayValue":"CALISTOUK","Label":"Brand","Locale":"es_ES"},"Manufacturer":{"DisplayValue":"CALISTOUK","Label":"Manufacturer","Locale":"es_ES"}},"Title":{"DisplayValue":"Carpeta de Anillas con 6 Agujeros, Funda blanda de PVC, Cuaderno, Carpeta Tipo Archivador con Anillas de Forma Redonda, Carpeta de PVC flexible transparente, Recargable para A5/A6/A7 hojas (A5)","Label":"Title","Locale":"es_ES"}},"Offers":{"Summaries":[{"Condition":{"Value":"New"},"LowestPrice":{"Amount":8.08,"Currency":"EUR","DisplayAmount":"8,08 €"}}]}},{"ASIN":"B09XGP6STD","DetailPageURL":"https://www.amazon.es/dp/B09XGP6STD?tag=topinalambricos-21&linkCode=osi&th=1&psc=1","Images":{"Primary":{"Small":{"Height":75,"URL":"https://m.media-amazon.com/images/I/41dIgQt6WcL._SL75_.jpg","Width":75}}},"ItemInfo":{"ByLineInfo":{"Brand":{"DisplayValue":"TOYESS","Label":"Brand","Locale":"es_ES"},"Manufacturer":{"DisplayValue":"TOYESS","Label":"Manufacturer","Locale":"es_ES"}},"Title":{"DisplayValue":"TOYESS 30Pcs Carpeta de Cuaderno A5, Archivadores Cuero de PU con 12 Bolsas Transparente, 12 Hojas de Presupuesto, Clasificador de Presupuesto para Guardar Tarjetas Fotos Facturas, Rosa","Label":"Title","Locale":"es_ES"}},"Offers":{"Summaries":[{"Condition":{"Value":"New"},"LowestPrice":{"Amount":12.89,"Currency":"EUR","DisplayAmount":"12,89 €"}}]}},{"ASIN":"B013UX8334","DetailPageURL":"https://www.amazon.es/dp/B013UX8334?tag=topinalambricos-21&linkCode=osi&th=1&psc=1","Images":{"Primary":{"Small":{"Height":56,"URL":"https://m.media-amazon.com/images/I/310cVrYz8VL._SL75_.jpg","Width":75}}},"ItemInfo":{"ByLineInfo":{"Brand":{"DisplayValue":"HF2","Label":"Brand","Locale":"es_ES"},"Manufacturer":{"DisplayValue":"Europel Business Products","Label":"Manufacturer","Locale":"es_ES"}},"Title":{"DisplayValue":"HF2 122461 - Carpeta de 4 anillas, 16mm, A4. Color: blanco transparente.","Label":"Title","Locale":"es_ES"}},"Offers":{"Summaries":[{"Condition":{"Value":"New"},"LowestPrice":{"Amount":6.66,"Currency":"EUR","DisplayAmount":"6,66 €"}}]}},{"ASIN":"B0CB5W72X3","DetailPageURL":"https://www.amazon.es/dp/B0CB5W72X3?tag=topinalambricos-21&linkCode=osi&th=1&psc=1","Images":{"Primary":{"Small":{"Height":75,"URL":"https://m.media-amazon.com/images/I/41QsbuzJlOL._SL75_.jpg","Width":75}}},"ItemInfo":{"ByLineInfo":{"Brand":{"DisplayValue":"Gfamous","Label":"Brand","Locale":"es_ES"},"Manufacturer":{"DisplayValue":"Gfamous","Label":"Manufacturer","Locale":"es_ES"}},"Title":{"DisplayValue":"Gfamous Carpeta transparente para cuadernos de 2 unidades, transparente, carpeta de anillas transparente, cubierta de anillas A5, resistente al agua y a la suciedad, para cuadernos, pinturas A5","Label":"Title","Locale":"es_ES"}},"Offers":{"Summaries":[{"Condition":{"Value":"New"},"LowestPrice":{"Amount":14.99,"Currency":"EUR","DisplayAmount":"14,99 €"}}]}},{"ASIN":"B00TTW5QQ8","DetailPageURL":"https://www.amazon.es/dp/B00TTW5QQ8?tag=topinalambricos-21&linkCode=osi&th=1&psc=1","Images":{"Primary":{"Small":{"Height":75,"URL":"https://m.media-amazon.com/images/I/21A+P2uaxQL._SL75_.jpg","Width":75}}},"ItemInfo":{"ByLineInfo":{"Brand":{"DisplayValue":"Exacompta","Label":"Brand","Locale":"es_ES"},"Manufacturer":{"DisplayValue":"Exacompta","Label":"Manufacturer","Locale":"es_ES"}},"Title":{"DisplayValue":"Exacompta 51264E Cartelle ad Anelli, 32x26 cm, Cristal","Label":"Title","Locale":"es_ES"}},"Offers":{"Summaries":[{"Condition":{"Value":"Used"},"LowestPrice":{"Amount":6.0,"Currency":"EUR","DisplayAmount":"6,00 €"}},{"Condition":{"Value":"New"},"LowestPrice":{"Amount":6.95,"Currency":"EUR","DisplayAmount":"6,95 €"}}]}},{"ASIN":"B004HG68T0","DetailPageURL":"https://www.amazon.es/dp/B004HG68T0?tag=topinalambricos-21&linkCode=osi&th=1&psc=1","Images":{"Primary":{"Small":{"Height":75,"URL":"https://m.media-amazon.com/images/I/41SDi3NYXpL._SL75_.jpg","Width":42}}},"ItemInfo":{"ByLineInfo":{"Brand":{"DisplayValue":"Exacompta","Label":"Brand","Locale":"es_ES"},"Contributors":[{"Locale":"es_ES","Name":"Exacompta","Role":"Autor","RoleType":"author"}],"Manufacturer":{"DisplayValue":"Exacompta","Label":"Manufacturer","Locale":"es_ES"}},"Title":{"DisplayValue":"Exacompta - ref. 51568E - 1 carpeta rígida de polipropileno personalizable con 1 bolsillo - 4 anillas redondas, diámetro 30 mm - Dimensiones externas: 32 x 26,8 cm - Formato de archivo A4 Maxi -","Label":"Title","Locale":"es_ES"}},"Offers":{"Summaries":[{"Condition":{"Value":"New"},"LowestPrice":{"Amount":7.05,"Currency":"EUR","DisplayAmount":"7,05 €"}}]}}],"SearchURL":"https://www.amazon.es/s?k=transparente&rh=n%3A4353061031%2Cp_n_availability%3A-1&tag=topinalambricos-21&linkCode=osi","TotalResultCount":966}},"154":{"SearchResult":{"Items":[{"ASIN":"B01D38N4W6","DetailPageURL":"https://www.amazon.es/dp/B01D38N4W6?tag=topinalambricos-21&linkCode=osi&th=1&psc=1","Images":{"Primary":{"Small":{"Height":75,"URL":"https://m.media-amazon.com/images/I/41-juahWb2L._SL75_.jpg","Width":75}}},"ItemInfo":{"ByLineInfo":{"Brand":{"DisplayValue":"Grafoplás","Label":"Brand","Locale":"es_ES"},"Manufacturer":{"DisplayValue":"Grafoplas del Noroeste,S.A.","Label":"Manufacturer","Locale":"es_ES"}},"Title":{"DisplayValue":"Grafoplás 30121000. Carpeta de Anillas, A4, con 6 Sobres de 11 Taladros Multicolor/Transparente, Cierre de Goma","Label":"Title","Locale":"es_ES"}},"Offers":{"Summaries":[{"Condition":{"Value":"New"},"LowestPrice":{"Amount":9.52,"Currency":"EUR","DisplayAmount":"9,52 €"}}]}},{"ASIN":"B08RZ82PV5","DetailPageURL":"https://www.amazon.es/dp/B08RZ82PV5?tag=topinalambricos-21&linkCode=osi&th=1&psc=1","Images":{"Primary":{"Small":{"Height":75,"URL":"https://m.media-amazon.com/images/I/41QwGs8+oKL._SL75_.jpg","Width":75}}},"ItemInfo":{"ByLineInfo":{"Brand":{"DisplayValue":"Rapesco","Label":"Brand","Locale":"es_ES"},"Manufacturer":{"DisplayValue":"RAPESCO","Label":"Manufacturer","Locale":"es_ES"}},"Title":{"DisplayValue":"Rapesco 1630 Sobre Portafolios para Carpetas de Anillas, A4, Colores Transparentes Surtidos, Paquete de 5","Label":"Title","Locale":"es_ES"}},"Offers":{"Summaries":[{"Condition":{"Value":"New"},"LowestPrice":{"Amount":7.58,"Currency":"EUR","DisplayAmount":"7,58 € (1,52 € / unidad)","PricePerUnit":1.52}}]}},{"ASIN":"B001IVOW7C","DetailPageURL":"https://www.amazon.es/dp/B001IVOW7C?tag=topinalambricos-21&linkCode=osi&th=1&psc=1","Images":{"Primary":{"Small":{"Height":75,"URL":"https://m.media-amazon.com/images/I/313ZVnRCR7L._SL75_.jpg","Width":41}}},"ItemInfo":{"ByLineInfo":{"Brand":{"DisplayValue":"Oxford","Label":"Brand","Locale":"es_ES"},"Manufacturer":{"DisplayValue":"Hamelin Brands","Label":"Manufacturer","Locale":"es_ES"}},"Title":{"DisplayValue":"Oxford - Archivador 4 anillas Tapas de plástico personalizables, A4, Color transparente","Label":"Title","Locale":"es_ES"}},"Offers":{"Summaries":[{"Condition":{"Value":"New"},"LowestPrice":{"Amount":5.79,"Currency":"EUR","DisplayAmount":"5,79 €"}}]}},{"ASIN":"B09YHZGN5S","DetailPageURL":"https://www.amazon.es/dp/B09YHZGN5S?tag=topinalambricos-21&linkCode=osi&th=1&psc=1","Images":{"Primary":{"Small":{"Height":75,"URL":"https://m.media-amazon.com/images/I/51lkxdPCgLL._SL75_.jpg","Width":75}}},"ItemInfo":{"ByLineInfo":{"Brand":{"DisplayValue":"MARICATO","Label":"Brand","Locale":"es_ES"},"Manufacturer":{"DisplayValue":"TO","Label":"Manufacturer","Locale":"es_ES"}},"Title":{"DisplayValue":"Carpeta de Presupuesto A6, MARICATO 29Piezas Carpeta de Cuaderno 6 Anillas de PU, con Bolsas de Transparente con Cremallera, Hojas de Presupuesto, Pegatinas, Indice de Clasificación, Regla, Rosa","Label":"Title","Locale":"es_ES"}},"Offers":{"Summaries":[{"Condition":{"Value":"New"},"LowestPrice":{"Amount":11.99,"Currency":"EUR","DisplayAmount":"11,99 € (35,26 € / kg)","PricePerUnit":35.26}}]}},{"ASIN":"B09PTKVWY8","DetailPageURL":"https://www.amazon.es/dp/B09PTKVWY8?tag=topinalambricos-21&linkCode=osi&th=1&psc=1","Images":{"Primary":{"Small":{"Height":75,"URL":"https://m.media-amazon.com/images/I/21ddEcjI4ML._SL75_.jpg","Width":75}}},"ItemInfo":{"ByLineInfo":{"Brand":{"DisplayValue":"CALISTOUK","Label":"Brand","Locale":"es_ES"},"Manufacturer":{"DisplayValue":"CALISTOUK","Label":"Manufacturer","Locale":"es_ES"}},"Title":{"DisplayValue":"Carpeta de Anillas con 6 Agujeros, Funda blanda de PVC, Cuaderno, Carpeta Tipo Archivador con Anillas de Forma Redonda, Carpeta de PVC flexible transparente, Recargable para A5/A6/A7 hojas (A5)","Label":"Title","Locale":"es_ES"}},"Offers":{"Summaries":[{"Condition":{"Value":"New"},"LowestPrice":{"Amount":8.08,"Currency":"EUR","DisplayAmount":"8,08 €"}}]}},{"ASIN":"B09XGP6STD","DetailPageURL":"https://www.amazon.es/dp/B09XGP6STD?tag=topinalambricos-21&linkCode=osi&th=1&psc=1","Images":{"Primary":{"Small":{"Height":75,"URL":"https://m.media-amazon.com/images/I/41dIgQt6WcL._SL75_.jpg","Width":75}}},"ItemInfo":{"ByLineInfo":{"Brand":{"DisplayValue":"TOYESS","Label":"Brand","Locale":"es_ES"},"Manufacturer":{"DisplayValue":"TOYESS","Label":"Manufacturer","Locale":"es_ES"}},"Title":{"DisplayValue":"TOYESS 30Pcs Carpeta de Cuaderno A5, Archivadores Cuero de PU con 12 Bolsas Transparente, 12 Hojas de Presupuesto, Clasificador de Presupuesto para Guardar Tarjetas Fotos Facturas, Rosa","Label":"Title","Locale":"es_ES"}},"Offers":{"Summaries":[{"Condition":{"Value":"New"},"LowestPrice":{"Amount":12.89,"Currency":"EUR","DisplayAmount":"12,89 €"}}]}},{"ASIN":"B013UX8334","DetailPageURL":"https://www.amazon.es/dp/B013UX8334?tag=topinalambricos-21&linkCode=osi&th=1&psc=1","Images":{"Primary":{"Small":{"Height":56,"URL":"https://m.media-amazon.com/images/I/310cVrYz8VL._SL75_.jpg","Width":75}}},"ItemInfo":{"ByLineInfo":{"Brand":{"DisplayValue":"HF2","Label":"Brand","Locale":"es_ES"},"Manufacturer":{"DisplayValue":"Europel Business Products","Label":"Manufacturer","Locale":"es_ES"}},"Title":{"DisplayValue":"HF2 122461 - Carpeta de 4 anillas, 16mm, A4. Color: blanco transparente.","Label":"Title","Locale":"es_ES"}},"Offers":{"Summaries":[{"Condition":{"Value":"New"},"LowestPrice":{"Amount":6.66,"Currency":"EUR","DisplayAmount":"6,66 €"}}]}},{"ASIN":"B0CB5W72X3","DetailPageURL":"https://www.amazon.es/dp/B0CB5W72X3?tag=topinalambricos-21&linkCode=osi&th=1&psc=1","Images":{"Primary":{"Small":{"Height":75,"URL":"https://m.media-amazon.com/images/I/41QsbuzJlOL._SL75_.jpg","Width":75}}},"ItemInfo":{"ByLineInfo":{"Brand":{"DisplayValue":"Gfamous","Label":"Brand","Locale":"es_ES"},"Manufacturer":{"DisplayValue":"Gfamous","Label":"Manufacturer","Locale":"es_ES"}},"Title":{"DisplayValue":"Gfamous Carpeta transparente para cuadernos de 2 unidades, transparente, carpeta de anillas transparente, cubierta de anillas A5, resistente al agua y a la suciedad, para cuadernos, pinturas A5","Label":"Title","Locale":"es_ES"}},"Offers":{"Summaries":[{"Condition":{"Value":"New"},"LowestPrice":{"Amount":14.99,"Currency":"EUR","DisplayAmount":"14,99 €"}}]}},{"ASIN":"B00TTW5QQ8","DetailPageURL":"https://www.amazon.es/dp/B00TTW5QQ8?tag=topinalambricos-21&linkCode=osi&th=1&psc=1","Images":{"Primary":{"Small":{"Height":75,"URL":"https://m.media-amazon.com/images/I/21A+P2uaxQL._SL75_.jpg","Width":75}}},"ItemInfo":{"ByLineInfo":{"Brand":{"DisplayValue":"Exacompta","Label":"Brand","Locale":"es_ES"},"Manufacturer":{"DisplayValue":"Exacompta","Label":"Manufacturer","Locale":"es_ES"}},"Title":{"DisplayValue":"Exacompta 51264E Cartelle ad Anelli, 32x26 cm, Cristal","Label":"Title","Locale":"es_ES"}},"Offers":{"Summaries":[{"Condition":{"Value":"Used"},"LowestPrice":{"Amount":6.0,"Currency":"EUR","DisplayAmount":"6,00 €"}},{"Condition":{"Value":"New"},"LowestPrice":{"Amount":6.95,"Currency":"EUR","DisplayAmount":"6,95 €"}}]}},{"ASIN":"B004HG68T0","DetailPageURL":"https://www.amazon.es/dp/B004HG68T0?tag=topinalambricos-21&linkCode=osi&th=1&psc=1","Images":{"Primary":{"Small":{"Height":75,"URL":"https://m.media-amazon.com/images/I/41SDi3NYXpL._SL75_.jpg","Width":42}}},"ItemInfo":{"ByLineInfo":{"Brand":{"DisplayValue":"Exacompta","Label":"Brand","Locale":"es_ES"},"Contributors":[{"Locale":"es_ES","Name":"Exacompta","Role":"Autor","RoleType":"author"}],"Manufacturer":{"DisplayValue":"Exacompta","Label":"Manufacturer","Locale":"es_ES"}},"Title":{"DisplayValue":"Exacompta - ref. 51568E - 1 carpeta rígida de polipropileno personalizable con 1 bolsillo - 4 anillas redondas, diámetro 30 mm - Dimensiones externas: 32 x 26,8 cm - Formato de archivo A4 Maxi -","Label":"Title","Locale":"es_ES"}},"Offers":{"Summaries":[{"Condition":{"Value":"New"},"LowestPrice":{"Amount":7.05,"Currency":"EUR","DisplayAmount":"7,05 €"}}]}}],"SearchURL":"https://www.amazon.es/s?k=transparente&rh=n%3A4353061031%2Cp_n_availability%3A-1&tag=topinalambricos-21&linkCode=osi","TotalResultCount":966}},"155":{"SearchResult":{"Items":[{"ASIN":"B01D38N4W6","DetailPageURL":"https://www.amazon.es/dp/B01D38N4W6?tag=topinalambricos-21&linkCode=osi&th=1&psc=1","Images":{"Primary":{"Small":{"Height":75,"URL":"https://m.media-amazon.com/images/I/41-juahWb2L._SL75_.jpg","Width":75}}},"ItemInfo":{"ByLineInfo":{"Brand":{"DisplayValue":"Grafoplás","Label":"Brand","Locale":"es_ES"},"Manufacturer":{"DisplayValue":"Grafoplas del Noroeste,S.A.","Label":"Manufacturer","Locale":"es_ES"}},"Title":{"DisplayValue":"Grafoplás 30121000. Carpeta de Anillas, A4, con 6 Sobres de 11 Taladros Multicolor/Transparente, Cierre de Goma","Label":"Title","Locale":"es_ES"}},"Offers":{"Summaries":[{"Condition":{"Value":"New"},"LowestPrice":{"Amount":9.52,"Currency":"EUR","DisplayAmount":"9,52 €"}}]}},{"ASIN":"B08RZ82PV5","DetailPageURL":"https://www.amazon.es/dp/B08RZ82PV5?tag=topinalambricos-21&linkCode=osi&th=1&psc=1","Images":{"Primary":{"Small":{"Height":75,"URL":"https://m.media-amazon.com/images/I/41QwGs8+oKL._SL75_.jpg","Width":75}}},"ItemInfo":{"ByLineInfo":{"Brand":{"DisplayValue":"Rapesco","Label":"Brand","Locale":"es_ES"},"Manufacturer":{"DisplayValue":"RAPESCO","Label":"Manufacturer","Locale":"es_ES"}},"Title":{"DisplayValue":"Rapesco 1630 Sobre Portafolios para Carpetas de Anillas, A4, Colores Transparentes Surtidos, Paquete de 5","Label":"Title","Locale":"es_ES"}},"Offers":{"Summaries":[{"Condition":{"Value":"New"},"LowestPrice":{"Amount":7.58,"Currency":"EUR","DisplayAmount":"7,58 € (1,52 € / unidad)","PricePerUnit":1.52}}]}},{"ASIN":"B001IVOW7C","DetailPageURL":"https://www.amazon.es/dp/B001IVOW7C?tag=topinalambricos-21&linkCode=osi&th=1&psc=1","Images":{"Primary":{"Small":{"Height":75,"URL":"https://m.media-amazon.com/images/I/313ZVnRCR7L._SL75_.jpg","Width":41}}},"ItemInfo":{"ByLineInfo":{"Brand":{"DisplayValue":"Oxford","Label":"Brand","Locale":"es_ES"},"Manufacturer":{"DisplayValue":"Hamelin Brands","Label":"Manufacturer","Locale":"es_ES"}},"Title":{"DisplayValue":"Oxford - Archivador 4 anillas Tapas de plástico personalizables, A4, Color transparente","Label":"Title","Locale":"es_ES"}},"Offers":{"Summaries":[{"Condition":{"Value":"New"},"LowestPrice":{"Amount":5.79,"Currency":"EUR","DisplayAmount":"5,79 €"}}]}},{"ASIN":"B09YHZGN5S","DetailPageURL":"https://www.amazon.es/dp/B09YHZGN5S?tag=topinalambricos-21&linkCode=osi&th=1&psc=1","Images":{"Primary":{"Small":{"Height":75,"URL":"https://m.media-amazon.com/images/I/51lkxdPCgLL._SL75_.jpg","Width":75}}},"ItemInfo":{"ByLineInfo":{"Brand":{"DisplayValue":"MARICATO","Label":"Brand","Locale":"es_ES"},"Manufacturer":{"DisplayValue":"TO","Label":"Manufacturer","Locale":"es_ES"}},"Title":{"DisplayValue":"Carpeta de Presupuesto A6, MARICATO 29Piezas Carpeta de Cuaderno 6 Anillas de PU, con Bolsas de Transparente con Cremallera, Hojas de Presupuesto, Pegatinas, Indice de Clasificación, Regla, Rosa","Label":"Title","Locale":"es_ES"}},"Offers":{"Summaries":[{"Condition":{"Value":"New"},"LowestPrice":{"Amount":11.99,"Currency":"EUR","DisplayAmount":"11,99 € (35,26 € / kg)","PricePerUnit":35.26}}]}},{"ASIN":"B09PTKVWY8","DetailPageURL":"https://www.amazon.es/dp/B09PTKVWY8?tag=topinalambricos-21&linkCode=osi&th=1&psc=1","Images":{"Primary":{"Small":{"Height":75,"URL":"https://m.media-amazon.com/images/I/21ddEcjI4ML._SL75_.jpg","Width":75}}},"ItemInfo":{"ByLineInfo":{"Brand":{"DisplayValue":"CALISTOUK","Label":"Brand","Locale":"es_ES"},"Manufacturer":{"DisplayValue":"CALISTOUK","Label":"Manufacturer","Locale":"es_ES"}},"Title":{"DisplayValue":"Carpeta de Anillas con 6 Agujeros, Funda blanda de PVC, Cuaderno, Carpeta Tipo Archivador con Anillas de Forma Redonda, Carpeta de PVC flexible transparente, Recargable para A5/A6/A7 hojas (A5)","Label":"Title","Locale":"es_ES"}},"Offers":{"Summaries":[{"Condition":{"Value":"New"},"LowestPrice":{"Amount":8.08,"Currency":"EUR","DisplayAmount":"8,08 €"}}]}},{"ASIN":"B09XGP6STD","DetailPageURL":"https://www.amazon.es/dp/B09XGP6STD?tag=topinalambricos-21&linkCode=osi&th=1&psc=1","Images":{"Primary":{"Small":{"Height":75,"URL":"https://m.media-amazon.com/images/I/41dIgQt6WcL._SL75_.jpg","Width":75}}},"ItemInfo":{"ByLineInfo":{"Brand":{"DisplayValue":"TOYESS","Label":"Brand","Locale":"es_ES"},"Manufacturer":{"DisplayValue":"TOYESS","Label":"Manufacturer","Locale":"es_ES"}},"Title":{"DisplayValue":"TOYESS 30Pcs Carpeta de Cuaderno A5, Archivadores Cuero de PU con 12 Bolsas Transparente, 12 Hojas de Presupuesto, Clasificador de Presupuesto para Guardar Tarjetas Fotos Facturas, Rosa","Label":"Title","Locale":"es_ES"}},"Offers":{"Summaries":[{"Condition":{"Value":"New"},"LowestPrice":{"Amount":12.89,"Currency":"EUR","DisplayAmount":"12,89 €"}}]}},{"ASIN":"B013UX8334","DetailPageURL":"https://www.amazon.es/dp/B013UX8334?tag=topinalambricos-21&linkCode=osi&th=1&psc=1","Images":{"Primary":{"Small":{"Height":56,"URL":"https://m.media-amazon.com/images/I/310cVrYz8VL._SL75_.jpg","Width":75}}},"ItemInfo":{"ByLineInfo":{"Brand":{"DisplayValue":"HF2","Label":"Brand","Locale":"es_ES"},"Manufacturer":{"DisplayValue":"Europel Business Products","Label":"Manufacturer","Locale":"es_ES"}},"Title":{"DisplayValue":"HF2 122461 - Carpeta de 4 anillas, 16mm, A4. Color: blanco transparente.","Label":"Title","Locale":"es_ES"}},"Offers":{"Summaries":[{"Condition":{"Value":"New"},"LowestPrice":{"Amount":6.66,"Currency":"EUR","DisplayAmount":"6,66 €"}}]}},{"ASIN":"B0CB5W72X3","DetailPageURL":"https://www.amazon.es/dp/B0CB5W72X3?tag=topinalambricos-21&linkCode=osi&th=1&psc=1","Images":{"Primary":{"Small":{"Height":75,"URL":"https://m.media-amazon.com/images/I/41QsbuzJlOL._SL75_.jpg","Width":75}}},"ItemInfo":{"ByLineInfo":{"Brand":{"DisplayValue":"Gfamous","Label":"Brand","Locale":"es_ES"},"Manufacturer":{"DisplayValue":"Gfamous","Label":"Manufacturer","Locale":"es_ES"}},"Title":{"DisplayValue":"Gfamous Carpeta transparente para cuadernos de 2 unidades, transparente, carpeta de anillas transparente, cubierta de anillas A5, resistente al agua y a la suciedad, para cuadernos, pinturas A5","Label":"Title","Locale":"es_ES"}},"Offers":{"Summaries":[{"Condition":{"Value":"New"},"LowestPrice":{"Amount":14.99,"Currency":"EUR","DisplayAmount":"14,99 €"}}]}},{"ASIN":"B00TTW5QQ8","DetailPageURL":"https://www.amazon.es/dp/B00TTW5QQ8?tag=topinalambricos-21&linkCode=osi&th=1&psc=1","Images":{"Primary":{"Small":{"Height":75,"URL":"https://m.media-amazon.com/images/I/21A+P2uaxQL._SL75_.jpg","Width":75}}},"ItemInfo":{"ByLineInfo":{"Brand":{"DisplayValue":"Exacompta","Label":"Brand","Locale":"es_ES"},"Manufacturer":{"DisplayValue":"Exacompta","Label":"Manufacturer","Locale":"es_ES"}},"Title":{"DisplayValue":"Exacompta 51264E Cartelle ad Anelli, 32x26 cm, Cristal","Label":"Title","Locale":"es_ES"}},"Offers":{"Summaries":[{"Condition":{"Value":"Used"},"LowestPrice":{"Amount":6.0,"Currency":"EUR","DisplayAmount":"6,00 €"}},{"Condition":{"Value":"New"},"LowestPrice":{"Amount":6.95,"Currency":"EUR","DisplayAmount":"6,95 €"}}]}},{"ASIN":"B004HG68T0","DetailPageURL":"https://www.amazon.es/dp/B004HG68T0?tag=topinalambricos-21&linkCode=osi&th=1&psc=1","Images":{"Primary":{"Small":{"Height":75,"URL":"https://m.media-amazon.com/images/I/41SDi3NYXpL._SL75_.jpg","Width":42}}},"ItemInfo":{"ByLineInfo":{"Brand":{"DisplayValue":"Exacompta","Label":"Brand","Locale":"es_ES"},"Contributors":[{"Locale":"es_ES","Name":"Exacompta","Role":"Autor","RoleType":"author"}],"Manufacturer":{"DisplayValue":"Exacompta","Label":"Manufacturer","Locale":"es_ES"}},"Title":{"DisplayValue":"Exacompta - ref. 51568E - 1 carpeta rígida de polipropileno personalizable con 1 bolsillo - 4 anillas redondas, diámetro 30 mm - Dimensiones externas: 32 x 26,8 cm - Formato de archivo A4 Maxi -","Label":"Title","Locale":"es_ES"}},"Offers":{"Summaries":[{"Condition":{"Value":"New"},"LowestPrice":{"Amount":7.05,"Currency":"EUR","DisplayAmount":"7,05 €"}}]}}],"SearchURL":"https://www.amazon.es/s?k=transparente&rh=n%3A4353061031%2Cp_n_availability%3A-1&tag=topinalambricos-21&linkCode=osi","TotalResultCount":966}},"156":{"SearchResult":{"Items":[{"ASIN":"B01D38N4W6","DetailPageURL":"https://www.amazon.es/dp/B01D38N4W6?tag=topinalambricos-21&linkCode=osi&th=1&psc=1","Images":{"Primary":{"Small":{"Height":75,"URL":"https://m.media-amazon.com/images/I/41-juahWb2L._SL75_.jpg","Width":75}}},"ItemInfo":{"ByLineInfo":{"Brand":{"DisplayValue":"Grafoplás","Label":"Brand","Locale":"es_ES"},"Manufacturer":{"DisplayValue":"Grafoplas del Noroeste,S.A.","Label":"Manufacturer","Locale":"es_ES"}},"Title":{"DisplayValue":"Grafoplás 30121000. Carpeta de Anillas, A4, con 6 Sobres de 11 Taladros Multicolor/Transparente, Cierre de Goma","Label":"Title","Locale":"es_ES"}},"Offers":{"Summaries":[{"Condition":{"Value":"New"},"LowestPrice":{"Amount":9.52,"Currency":"EUR","DisplayAmount":"9,52 €"}}]}},{"ASIN":"B08RZ82PV5","DetailPageURL":"https://www.amazon.es/dp/B08RZ82PV5?tag=topinalambricos-21&linkCode=osi&th=1&psc=1","Images":{"Primary":{"Small":{"Height":75,"URL":"https://m.media-amazon.com/images/I/41QwGs8+oKL._SL75_.jpg","Width":75}}},"ItemInfo":{"ByLineInfo":{"Brand":{"DisplayValue":"Rapesco","Label":"Brand","Locale":"es_ES"},"Manufacturer":{"DisplayValue":"RAPESCO","Label":"Manufacturer","Locale":"es_ES"}},"Title":{"DisplayValue":"Rapesco 1630 Sobre Portafolios para Carpetas de Anillas, A4, Colores Transparentes Surtidos, Paquete de 5","Label":"Title","Locale":"es_ES"}},"Offers":{"Summaries":[{"Condition":{"Value":"New"},"LowestPrice":{"Amount":7.58,"Currency":"EUR","DisplayAmount":"7,58 € (1,52 € / unidad)","PricePerUnit":1.52}}]}},{"ASIN":"B001IVOW7C","DetailPageURL":"https://www.amazon.es/dp/B001IVOW7C?tag=topinalambricos-21&linkCode=osi&th=1&psc=1","Images":{"Primary":{"Small":{"Height":75,"URL":"https://m.media-amazon.com/images/I/313ZVnRCR7L._SL75_.jpg","Width":41}}},"ItemInfo":{"ByLineInfo":{"Brand":{"DisplayValue":"Oxford","Label":"Brand","Locale":"es_ES"},"Manufacturer":{"DisplayValue":"Hamelin Brands","Label":"Manufacturer","Locale":"es_ES"}},"Title":{"DisplayValue":"Oxford - Archivador 4 anillas Tapas de plástico personalizables, A4, Color transparente","Label":"Title","Locale":"es_ES"}},"Offers":{"Summaries":[{"Condition":{"Value":"New"},"LowestPrice":{"Amount":5.79,"Currency":"EUR","DisplayAmount":"5,79 €"}}]}},{"ASIN":"B09YHZGN5S","DetailPageURL":"https://www.amazon.es/dp/B09YHZGN5S?tag=topinalambricos-21&linkCode=osi&th=1&psc=1","Images":{"Primary":{"Small":{"Height":75,"URL":"https://m.media-amazon.com/images/I/51lkxdPCgLL._SL75_.jpg","Width":75}}},"ItemInfo":{"ByLineInfo":{"Brand":{"DisplayValue":"MARICATO","Label":"Brand","Locale":"es_ES"},"Manufacturer":{"DisplayValue":"TO","Label":"Manufacturer","Locale":"es_ES"}},"Title":{"DisplayValue":"Carpeta de Presupuesto A6, MARICATO 29Piezas Carpeta de Cuaderno 6 Anillas de PU, con Bolsas de Transparente con Cremallera, Hojas de Presupuesto, Pegatinas, Indice de Clasificación, Regla, Rosa","Label":"Title","Locale":"es_ES"}},"Offers":{"Summaries":[{"Condition":{"Value":"New"},"LowestPrice":{"Amount":11.99,"Currency":"EUR","DisplayAmount":"11,99 € (35,26 € / kg)","PricePerUnit":35.26}}]}},{"ASIN":"B09PTKVWY8","DetailPageURL":"https://www.amazon.es/dp/B09PTKVWY8?tag=topinalambricos-21&linkCode=osi&th=1&psc=1","Images":{"Primary":{"Small":{"Height":75,"URL":"https://m.media-amazon.com/images/I/21ddEcjI4ML._SL75_.jpg","Width":75}}},"ItemInfo":{"ByLineInfo":{"Brand":{"DisplayValue":"CALISTOUK","Label":"Brand","Locale":"es_ES"},"Manufacturer":{"DisplayValue":"CALISTOUK","Label":"Manufacturer","Locale":"es_ES"}},"Title":{"DisplayValue":"Carpeta de Anillas con 6 Agujeros, Funda blanda de PVC, Cuaderno, Carpeta Tipo Archivador con Anillas de Forma Redonda, Carpeta de PVC flexible transparente, Recargable para A5/A6/A7 hojas (A5)","Label":"Title","Locale":"es_ES"}},"Offers":{"Summaries":[{"Condition":{"Value":"New"},"LowestPrice":{"Amount":8.08,"Currency":"EUR","DisplayAmount":"8,08 €"}}]}},{"ASIN":"B09XGP6STD","DetailPageURL":"https://www.amazon.es/dp/B09XGP6STD?tag=topinalambricos-21&linkCode=osi&th=1&psc=1","Images":{"Primary":{"Small":{"Height":75,"URL":"https://m.media-amazon.com/images/I/41dIgQt6WcL._SL75_.jpg","Width":75}}},"ItemInfo":{"ByLineInfo":{"Brand":{"DisplayValue":"TOYESS","Label":"Brand","Locale":"es_ES"},"Manufacturer":{"DisplayValue":"TOYESS","Label":"Manufacturer","Locale":"es_ES"}},"Title":{"DisplayValue":"TOYESS 30Pcs Carpeta de Cuaderno A5, Archivadores Cuero de PU con 12 Bolsas Transparente, 12 Hojas de Presupuesto, Clasificador de Presupuesto para Guardar Tarjetas Fotos Facturas, Rosa","Label":"Title","Locale":"es_ES"}},"Offers":{"Summaries":[{"Condition":{"Value":"New"},"LowestPrice":{"Amount":12.89,"Currency":"EUR","DisplayAmount":"12,89 €"}}]}},{"ASIN":"B013UX8334","DetailPageURL":"https://www.amazon.es/dp/B013UX8334?tag=topinalambricos-21&linkCode=osi&th=1&psc=1","Images":{"Primary":{"Small":{"Height":56,"URL":"https://m.media-amazon.com/images/I/310cVrYz8VL._SL75_.jpg","Width":75}}},"ItemInfo":{"ByLineInfo":{"Brand":{"DisplayValue":"HF2","Label":"Brand","Locale":"es_ES"},"Manufacturer":{"DisplayValue":"Europel Business Products","Label":"Manufacturer","Locale":"es_ES"}},"Title":{"DisplayValue":"HF2 122461 - Carpeta de 4 anillas, 16mm, A4. Color: blanco transparente.","Label":"Title","Locale":"es_ES"}},"Offers":{"Summaries":[{"Condition":{"Value":"New"},"LowestPrice":{"Amount":6.66,"Currency":"EUR","DisplayAmount":"6,66 €"}}]}},{"ASIN":"B0CB5W72X3","DetailPageURL":"https://www.amazon.es/dp/B0CB5W72X3?tag=topinalambricos-21&linkCode=osi&th=1&psc=1","Images":{"Primary":{"Small":{"Height":75,"URL":"https://m.media-amazon.com/images/I/41QsbuzJlOL._SL75_.jpg","Width":75}}},"ItemInfo":{"ByLineInfo":{"Brand":{"DisplayValue":"Gfamous","Label":"Brand","Locale":"es_ES"},"Manufacturer":{"DisplayValue":"Gfamous","Label":"Manufacturer","Locale":"es_ES"}},"Title":{"DisplayValue":"Gfamous Carpeta transparente para cuadernos de 2 unidades, transparente, carpeta de anillas transparente, cubierta de anillas A5, resistente al agua y a la suciedad, para cuadernos, pinturas A5","Label":"Title","Locale":"es_ES"}},"Offers":{"Summaries":[{"Condition":{"Value":"New"},"LowestPrice":{"Amount":14.99,"Currency":"EUR","DisplayAmount":"14,99 €"}}]}},{"ASIN":"B00TTW5QQ8","DetailPageURL":"https://www.amazon.es/dp/B00TTW5QQ8?tag=topinalambricos-21&linkCode=osi&th=1&psc=1","Images":{"Primary":{"Small":{"Height":75,"URL":"https://m.media-amazon.com/images/I/21A+P2uaxQL._SL75_.jpg","Width":75}}},"ItemInfo":{"ByLineInfo":{"Brand":{"DisplayValue":"Exacompta","Label":"Brand","Locale":"es_ES"},"Manufacturer":{"DisplayValue":"Exacompta","Label":"Manufacturer","Locale":"es_ES"}},"Title":{"DisplayValue":"Exacompta 51264E Cartelle ad Anelli, 32x26 cm, Cristal","Label":"Title","Locale":"es_ES"}},"Offers":{"Summaries":[{"Condition":{"Value":"Used"},"LowestPrice":{"Amount":6.0,"Currency":"EUR","DisplayAmount":"6,00 €"}},{"Condition":{"Value":"New"},"LowestPrice":{"Amount":6.95,"Currency":"EUR","DisplayAmount":"6,95 €"}}]}},{"ASIN":"B004HG68T0","DetailPageURL":"https://www.amazon.es/dp/B004HG68T0?tag=topinalambricos-21&linkCode=osi&th=1&psc=1","Images":{"Primary":{"Small":{"Height":75,"URL":"https://m.media-amazon.com/images/I/41SDi3NYXpL._SL75_.jpg","Width":42}}},"ItemInfo":{"ByLineInfo":{"Brand":{"DisplayValue":"Exacompta","Label":"Brand","Locale":"es_ES"},"Contributors":[{"Locale":"es_ES","Name":"Exacompta","Role":"Autor","RoleType":"author"}],"Manufacturer":{"DisplayValue":"Exacompta","Label":"Manufacturer","Locale":"es_ES"}},"Title":{"DisplayValue":"Exacompta - ref. 51568E - 1 carpeta rígida de polipropileno personalizable con 1 bolsillo - 4 anillas redondas, diámetro 30 mm - Dimensiones externas: 32 x 26,8 cm - Formato de archivo A4 Maxi -","Label":"Title","Locale":"es_ES"}},"Offers":{"Summaries":[{"Condition":{"Value":"New"},"LowestPrice":{"Amount":7.05,"Currency":"EUR","DisplayAmount":"7,05 €"}}]}}],"SearchURL":"https://www.amazon.es/s?k=transparente&rh=n%3A4353061031%2Cp_n_availability%3A-1&tag=topinalambricos-21&linkCode=osi","TotalResultCount":966}},"157":{"SearchResult":{"Items":[{"ASIN":"B01D38N4W6","DetailPageURL":"https://www.amazon.es/dp/B01D38N4W6?tag=topinalambricos-21&linkCode=osi&th=1&psc=1","Images":{"Primary":{"Small":{"Height":75,"URL":"https://m.media-amazon.com/images/I/41-juahWb2L._SL75_.jpg","Width":75}}},"ItemInfo":{"ByLineInfo":{"Brand":{"DisplayValue":"Grafoplás","Label":"Brand","Locale":"es_ES"},"Manufacturer":{"DisplayValue":"Grafoplas del Noroeste,S.A.","Label":"Manufacturer","Locale":"es_ES"}},"Title":{"DisplayValue":"Grafoplás 30121000. Carpeta de Anillas, A4, con 6 Sobres de 11 Taladros Multicolor/Transparente, Cierre de Goma","Label":"Title","Locale":"es_ES"}},"Offers":{"Summaries":[{"Condition":{"Value":"New"},"LowestPrice":{"Amount":9.52,"Currency":"EUR","DisplayAmount":"9,52 €"}}]}},{"ASIN":"B08RZ82PV5","DetailPageURL":"https://www.amazon.es/dp/B08RZ82PV5?tag=topinalambricos-21&linkCode=osi&th=1&psc=1","Images":{"Primary":{"Small":{"Height":75,"URL":"https://m.media-amazon.com/images/I/41QwGs8+oKL._SL75_.jpg","Width":75}}},"ItemInfo":{"ByLineInfo":{"Brand":{"DisplayValue":"Rapesco","Label":"Brand","Locale":"es_ES"},"Manufacturer":{"DisplayValue":"RAPESCO","Label":"Manufacturer","Locale":"es_ES"}},"Title":{"DisplayValue":"Rapesco 1630 Sobre Portafolios para Carpetas de Anillas, A4, Colores Transparentes Surtidos, Paquete de 5","Label":"Title","Locale":"es_ES"}},"Offers":{"Summaries":[{"Condition":{"Value":"New"},"LowestPrice":{"Amount":7.58,"Currency":"EUR","DisplayAmount":"7,58 € (1,52 € / unidad)","PricePerUnit":1.52}}]}},{"ASIN":"B001IVOW7C","DetailPageURL":"https://www.amazon.es/dp/B001IVOW7C?tag=topinalambricos-21&linkCode=osi&th=1&psc=1","Images":{"Primary":{"Small":{"Height":75,"URL":"https://m.media-amazon.com/images/I/313ZVnRCR7L._SL75_.jpg","Width":41}}},"ItemInfo":{"ByLineInfo":{"Brand":{"DisplayValue":"Oxford","Label":"Brand","Locale":"es_ES"},"Manufacturer":{"DisplayValue":"Hamelin Brands","Label":"Manufacturer","Locale":"es_ES"}},"Title":{"DisplayValue":"Oxford - Archivador 4 anillas Tapas de plástico personalizables, A4, Color transparente","Label":"Title","Locale":"es_ES"}},"Offers":{"Summaries":[{"Condition":{"Value":"New"},"LowestPrice":{"Amount":5.79,"Currency":"EUR","DisplayAmount":"5,79 €"}}]}},{"ASIN":"B09YHZGN5S","DetailPageURL":"https://www.amazon.es/dp/B09YHZGN5S?tag=topinalambricos-21&linkCode=osi&th=1&psc=1","Images":{"Primary":{"Small":{"Height":75,"URL":"https://m.media-amazon.com/images/I/51lkxdPCgLL._SL75_.jpg","Width":75}}},"ItemInfo":{"ByLineInfo":{"Brand":{"DisplayValue":"MARICATO","Label":"Brand","Locale":"es_ES"},"Manufacturer":{"DisplayValue":"TO","Label":"Manufacturer","Locale":"es_ES"}},"Title":{"DisplayValue":"Carpeta de Presupuesto A6, MARICATO 29Piezas Carpeta de Cuaderno 6 Anillas de PU, con Bolsas de Transparente con Cremallera, Hojas de Presupuesto, Pegatinas, Indice de Clasificación, Regla, Rosa","Label":"Title","Locale":"es_ES"}},"Offers":{"Summaries":[{"Condition":{"Value":"New"},"LowestPrice":{"Amount":11.99,"Currency":"EUR","DisplayAmount":"11,99 € (35,26 € / kg)","PricePerUnit":35.26}}]}},{"ASIN":"B09PTKVWY8","DetailPageURL":"https://www.amazon.es/dp/B09PTKVWY8?tag=topinalambricos-21&linkCode=osi&th=1&psc=1","Images":{"Primary":{"Small":{"Height":75,"URL":"https://m.media-amazon.com/images/I/21ddEcjI4ML._SL75_.jpg","Width":75}}},"ItemInfo":{"ByLineInfo":{"Brand":{"DisplayValue":"CALISTOUK","Label":"Brand","Locale":"es_ES"},"Manufacturer":{"DisplayValue":"CALISTOUK","Label":"Manufacturer","Locale":"es_ES"}},"Title":{"DisplayValue":"Carpeta de Anillas con 6 Agujeros, Funda blanda de PVC, Cuaderno, Carpeta Tipo Archivador con Anillas de Forma Redonda, Carpeta de PVC flexible transparente, Recargable para A5/A6/A7 hojas (A5)","Label":"Title","Locale":"es_ES"}},"Offers":{"Summaries":[{"Condition":{"Value":"New"},"LowestPrice":{"Amount":8.08,"Currency":"EUR","DisplayAmount":"8,08 €"}}]}},{"ASIN":"B09XGP6STD","DetailPageURL":"https://www.amazon.es/dp/B09XGP6STD?tag=topinalambricos-21&linkCode=osi&th=1&psc=1","Images":{"Primary":{"Small":{"Height":75,"URL":"https://m.media-amazon.com/images/I/41dIgQt6WcL._SL75_.jpg","Width":75}}},"ItemInfo":{"ByLineInfo":{"Brand":{"DisplayValue":"TOYESS","Label":"Brand","Locale":"es_ES"},"Manufacturer":{"DisplayValue":"TOYESS","Label":"Manufacturer","Locale":"es_ES"}},"Title":{"DisplayValue":"TOYESS 30Pcs Carpeta de Cuaderno A5, Archivadores Cuero de PU con 12 Bolsas Transparente, 12 Hojas de Presupuesto, Clasificador de Presupuesto para Guardar Tarjetas Fotos Facturas, Rosa","Label":"Title","Locale":"es_ES"}},"Offers":{"Summaries":[{"Condition":{"Value":"New"},"LowestPrice":{"Amount":12.89,"Currency":"EUR","DisplayAmount":"12,89 €"}}]}},{"ASIN":"B013UX8334","DetailPageURL":"https://www.amazon.es/dp/B013UX8334?tag=topinalambricos-21&linkCode=osi&th=1&psc=1","Images":{"Primary":{"Small":{"Height":56,"URL":"https://m.media-amazon.com/images/I/310cVrYz8VL._SL75_.jpg","Width":75}}},"ItemInfo":{"ByLineInfo":{"Brand":{"DisplayValue":"HF2","Label":"Brand","Locale":"es_ES"},"Manufacturer":{"DisplayValue":"Europel Business Products","Label":"Manufacturer","Locale":"es_ES"}},"Title":{"DisplayValue":"HF2 122461 - Carpeta de 4 anillas, 16mm, A4. Color: blanco transparente.","Label":"Title","Locale":"es_ES"}},"Offers":{"Summaries":[{"Condition":{"Value":"New"},"LowestPrice":{"Amount":6.66,"Currency":"EUR","DisplayAmount":"6,66 €"}}]}},{"ASIN":"B0CB5W72X3","DetailPageURL":"https://www.amazon.es/dp/B0CB5W72X3?tag=topinalambricos-21&linkCode=osi&th=1&psc=1","Images":{"Primary":{"Small":{"Height":75,"URL":"https://m.media-amazon.com/images/I/41QsbuzJlOL._SL75_.jpg","Width":75}}},"ItemInfo":{"ByLineInfo":{"Brand":{"DisplayValue":"Gfamous","Label":"Brand","Locale":"es_ES"},"Manufacturer":{"DisplayValue":"Gfamous","Label":"Manufacturer","Locale":"es_ES"}},"Title":{"DisplayValue":"Gfamous Carpeta transparente para cuadernos de 2 unidades, transparente, carpeta de anillas transparente, cubierta de anillas A5, resistente al agua y a la suciedad, para cuadernos, pinturas A5","Label":"Title","Locale":"es_ES"}},"Offers":{"Summaries":[{"Condition":{"Value":"New"},"LowestPrice":{"Amount":14.99,"Currency":"EUR","DisplayAmount":"14,99 €"}}]}},{"ASIN":"B00TTW5QQ8","DetailPageURL":"https://www.amazon.es/dp/B00TTW5QQ8?tag=topinalambricos-21&linkCode=osi&th=1&psc=1","Images":{"Primary":{"Small":{"Height":75,"URL":"https://m.media-amazon.com/images/I/21A+P2uaxQL._SL75_.jpg","Width":75}}},"ItemInfo":{"ByLineInfo":{"Brand":{"DisplayValue":"Exacompta","Label":"Brand","Locale":"es_ES"},"Manufacturer":{"DisplayValue":"Exacompta","Label":"Manufacturer","Locale":"es_ES"}},"Title":{"DisplayValue":"Exacompta 51264E Cartelle ad Anelli, 32x26 cm, Cristal","Label":"Title","Locale":"es_ES"}},"Offers":{"Summaries":[{"Condition":{"Value":"Used"},"LowestPrice":{"Amount":6.0,"Currency":"EUR","DisplayAmount":"6,00 €"}},{"Condition":{"Value":"New"},"LowestPrice":{"Amount":6.95,"Currency":"EUR","DisplayAmount":"6,95 €"}}]}},{"ASIN":"B004HG68T0","DetailPageURL":"https://www.amazon.es/dp/B004HG68T0?tag=topinalambricos-21&linkCode=osi&th=1&psc=1","Images":{"Primary":{"Small":{"Height":75,"URL":"https://m.media-amazon.com/images/I/41SDi3NYXpL._SL75_.jpg","Width":42}}},"ItemInfo":{"ByLineInfo":{"Brand":{"DisplayValue":"Exacompta","Label":"Brand","Locale":"es_ES"},"Contributors":[{"Locale":"es_ES","Name":"Exacompta","Role":"Autor","RoleType":"author"}],"Manufacturer":{"DisplayValue":"Exacompta","Label":"Manufacturer","Locale":"es_ES"}},"Title":{"DisplayValue":"Exacompta - ref. 51568E - 1 carpeta rígida de polipropileno personalizable con 1 bolsillo - 4 anillas redondas, diámetro 30 mm - Dimensiones externas: 32 x 26,8 cm - Formato de archivo A4 Maxi -","Label":"Title","Locale":"es_ES"}},"Offers":{"Summaries":[{"Condition":{"Value":"New"},"LowestPrice":{"Amount":7.05,"Currency":"EUR","DisplayAmount":"7,05 €"}}]}}],"SearchURL":"https://www.amazon.es/s?k=transparente&rh=n%3A4353061031%2Cp_n_availability%3A-1&tag=topinalambricos-21&linkCode=osi","TotalResultCount":966}},"158":{"SearchResult":{"Items":[{"ASIN":"B01D38N4W6","DetailPageURL":"https://www.amazon.es/dp/B01D38N4W6?tag=topinalambricos-21&linkCode=osi&th=1&psc=1","Images":{"Primary":{"Small":{"Height":75,"URL":"https://m.media-amazon.com/images/I/41-juahWb2L._SL75_.jpg","Width":75}}},"ItemInfo":{"ByLineInfo":{"Brand":{"DisplayValue":"Grafoplás","Label":"Brand","Locale":"es_ES"},"Manufacturer":{"DisplayValue":"Grafoplas del Noroeste,S.A.","Label":"Manufacturer","Locale":"es_ES"}},"Title":{"DisplayValue":"Grafoplás 30121000. Carpeta de Anillas, A4, con 6 Sobres de 11 Taladros Multicolor/Transparente, Cierre de Goma","Label":"Title","Locale":"es_ES"}},"Offers":{"Summaries":[{"Condition":{"Value":"New"},"LowestPrice":{"Amount":9.52,"Currency":"EUR","DisplayAmount":"9,52 €"}}]}},{"ASIN":"B08RZ82PV5","DetailPageURL":"https://www.amazon.es/dp/B08RZ82PV5?tag=topinalambricos-21&linkCode=osi&th=1&psc=1","Images":{"Primary":{"Small":{"Height":75,"URL":"https://m.media-amazon.com/images/I/41QwGs8+oKL._SL75_.jpg","Width":75}}},"ItemInfo":{"ByLineInfo":{"Brand":{"DisplayValue":"Rapesco","Label":"Brand","Locale":"es_ES"},"Manufacturer":{"DisplayValue":"RAPESCO","Label":"Manufacturer","Locale":"es_ES"}},"Title":{"DisplayValue":"Rapesco 1630 Sobre Portafolios para Carpetas de Anillas, A4, Colores Transparentes Surtidos, Paquete de 5","Label":"Title","Locale":"es_ES"}},"Offers":{"Summaries":[{"Condition":{"Value":"New"},"LowestPrice":{"Amount":7.58,"Currency":"EUR","DisplayAmount":"7,58 € (1,52 € / unidad)","PricePerUnit":1.52}}]}},{"ASIN":"B001IVOW7C","DetailPageURL":"https://www.amazon.es/dp/B001IVOW7C?tag=topinalambricos-21&linkCode=osi&th=1&psc=1","Images":{"Primary":{"Small":{"Height":75,"URL":"https://m.media-amazon.com/images/I/313ZVnRCR7L._SL75_.jpg","Width":41}}},"ItemInfo":{"ByLineInfo":{"Brand":{"DisplayValue":"Oxford","Label":"Brand","Locale":"es_ES"},"Manufacturer":{"DisplayValue":"Hamelin Brands","Label":"Manufacturer","Locale":"es_ES"}},"Title":{"DisplayValue":"Oxford - Archivador 4 anillas Tapas de plástico personalizables, A4, Color transparente","Label":"Title","Locale":"es_ES"}},"Offers":{"Summaries":[{"Condition":{"Value":"New"},"LowestPrice":{"Amount":5.79,"Currency":"EUR","DisplayAmount":"5,79 €"}}]}},{"ASIN":"B09YHZGN5S","DetailPageURL":"https://www.amazon.es/dp/B09YHZGN5S?tag=topinalambricos-21&linkCode=osi&th=1&psc=1","Images":{"Primary":{"Small":{"Height":75,"URL":"https://m.media-amazon.com/images/I/51lkxdPCgLL._SL75_.jpg","Width":75}}},"ItemInfo":{"ByLineInfo":{"Brand":{"DisplayValue":"MARICATO","Label":"Brand","Locale":"es_ES"},"Manufacturer":{"DisplayValue":"TO","Label":"Manufacturer","Locale":"es_ES"}},"Title":{"DisplayValue":"Carpeta de Presupuesto A6, MARICATO 29Piezas Carpeta de Cuaderno 6 Anillas de PU, con Bolsas de Transparente con Cremallera, Hojas de Presupuesto, Pegatinas, Indice de Clasificación, Regla, Rosa","Label":"Title","Locale":"es_ES"}},"Offers":{"Summaries":[{"Condition":{"Value":"New"},"LowestPrice":{"Amount":11.99,"Currency":"EUR","DisplayAmount":"11,99 € (35,26 € / kg)","PricePerUnit":35.26}}]}},{"ASIN":"B09PTKVWY8","DetailPageURL":"https://www.amazon.es/dp/B09PTKVWY8?tag=topinalambricos-21&linkCode=osi&th=1&psc=1","Images":{"Primary":{"Small":{"Height":75,"URL":"https://m.media-amazon.com/images/I/21ddEcjI4ML._SL75_.jpg","Width":75}}},"ItemInfo":{"ByLineInfo":{"Brand":{"DisplayValue":"CALISTOUK","Label":"Brand","Locale":"es_ES"},"Manufacturer":{"DisplayValue":"CALISTOUK","Label":"Manufacturer","Locale":"es_ES"}},"Title":{"DisplayValue":"Carpeta de Anillas con 6 Agujeros, Funda blanda de PVC, Cuaderno, Carpeta Tipo Archivador con Anillas de Forma Redonda, Carpeta de PVC flexible transparente, Recargable para A5/A6/A7 hojas (A5)","Label":"Title","Locale":"es_ES"}},"Offers":{"Summaries":[{"Condition":{"Value":"New"},"LowestPrice":{"Amount":8.08,"Currency":"EUR","DisplayAmount":"8,08 €"}}]}},{"ASIN":"B09XGP6STD","DetailPageURL":"https://www.amazon.es/dp/B09XGP6STD?tag=topinalambricos-21&linkCode=osi&th=1&psc=1","Images":{"Primary":{"Small":{"Height":75,"URL":"https://m.media-amazon.com/images/I/41dIgQt6WcL._SL75_.jpg","Width":75}}},"ItemInfo":{"ByLineInfo":{"Brand":{"DisplayValue":"TOYESS","Label":"Brand","Locale":"es_ES"},"Manufacturer":{"DisplayValue":"TOYESS","Label":"Manufacturer","Locale":"es_ES"}},"Title":{"DisplayValue":"TOYESS 30Pcs Carpeta de Cuaderno A5, Archivadores Cuero de PU con 12 Bolsas Transparente, 12 Hojas de Presupuesto, Clasificador de Presupuesto para Guardar Tarjetas Fotos Facturas, Rosa","Label":"Title","Locale":"es_ES"}},"Offers":{"Summaries":[{"Condition":{"Value":"New"},"LowestPrice":{"Amount":12.89,"Currency":"EUR","DisplayAmount":"12,89 €"}}]}},{"ASIN":"B013UX8334","DetailPageURL":"https://www.amazon.es/dp/B013UX8334?tag=topinalambricos-21&linkCode=osi&th=1&psc=1","Images":{"Primary":{"Small":{"Height":56,"URL":"https://m.media-amazon.com/images/I/310cVrYz8VL._SL75_.jpg","Width":75}}},"ItemInfo":{"ByLineInfo":{"Brand":{"DisplayValue":"HF2","Label":"Brand","Locale":"es_ES"},"Manufacturer":{"DisplayValue":"Europel Business Products","Label":"Manufacturer","Locale":"es_ES"}},"Title":{"DisplayValue":"HF2 122461 - Carpeta de 4 anillas, 16mm, A4. Color: blanco transparente.","Label":"Title","Locale":"es_ES"}},"Offers":{"Summaries":[{"Condition":{"Value":"New"},"LowestPrice":{"Amount":6.66,"Currency":"EUR","DisplayAmount":"6,66 €"}}]}},{"ASIN":"B0CB5W72X3","DetailPageURL":"https://www.amazon.es/dp/B0CB5W72X3?tag=topinalambricos-21&linkCode=osi&th=1&psc=1","Images":{"Primary":{"Small":{"Height":75,"URL":"https://m.media-amazon.com/images/I/41QsbuzJlOL._SL75_.jpg","Width":75}}},"ItemInfo":{"ByLineInfo":{"Brand":{"DisplayValue":"Gfamous","Label":"Brand","Locale":"es_ES"},"Manufacturer":{"DisplayValue":"Gfamous","Label":"Manufacturer","Locale":"es_ES"}},"Title":{"DisplayValue":"Gfamous Carpeta transparente para cuadernos de 2 unidades, transparente, carpeta de anillas transparente, cubierta de anillas A5, resistente al agua y a la suciedad, para cuadernos, pinturas A5","Label":"Title","Locale":"es_ES"}},"Offers":{"Summaries":[{"Condition":{"Value":"New"},"LowestPrice":{"Amount":14.99,"Currency":"EUR","DisplayAmount":"14,99 €"}}]}},{"ASIN":"B00TTW5QQ8","DetailPageURL":"https://www.amazon.es/dp/B00TTW5QQ8?tag=topinalambricos-21&linkCode=osi&th=1&psc=1","Images":{"Primary":{"Small":{"Height":75,"URL":"https://m.media-amazon.com/images/I/21A+P2uaxQL._SL75_.jpg","Width":75}}},"ItemInfo":{"ByLineInfo":{"Brand":{"DisplayValue":"Exacompta","Label":"Brand","Locale":"es_ES"},"Manufacturer":{"DisplayValue":"Exacompta","Label":"Manufacturer","Locale":"es_ES"}},"Title":{"DisplayValue":"Exacompta 51264E Cartelle ad Anelli, 32x26 cm, Cristal","Label":"Title","Locale":"es_ES"}},"Offers":{"Summaries":[{"Condition":{"Value":"Used"},"LowestPrice":{"Amount":6.0,"Currency":"EUR","DisplayAmount":"6,00 €"}},{"Condition":{"Value":"New"},"LowestPrice":{"Amount":6.95,"Currency":"EUR","DisplayAmount":"6,95 €"}}]}},{"ASIN":"B004HG68T0","DetailPageURL":"https://www.amazon.es/dp/B004HG68T0?tag=topinalambricos-21&linkCode=osi&th=1&psc=1","Images":{"Primary":{"Small":{"Height":75,"URL":"https://m.media-amazon.com/images/I/41SDi3NYXpL._SL75_.jpg","Width":42}}},"ItemInfo":{"ByLineInfo":{"Brand":{"DisplayValue":"Exacompta","Label":"Brand","Locale":"es_ES"},"Contributors":[{"Locale":"es_ES","Name":"Exacompta","Role":"Autor","RoleType":"author"}],"Manufacturer":{"DisplayValue":"Exacompta","Label":"Manufacturer","Locale":"es_ES"}},"Title":{"DisplayValue":"Exacompta - ref. 51568E - 1 carpeta rígida de polipropileno personalizable con 1 bolsillo - 4 anillas redondas, diámetro 30 mm - Dimensiones externas: 32 x 26,8 cm - Formato de archivo A4 Maxi -","Label":"Title","Locale":"es_ES"}},"Offers":{"Summaries":[{"Condition":{"Value":"New"},"LowestPrice":{"Amount":7.05,"Currency":"EUR","DisplayAmount":"7,05 €"}}]}}],"SearchURL":"https://www.amazon.es/s?k=transparente&rh=n%3A4353061031%2Cp_n_availability%3A-1&tag=topinalambricos-21&linkCode=osi","TotalResultCount":966}},"159":{"SearchResult":{"Items":[{"ASIN":"B01D38N4W6","DetailPageURL":"https://www.amazon.es/dp/B01D38N4W6?tag=topinalambricos-21&linkCode=osi&th=1&psc=1","Images":{"Primary":{"Small":{"Height":75,"URL":"https://m.media-amazon.com/images/I/41-juahWb2L._SL75_.jpg","Width":75}}},"ItemInfo":{"ByLineInfo":{"Brand":{"DisplayValue":"Grafoplás","Label":"Brand","Locale":"es_ES"},"Manufacturer":{"DisplayValue":"Grafoplas del Noroeste,S.A.","Label":"Manufacturer","Locale":"es_ES"}},"Title":{"DisplayValue":"Grafoplás 30121000. Carpeta de Anillas, A4, con 6 Sobres de 11 Taladros Multicolor/Transparente, Cierre de Goma","Label":"Title","Locale":"es_ES"}},"Offers":{"Summaries":[{"Condition":{"Value":"New"},"LowestPrice":{"Amount":9.52,"Currency":"EUR","DisplayAmount":"9,52 €"}}]}},{"ASIN":"B08RZ82PV5","DetailPageURL":"https://www.amazon.es/dp/B08RZ82PV5?tag=topinalambricos-21&linkCode=osi&th=1&psc=1","Images":{"Primary":{"Small":{"Height":75,"URL":"https://m.media-amazon.com/images/I/41QwGs8+oKL._SL75_.jpg","Width":75}}},"ItemInfo":{"ByLineInfo":{"Brand":{"DisplayValue":"Rapesco","Label":"Brand","Locale":"es_ES"},"Manufacturer":{"DisplayValue":"RAPESCO","Label":"Manufacturer","Locale":"es_ES"}},"Title":{"DisplayValue":"Rapesco 1630 Sobre Portafolios para Carpetas de Anillas, A4, Colores Transparentes Surtidos, Paquete de 5","Label":"Title","Locale":"es_ES"}},"Offers":{"Summaries":[{"Condition":{"Value":"New"},"LowestPrice":{"Amount":7.58,"Currency":"EUR","DisplayAmount":"7,58 € (1,52 € / unidad)","PricePerUnit":1.52}}]}},{"ASIN":"B001IVOW7C","DetailPageURL":"https://www.amazon.es/dp/B001IVOW7C?tag=topinalambricos-21&linkCode=osi&th=1&psc=1","Images":{"Primary":{"Small":{"Height":75,"URL":"https://m.media-amazon.com/images/I/313ZVnRCR7L._SL75_.jpg","Width":41}}},"ItemInfo":{"ByLineInfo":{"Brand":{"DisplayValue":"Oxford","Label":"Brand","Locale":"es_ES"},"Manufacturer":{"DisplayValue":"Hamelin Brands","Label":"Manufacturer","Locale":"es_ES"}},"Title":{"DisplayValue":"Oxford - Archivador 4 anillas Tapas de plástico personalizables, A4, Color transparente","Label":"Title","Locale":"es_ES"}},"Offers":{"Summaries":[{"Condition":{"Value":"New"},"LowestPrice":{"Amount":5.79,"Currency":"EUR","DisplayAmount":"5,79 €"}}]}},{"ASIN":"B09YHZGN5S","DetailPageURL":"https://www.amazon.es/dp/B09YHZGN5S?tag=topinalambricos-21&linkCode=osi&th=1&psc=1","Images":{"Primary":{"Small":{"Height":75,"URL":"https://m.media-amazon.com/images/I/51lkxdPCgLL._SL75_.jpg","Width":75}}},"ItemInfo":{"ByLineInfo":{"Brand":{"DisplayValue":"MARICATO","Label":"Brand","Locale":"es_ES"},"Manufacturer":{"DisplayValue":"TO","Label":"Manufacturer","Locale":"es_ES"}},"Title":{"DisplayValue":"Carpeta de Presupuesto A6, MARICATO 29Piezas Carpeta de Cuaderno 6 Anillas de PU, con Bolsas de Transparente con Cremallera, Hojas de Presupuesto, Pegatinas, Indice de Clasificación, Regla, Rosa","Label":"Title","Locale":"es_ES"}},"Offers":{"Summaries":[{"Condition":{"Value":"New"},"LowestPrice":{"Amount":11.99,"Currency":"EUR","DisplayAmount":"11,99 € (35,26 € / kg)","PricePerUnit":35.26}}]}},{"ASIN":"B09PTKVWY8","DetailPageURL":"https://www.amazon.es/dp/B09PTKVWY8?tag=topinalambricos-21&linkCode=osi&th=1&psc=1","Images":{"Primary":{"Small":{"Height":75,"URL":"https://m.media-amazon.com/images/I/21ddEcjI4ML._SL75_.jpg","Width":75}}},"ItemInfo":{"ByLineInfo":{"Brand":{"DisplayValue":"CALISTOUK","Label":"Brand","Locale":"es_ES"},"Manufacturer":{"DisplayValue":"CALISTOUK","Label":"Manufacturer","Locale":"es_ES"}},"Title":{"DisplayValue":"Carpeta de Anillas con 6 Agujeros, Funda blanda de PVC, Cuaderno, Carpeta Tipo Archivador con Anillas de Forma Redonda, Carpeta de PVC flexible transparente, Recargable para A5/A6/A7 hojas (A5)","Label":"Title","Locale":"es_ES"}},"Offers":{"Summaries":[{"Condition":{"Value":"New"},"LowestPrice":{"Amount":8.08,"Currency":"EUR","DisplayAmount":"8,08 €"}}]}},{"ASIN":"B09XGP6STD","DetailPageURL":"https://www.amazon.es/dp/B09XGP6STD?tag=topinalambricos-21&linkCode=osi&th=1&psc=1","Images":{"Primary":{"Small":{"Height":75,"URL":"https://m.media-amazon.com/images/I/41dIgQt6WcL._SL75_.jpg","Width":75}}},"ItemInfo":{"ByLineInfo":{"Brand":{"DisplayValue":"TOYESS","Label":"Brand","Locale":"es_ES"},"Manufacturer":{"DisplayValue":"TOYESS","Label":"Manufacturer","Locale":"es_ES"}},"Title":{"DisplayValue":"TOYESS 30Pcs Carpeta de Cuaderno A5, Archivadores Cuero de PU con 12 Bolsas Transparente, 12 Hojas de Presupuesto, Clasificador de Presupuesto para Guardar Tarjetas Fotos Facturas, Rosa","Label":"Title","Locale":"es_ES"}},"Offers":{"Summaries":[{"Condition":{"Value":"New"},"LowestPrice":{"Amount":12.89,"Currency":"EUR","DisplayAmount":"12,89 €"}}]}},{"ASIN":"B013UX8334","DetailPageURL":"https://www.amazon.es/dp/B013UX8334?tag=topinalambricos-21&linkCode=osi&th=1&psc=1","Images":{"Primary":{"Small":{"Height":56,"URL":"https://m.media-amazon.com/images/I/310cVrYz8VL._SL75_.jpg","Width":75}}},"ItemInfo":{"ByLineInfo":{"Brand":{"DisplayValue":"HF2","Label":"Brand","Locale":"es_ES"},"Manufacturer":{"DisplayValue":"Europel Business Products","Label":"Manufacturer","Locale":"es_ES"}},"Title":{"DisplayValue":"HF2 122461 - Carpeta de 4 anillas, 16mm, A4. Color: blanco transparente.","Label":"Title","Locale":"es_ES"}},"Offers":{"Summaries":[{"Condition":{"Value":"New"},"LowestPrice":{"Amount":6.66,"Currency":"EUR","DisplayAmount":"6,66 €"}}]}},{"ASIN":"B0CB5W72X3","DetailPageURL":"https://www.amazon.es/dp/B0CB5W72X3?tag=topinalambricos-21&linkCode=osi&th=1&psc=1","Images":{"Primary":{"Small":{"Height":75,"URL":"https://m.media-amazon.com/images/I/41QsbuzJlOL._SL75_.jpg","Width":75}}},"ItemInfo":{"ByLineInfo":{"Brand":{"DisplayValue":"Gfamous","Label":"Brand","Locale":"es_ES"},"Manufacturer":{"DisplayValue":"Gfamous","Label":"Manufacturer","Locale":"es_ES"}},"Title":{"DisplayValue":"Gfamous Carpeta transparente para cuadernos de 2 unidades, transparente, carpeta de anillas transparente, cubierta de anillas A5, resistente al agua y a la suciedad, para cuadernos, pinturas A5","Label":"Title","Locale":"es_ES"}},"Offers":{"Summaries":[{"Condition":{"Value":"New"},"LowestPrice":{"Amount":14.99,"Currency":"EUR","DisplayAmount":"14,99 €"}}]}},{"ASIN":"B00TTW5QQ8","DetailPageURL":"https://www.amazon.es/dp/B00TTW5QQ8?tag=topinalambricos-21&linkCode=osi&th=1&psc=1","Images":{"Primary":{"Small":{"Height":75,"URL":"https://m.media-amazon.com/images/I/21A+P2uaxQL._SL75_.jpg","Width":75}}},"ItemInfo":{"ByLineInfo":{"Brand":{"DisplayValue":"Exacompta","Label":"Brand","Locale":"es_ES"},"Manufacturer":{"DisplayValue":"Exacompta","Label":"Manufacturer","Locale":"es_ES"}},"Title":{"DisplayValue":"Exacompta 51264E Cartelle ad Anelli, 32x26 cm, Cristal","Label":"Title","Locale":"es_ES"}},"Offers":{"Summaries":[{"Condition":{"Value":"Used"},"LowestPrice":{"Amount":6.0,"Currency":"EUR","DisplayAmount":"6,00 €"}},{"Condition":{"Value":"New"},"LowestPrice":{"Amount":6.95,"Currency":"EUR","DisplayAmount":"6,95 €"}}]}},{"ASIN":"B004HG68T0","DetailPageURL":"https://www.amazon.es/dp/B004HG68T0?tag=topinalambricos-21&linkCode=osi&th=1&psc=1","Images":{"Primary":{"Small":{"Height":75,"URL":"https://m.media-amazon.com/images/I/41SDi3NYXpL._SL75_.jpg","Width":42}}},"ItemInfo":{"ByLineInfo":{"Brand":{"DisplayValue":"Exacompta","Label":"Brand","Locale":"es_ES"},"Contributors":[{"Locale":"es_ES","Name":"Exacompta","Role":"Autor","RoleType":"author"}],"Manufacturer":{"DisplayValue":"Exacompta","Label":"Manufacturer","Locale":"es_ES"}},"Title":{"DisplayValue":"Exacompta - ref. 51568E - 1 carpeta rígida de polipropileno personalizable con 1 bolsillo - 4 anillas redondas, diámetro 30 mm - Dimensiones externas: 32 x 26,8 cm - Formato de archivo A4 Maxi -","Label":"Title","Locale":"es_ES"}},"Offers":{"Summaries":[{"Condition":{"Value":"New"},"LowestPrice":{"Amount":7.05,"Currency":"EUR","DisplayAmount":"7,05 €"}}]}}],"SearchURL":"https://www.amazon.es/s?k=transparente&rh=n%3A4353061031%2Cp_n_availability%3A-1&tag=topinalambricos-21&linkCode=osi","TotalResultCount":966}},"160":{"SearchResult":{"Items":[{"ASIN":"B01D38N4W6","DetailPageURL":"https://www.amazon.es/dp/B01D38N4W6?tag=topinalambricos-21&linkCode=osi&th=1&psc=1","Images":{"Primary":{"Small":{"Height":75,"URL":"https://m.media-amazon.com/images/I/41-juahWb2L._SL75_.jpg","Width":75}}},"ItemInfo":{"ByLineInfo":{"Brand":{"DisplayValue":"Grafoplás","Label":"Brand","Locale":"es_ES"},"Manufacturer":{"DisplayValue":"Grafoplas del Noroeste,S.A.","Label":"Manufacturer","Locale":"es_ES"}},"Title":{"DisplayValue":"Grafoplás 30121000. Carpeta de Anillas, A4, con 6 Sobres de 11 Taladros Multicolor/Transparente, Cierre de Goma","Label":"Title","Locale":"es_ES"}},"Offers":{"Summaries":[{"Condition":{"Value":"New"},"LowestPrice":{"Amount":9.52,"Currency":"EUR","DisplayAmount":"9,52 €"}}]}},{"ASIN":"B08RZ82PV5","DetailPageURL":"https://www.amazon.es/dp/B08RZ82PV5?tag=topinalambricos-21&linkCode=osi&th=1&psc=1","Images":{"Primary":{"Small":{"Height":75,"URL":"https://m.media-amazon.com/images/I/41QwGs8+oKL._SL75_.jpg","Width":75}}},"ItemInfo":{"ByLineInfo":{"Brand":{"DisplayValue":"Rapesco","Label":"Brand","Locale":"es_ES"},"Manufacturer":{"DisplayValue":"RAPESCO","Label":"Manufacturer","Locale":"es_ES"}},"Title":{"DisplayValue":"Rapesco 1630 Sobre Portafolios para Carpetas de Anillas, A4, Colores Transparentes Surtidos, Paquete de 5","Label":"Title","Locale":"es_ES"}},"Offers":{"Summaries":[{"Condition":{"Value":"New"},"LowestPrice":{"Amount":7.58,"Currency":"EUR","DisplayAmount":"7,58 € (1,52 € / unidad)","PricePerUnit":1.52}}]}},{"ASIN":"B001IVOW7C","DetailPageURL":"https://www.amazon.es/dp/B001IVOW7C?tag=topinalambricos-21&linkCode=osi&th=1&psc=1","Images":{"Primary":{"Small":{"Height":75,"URL":"https://m.media-amazon.com/images/I/313ZVnRCR7L._SL75_.jpg","Width":41}}},"ItemInfo":{"ByLineInfo":{"Brand":{"DisplayValue":"Oxford","Label":"Brand","Locale":"es_ES"},"Manufacturer":{"DisplayValue":"Hamelin Brands","Label":"Manufacturer","Locale":"es_ES"}},"Title":{"DisplayValue":"Oxford - Archivador 4 anillas Tapas de plástico personalizables, A4, Color transparente","Label":"Title","Locale":"es_ES"}},"Offers":{"Summaries":[{"Condition":{"Value":"New"},"LowestPrice":{"Amount":5.79,"Currency":"EUR","DisplayAmount":"5,79 €"}}]}},{"ASIN":"B09YHZGN5S","DetailPageURL":"https://www.amazon.es/dp/B09YHZGN5S?tag=topinalambricos-21&linkCode=osi&th=1&psc=1","Images":{"Primary":{"Small":{"Height":75,"URL":"https://m.media-amazon.com/images/I/51lkxdPCgLL._SL75_.jpg","Width":75}}},"ItemInfo":{"ByLineInfo":{"Brand":{"DisplayValue":"MARICATO","Label":"Brand","Locale":"es_ES"},"Manufacturer":{"DisplayValue":"TO","Label":"Manufacturer","Locale":"es_ES"}},"Title":{"DisplayValue":"Carpeta de Presupuesto A6, MARICATO 29Piezas Carpeta de Cuaderno 6 Anillas de PU, con Bolsas de Transparente con Cremallera, Hojas de Presupuesto, Pegatinas, Indice de Clasificación, Regla, Rosa","Label":"Title","Locale":"es_ES"}},"Offers":{"Summaries":[{"Condition":{"Value":"New"},"LowestPrice":{"Amount":11.99,"Currency":"EUR","DisplayAmount":"11,99 € (35,26 € / kg)","PricePerUnit":35.26}}]}},{"ASIN":"B09PTKVWY8","DetailPageURL":"https://www.amazon.es/dp/B09PTKVWY8?tag=topinalambricos-21&linkCode=osi&th=1&psc=1","Images":{"Primary":{"Small":{"Height":75,"URL":"https://m.media-amazon.com/images/I/21ddEcjI4ML._SL75_.jpg","Width":75}}},"ItemInfo":{"ByLineInfo":{"Brand":{"DisplayValue":"CALISTOUK","Label":"Brand","Locale":"es_ES"},"Manufacturer":{"DisplayValue":"CALISTOUK","Label":"Manufacturer","Locale":"es_ES"}},"Title":{"DisplayValue":"Carpeta de Anillas con 6 Agujeros, Funda blanda de PVC, Cuaderno, Carpeta Tipo Archivador con Anillas de Forma Redonda, Carpeta de PVC flexible transparente, Recargable para A5/A6/A7 hojas (A5)","Label":"Title","Locale":"es_ES"}},"Offers":{"Summaries":[{"Condition":{"Value":"New"},"LowestPrice":{"Amount":8.08,"Currency":"EUR","DisplayAmount":"8,08 €"}}]}},{"ASIN":"B09XGP6STD","DetailPageURL":"https://www.amazon.es/dp/B09XGP6STD?tag=topinalambricos-21&linkCode=osi&th=1&psc=1","Images":{"Primary":{"Small":{"Height":75,"URL":"https://m.media-amazon.com/images/I/41dIgQt6WcL._SL75_.jpg","Width":75}}},"ItemInfo":{"ByLineInfo":{"Brand":{"DisplayValue":"TOYESS","Label":"Brand","Locale":"es_ES"},"Manufacturer":{"DisplayValue":"TOYESS","Label":"Manufacturer","Locale":"es_ES"}},"Title":{"DisplayValue":"TOYESS 30Pcs Carpeta de Cuaderno A5, Archivadores Cuero de PU con 12 Bolsas Transparente, 12 Hojas de Presupuesto, Clasificador de Presupuesto para Guardar Tarjetas Fotos Facturas, Rosa","Label":"Title","Locale":"es_ES"}},"Offers":{"Summaries":[{"Condition":{"Value":"New"},"LowestPrice":{"Amount":12.89,"Currency":"EUR","DisplayAmount":"12,89 €"}}]}},{"ASIN":"B013UX8334","DetailPageURL":"https://www.amazon.es/dp/B013UX8334?tag=topinalambricos-21&linkCode=osi&th=1&psc=1","Images":{"Primary":{"Small":{"Height":56,"URL":"https://m.media-amazon.com/images/I/310cVrYz8VL._SL75_.jpg","Width":75}}},"ItemInfo":{"ByLineInfo":{"Brand":{"DisplayValue":"HF2","Label":"Brand","Locale":"es_ES"},"Manufacturer":{"DisplayValue":"Europel Business Products","Label":"Manufacturer","Locale":"es_ES"}},"Title":{"DisplayValue":"HF2 122461 - Carpeta de 4 anillas, 16mm, A4. Color: blanco transparente.","Label":"Title","Locale":"es_ES"}},"Offers":{"Summaries":[{"Condition":{"Value":"New"},"LowestPrice":{"Amount":6.66,"Currency":"EUR","DisplayAmount":"6,66 €"}}]}},{"ASIN":"B0CB5W72X3","DetailPageURL":"https://www.amazon.es/dp/B0CB5W72X3?tag=topinalambricos-21&linkCode=osi&th=1&psc=1","Images":{"Primary":{"Small":{"Height":75,"URL":"https://m.media-amazon.com/images/I/41QsbuzJlOL._SL75_.jpg","Width":75}}},"ItemInfo":{"ByLineInfo":{"Brand":{"DisplayValue":"Gfamous","Label":"Brand","Locale":"es_ES"},"Manufacturer":{"DisplayValue":"Gfamous","Label":"Manufacturer","Locale":"es_ES"}},"Title":{"DisplayValue":"Gfamous Carpeta transparente para cuadernos de 2 unidades, transparente, carpeta de anillas transparente, cubierta de anillas A5, resistente al agua y a la suciedad, para cuadernos, pinturas A5","Label":"Title","Locale":"es_ES"}},"Offers":{"Summaries":[{"Condition":{"Value":"New"},"LowestPrice":{"Amount":14.99,"Currency":"EUR","DisplayAmount":"14,99 €"}}]}},{"ASIN":"B00TTW5QQ8","DetailPageURL":"https://www.amazon.es/dp/B00TTW5QQ8?tag=topinalambricos-21&linkCode=osi&th=1&psc=1","Images":{"Primary":{"Small":{"Height":75,"URL":"https://m.media-amazon.com/images/I/21A+P2uaxQL._SL75_.jpg","Width":75}}},"ItemInfo":{"ByLineInfo":{"Brand":{"DisplayValue":"Exacompta","Label":"Brand","Locale":"es_ES"},"Manufacturer":{"DisplayValue":"Exacompta","Label":"Manufacturer","Locale":"es_ES"}},"Title":{"DisplayValue":"Exacompta 51264E Cartelle ad Anelli, 32x26 cm, Cristal","Label":"Title","Locale":"es_ES"}},"Offers":{"Summaries":[{"Condition":{"Value":"Used"},"LowestPrice":{"Amount":6.0,"Currency":"EUR","DisplayAmount":"6,00 €"}},{"Condition":{"Value":"New"},"LowestPrice":{"Amount":6.95,"Currency":"EUR","DisplayAmount":"6,95 €"}}]}},{"ASIN":"B004HG68T0","DetailPageURL":"https://www.amazon.es/dp/B004HG68T0?tag=topinalambricos-21&linkCode=osi&th=1&psc=1","Images":{"Primary":{"Small":{"Height":75,"URL":"https://m.media-amazon.com/images/I/41SDi3NYXpL._SL75_.jpg","Width":42}}},"ItemInfo":{"ByLineInfo":{"Brand":{"DisplayValue":"Exacompta","Label":"Brand","Locale":"es_ES"},"Contributors":[{"Locale":"es_ES","Name":"Exacompta","Role":"Autor","RoleType":"author"}],"Manufacturer":{"DisplayValue":"Exacompta","Label":"Manufacturer","Locale":"es_ES"}},"Title":{"DisplayValue":"Exacompta - ref. 51568E - 1 carpeta rígida de polipropileno personalizable con 1 bolsillo - 4 anillas redondas, diámetro 30 mm - Dimensiones externas: 32 x 26,8 cm - Formato de archivo A4 Maxi -","Label":"Title","Locale":"es_ES"}},"Offers":{"Summaries":[{"Condition":{"Value":"New"},"LowestPrice":{"Amount":7.05,"Currency":"EUR","DisplayAmount":"7,05 €"}}]}}],"SearchURL":"https://www.amazon.es/s?k=transparente&rh=n%3A4353061031%2Cp_n_availability%3A-1&tag=topinalambricos-21&linkCode=osi","TotalResultCount":966}},"161":{"SearchResult":{"Items":[{"ASIN":"B01D38N4W6","DetailPageURL":"https://www.amazon.es/dp/B01D38N4W6?tag=topinalambricos-21&linkCode=osi&th=1&psc=1","Images":{"Primary":{"Small":{"Height":75,"URL":"https://m.media-amazon.com/images/I/41-juahWb2L._SL75_.jpg","Width":75}}},"ItemInfo":{"ByLineInfo":{"Brand":{"DisplayValue":"Grafoplás","Label":"Brand","Locale":"es_ES"},"Manufacturer":{"DisplayValue":"Grafoplas del Noroeste,S.A.","Label":"Manufacturer","Locale":"es_ES"}},"Title":{"DisplayValue":"Grafoplás 30121000. Carpeta de Anillas, A4, con 6 Sobres de 11 Taladros Multicolor/Transparente, Cierre de Goma","Label":"Title","Locale":"es_ES"}},"Offers":{"Summaries":[{"Condition":{"Value":"New"},"LowestPrice":{"Amount":9.52,"Currency":"EUR","DisplayAmount":"9,52 €"}}]}},{"ASIN":"B08RZ82PV5","DetailPageURL":"https://www.amazon.es/dp/B08RZ82PV5?tag=topinalambricos-21&linkCode=osi&th=1&psc=1","Images":{"Primary":{"Small":{"Height":75,"URL":"https://m.media-amazon.com/images/I/41QwGs8+oKL._SL75_.jpg","Width":75}}},"ItemInfo":{"ByLineInfo":{"Brand":{"DisplayValue":"Rapesco","Label":"Brand","Locale":"es_ES"},"Manufacturer":{"DisplayValue":"RAPESCO","Label":"Manufacturer","Locale":"es_ES"}},"Title":{"DisplayValue":"Rapesco 1630 Sobre Portafolios para Carpetas de Anillas, A4, Colores Transparentes Surtidos, Paquete de 5","Label":"Title","Locale":"es_ES"}},"Offers":{"Summaries":[{"Condition":{"Value":"New"},"LowestPrice":{"Amount":7.58,"Currency":"EUR","DisplayAmount":"7,58 € (1,52 € / unidad)","PricePerUnit":1.52}}]}},{"ASIN":"B001IVOW7C","DetailPageURL":"https://www.amazon.es/dp/B001IVOW7C?tag=topinalambricos-21&linkCode=osi&th=1&psc=1","Images":{"Primary":{"Small":{"Height":75,"URL":"https://m.media-amazon.com/images/I/313ZVnRCR7L._SL75_.jpg","Width":41}}},"ItemInfo":{"ByLineInfo":{"Brand":{"DisplayValue":"Oxford","Label":"Brand","Locale":"es_ES"},"Manufacturer":{"DisplayValue":"Hamelin Brands","Label":"Manufacturer","Locale":"es_ES"}},"Title":{"DisplayValue":"Oxford - Archivador 4 anillas Tapas de plástico personalizables, A4, Color transparente","Label":"Title","Locale":"es_ES"}},"Offers":{"Summaries":[{"Condition":{"Value":"New"},"LowestPrice":{"Amount":5.79,"Currency":"EUR","DisplayAmount":"5,79 €"}}]}},{"ASIN":"B09YHZGN5S","DetailPageURL":"https://www.amazon.es/dp/B09YHZGN5S?tag=topinalambricos-21&linkCode=osi&th=1&psc=1","Images":{"Primary":{"Small":{"Height":75,"URL":"https://m.media-amazon.com/images/I/51lkxdPCgLL._SL75_.jpg","Width":75}}},"ItemInfo":{"ByLineInfo":{"Brand":{"DisplayValue":"MARICATO","Label":"Brand","Locale":"es_ES"},"Manufacturer":{"DisplayValue":"TO","Label":"Manufacturer","Locale":"es_ES"}},"Title":{"DisplayValue":"Carpeta de Presupuesto A6, MARICATO 29Piezas Carpeta de Cuaderno 6 Anillas de PU, con Bolsas de Transparente con Cremallera, Hojas de Presupuesto, Pegatinas, Indice de Clasificación, Regla, Rosa","Label":"Title","Locale":"es_ES"}},"Offers":{"Summaries":[{"Condition":{"Value":"New"},"LowestPrice":{"Amount":11.99,"Currency":"EUR","DisplayAmount":"11,99 € (35,26 € / kg)","PricePerUnit":35.26}}]}},{"ASIN":"B09PTKVWY8","DetailPageURL":"https://www.amazon.es/dp/B09PTKVWY8?tag=topinalambricos-21&linkCode=osi&th=1&psc=1","Images":{"Primary":{"Small":{"Height":75,"URL":"https://m.media-amazon.com/images/I/21ddEcjI4ML._SL75_.jpg","Width":75}}},"ItemInfo":{"ByLineInfo":{"Brand":{"DisplayValue":"CALISTOUK","Label":"Brand","Locale":"es_ES"},"Manufacturer":{"DisplayValue":"CALISTOUK","Label":"Manufacturer","Locale":"es_ES"}},"Title":{"DisplayValue":"Carpeta de Anillas con 6 Agujeros, Funda blanda de PVC, Cuaderno, Carpeta Tipo Archivador con Anillas de Forma Redonda, Carpeta de PVC flexible transparente, Recargable para A5/A6/A7 hojas (A5)","Label":"Title","Locale":"es_ES"}},"Offers":{"Summaries":[{"Condition":{"Value":"New"},"LowestPrice":{"Amount":8.08,"Currency":"EUR","DisplayAmount":"8,08 €"}}]}},{"ASIN":"B09XGP6STD","DetailPageURL":"https://www.amazon.es/dp/B09XGP6STD?tag=topinalambricos-21&linkCode=osi&th=1&psc=1","Images":{"Primary":{"Small":{"Height":75,"URL":"https://m.media-amazon.com/images/I/41dIgQt6WcL._SL75_.jpg","Width":75}}},"ItemInfo":{"ByLineInfo":{"Brand":{"DisplayValue":"TOYESS","Label":"Brand","Locale":"es_ES"},"Manufacturer":{"DisplayValue":"TOYESS","Label":"Manufacturer","Locale":"es_ES"}},"Title":{"DisplayValue":"TOYESS 30Pcs Carpeta de Cuaderno A5, Archivadores Cuero de PU con 12 Bolsas Transparente, 12 Hojas de Presupuesto, Clasificador de Presupuesto para Guardar Tarjetas Fotos Facturas, Rosa","Label":"Title","Locale":"es_ES"}},"Offers":{"Summaries":[{"Condition":{"Value":"New"},"LowestPrice":{"Amount":12.89,"Currency":"EUR","DisplayAmount":"12,89 €"}}]}},{"ASIN":"B013UX8334","DetailPageURL":"https://www.amazon.es/dp/B013UX8334?tag=topinalambricos-21&linkCode=osi&th=1&psc=1","Images":{"Primary":{"Small":{"Height":56,"URL":"https://m.media-amazon.com/images/I/310cVrYz8VL._SL75_.jpg","Width":75}}},"ItemInfo":{"ByLineInfo":{"Brand":{"DisplayValue":"HF2","Label":"Brand","Locale":"es_ES"},"Manufacturer":{"DisplayValue":"Europel Business Products","Label":"Manufacturer","Locale":"es_ES"}},"Title":{"DisplayValue":"HF2 122461 - Carpeta de 4 anillas, 16mm, A4. Color: blanco transparente.","Label":"Title","Locale":"es_ES"}},"Offers":{"Summaries":[{"Condition":{"Value":"New"},"LowestPrice":{"Amount":6.66,"Currency":"EUR","DisplayAmount":"6,66 €"}}]}},{"ASIN":"B0CB5W72X3","DetailPageURL":"https://www.amazon.es/dp/B0CB5W72X3?tag=topinalambricos-21&linkCode=osi&th=1&psc=1","Images":{"Primary":{"Small":{"Height":75,"URL":"https://m.media-amazon.com/images/I/41QsbuzJlOL._SL75_.jpg","Width":75}}},"ItemInfo":{"ByLineInfo":{"Brand":{"DisplayValue":"Gfamous","Label":"Brand","Locale":"es_ES"},"Manufacturer":{"DisplayValue":"Gfamous","Label":"Manufacturer","Locale":"es_ES"}},"Title":{"DisplayValue":"Gfamous Carpeta transparente para cuadernos de 2 unidades, transparente, carpeta de anillas transparente, cubierta de anillas A5, resistente al agua y a la suciedad, para cuadernos, pinturas A5","Label":"Title","Locale":"es_ES"}},"Offers":{"Summaries":[{"Condition":{"Value":"New"},"LowestPrice":{"Amount":14.99,"Currency":"EUR","DisplayAmount":"14,99 €"}}]}},{"ASIN":"B00TTW5QQ8","DetailPageURL":"https://www.amazon.es/dp/B00TTW5QQ8?tag=topinalambricos-21&linkCode=osi&th=1&psc=1","Images":{"Primary":{"Small":{"Height":75,"URL":"https://m.media-amazon.com/images/I/21A+P2uaxQL._SL75_.jpg","Width":75}}},"ItemInfo":{"ByLineInfo":{"Brand":{"DisplayValue":"Exacompta","Label":"Brand","Locale":"es_ES"},"Manufacturer":{"DisplayValue":"Exacompta","Label":"Manufacturer","Locale":"es_ES"}},"Title":{"DisplayValue":"Exacompta 51264E Cartelle ad Anelli, 32x26 cm, Cristal","Label":"Title","Locale":"es_ES"}},"Offers":{"Summaries":[{"Condition":{"Value":"Used"},"LowestPrice":{"Amount":6.0,"Currency":"EUR","DisplayAmount":"6,00 €"}},{"Condition":{"Value":"New"},"LowestPrice":{"Amount":6.95,"Currency":"EUR","DisplayAmount":"6,95 €"}}]}},{"ASIN":"B004HG68T0","DetailPageURL":"https://www.amazon.es/dp/B004HG68T0?tag=topinalambricos-21&linkCode=osi&th=1&psc=1","Images":{"Primary":{"Small":{"Height":75,"URL":"https://m.media-amazon.com/images/I/41SDi3NYXpL._SL75_.jpg","Width":42}}},"ItemInfo":{"ByLineInfo":{"Brand":{"DisplayValue":"Exacompta","Label":"Brand","Locale":"es_ES"},"Contributors":[{"Locale":"es_ES","Name":"Exacompta","Role":"Autor","RoleType":"author"}],"Manufacturer":{"DisplayValue":"Exacompta","Label":"Manufacturer","Locale":"es_ES"}},"Title":{"DisplayValue":"Exacompta - ref. 51568E - 1 carpeta rígida de polipropileno personalizable con 1 bolsillo - 4 anillas redondas, diámetro 30 mm - Dimensiones externas: 32 x 26,8 cm - Formato de archivo A4 Maxi -","Label":"Title","Locale":"es_ES"}},"Offers":{"Summaries":[{"Condition":{"Value":"New"},"LowestPrice":{"Amount":7.05,"Currency":"EUR","DisplayAmount":"7,05 €"}}]}}],"SearchURL":"https://www.amazon.es/s?k=transparente&rh=n%3A4353061031%2Cp_n_availability%3A-1&tag=topinalambricos-21&linkCode=osi","TotalResultCount":966}},"162":{"SearchResult":{"Items":[{"ASIN":"B01D38N4W6","DetailPageURL":"https://www.amazon.es/dp/B01D38N4W6?tag=topinalambricos-21&linkCode=osi&th=1&psc=1","Images":{"Primary":{"Small":{"Height":75,"URL":"https://m.media-amazon.com/images/I/41-juahWb2L._SL75_.jpg","Width":75}}},"ItemInfo":{"ByLineInfo":{"Brand":{"DisplayValue":"Grafoplás","Label":"Brand","Locale":"es_ES"},"Manufacturer":{"DisplayValue":"Grafoplas del Noroeste,S.A.","Label":"Manufacturer","Locale":"es_ES"}},"Title":{"DisplayValue":"Grafoplás 30121000. Carpeta de Anillas, A4, con 6 Sobres de 11 Taladros Multicolor/Transparente, Cierre de Goma","Label":"Title","Locale":"es_ES"}},"Offers":{"Summaries":[{"Condition":{"Value":"New"},"LowestPrice":{"Amount":9.52,"Currency":"EUR","DisplayAmount":"9,52 €"}}]}},{"ASIN":"B08RZ82PV5","DetailPageURL":"https://www.amazon.es/dp/B08RZ82PV5?tag=topinalambricos-21&linkCode=osi&th=1&psc=1","Images":{"Primary":{"Small":{"Height":75,"URL":"https://m.media-amazon.com/images/I/41QwGs8+oKL._SL75_.jpg","Width":75}}},"ItemInfo":{"ByLineInfo":{"Brand":{"DisplayValue":"Rapesco","Label":"Brand","Locale":"es_ES"},"Manufacturer":{"DisplayValue":"RAPESCO","Label":"Manufacturer","Locale":"es_ES"}},"Title":{"DisplayValue":"Rapesco 1630 Sobre Portafolios para Carpetas de Anillas, A4, Colores Transparentes Surtidos, Paquete de 5","Label":"Title","Locale":"es_ES"}},"Offers":{"Summaries":[{"Condition":{"Value":"New"},"LowestPrice":{"Amount":7.58,"Currency":"EUR","DisplayAmount":"7,58 € (1,52 € / unidad)","PricePerUnit":1.52}}]}},{"ASIN":"B001IVOW7C","DetailPageURL":"https://www.amazon.es/dp/B001IVOW7C?tag=topinalambricos-21&linkCode=osi&th=1&psc=1","Images":{"Primary":{"Small":{"Height":75,"URL":"https://m.media-amazon.com/images/I/313ZVnRCR7L._SL75_.jpg","Width":41}}},"ItemInfo":{"ByLineInfo":{"Brand":{"DisplayValue":"Oxford","Label":"Brand","Locale":"es_ES"},"Manufacturer":{"DisplayValue":"Hamelin Brands","Label":"Manufacturer","Locale":"es_ES"}},"Title":{"DisplayValue":"Oxford - Archivador 4 anillas Tapas de plástico personalizables, A4, Color transparente","Label":"Title","Locale":"es_ES"}},"Offers":{"Summaries":[{"Condition":{"Value":"New"},"LowestPrice":{"Amount":5.79,"Currency":"EUR","DisplayAmount":"5,79 €"}}]}},{"ASIN":"B09YHZGN5S","DetailPageURL":"https://www.amazon.es/dp/B09YHZGN5S?tag=topinalambricos-21&linkCode=osi&th=1&psc=1","Images":{"Primary":{"Small":{"Height":75,"URL":"https://m.media-amazon.com/images/I/51lkxdPCgLL._SL75_.jpg","Width":75}}},"ItemInfo":{"ByLineInfo":{"Brand":{"DisplayValue":"MARICATO","Label":"Brand","Locale":"es_ES"},"Manufacturer":{"DisplayValue":"TO","Label":"Manufacturer","Locale":"es_ES"}},"Title":{"DisplayValue":"Carpeta de Presupuesto A6, MARICATO 29Piezas Carpeta de Cuaderno 6 Anillas de PU, con Bolsas de Transparente con Cremallera, Hojas de Presupuesto, Pegatinas, Indice de Clasificación, Regla, Rosa","Label":"Title","Locale":"es_ES"}},"Offers":{"Summaries":[{"Condition":{"Value":"New"},"LowestPrice":{"Amount":11.99,"Currency":"EUR","DisplayAmount":"11,99 € (35,26 € / kg)","PricePerUnit":35.26}}]}},{"ASIN":"B09PTKVWY8","DetailPageURL":"https://www.amazon.es/dp/B09PTKVWY8?tag=topinalambricos-21&linkCode=osi&th=1&psc=1","Images":{"Primary":{"Small":{"Height":75,"URL":"https://m.media-amazon.com/images/I/21ddEcjI4ML._SL75_.jpg","Width":75}}},"ItemInfo":{"ByLineInfo":{"Brand":{"DisplayValue":"CALISTOUK","Label":"Brand","Locale":"es_ES"},"Manufacturer":{"DisplayValue":"CALISTOUK","Label":"Manufacturer","Locale":"es_ES"}},"Title":{"DisplayValue":"Carpeta de Anillas con 6 Agujeros, Funda blanda de PVC, Cuaderno, Carpeta Tipo Archivador con Anillas de Forma Redonda, Carpeta de PVC flexible transparente, Recargable para A5/A6/A7 hojas (A5)","Label":"Title","Locale":"es_ES"}},"Offers":{"Summaries":[{"Condition":{"Value":"New"},"LowestPrice":{"Amount":8.08,"Currency":"EUR","DisplayAmount":"8,08 €"}}]}},{"ASIN":"B09XGP6STD","DetailPageURL":"https://www.amazon.es/dp/B09XGP6STD?tag=topinalambricos-21&linkCode=osi&th=1&psc=1","Images":{"Primary":{"Small":{"Height":75,"URL":"https://m.media-amazon.com/images/I/41dIgQt6WcL._SL75_.jpg","Width":75}}},"ItemInfo":{"ByLineInfo":{"Brand":{"DisplayValue":"TOYESS","Label":"Brand","Locale":"es_ES"},"Manufacturer":{"DisplayValue":"TOYESS","Label":"Manufacturer","Locale":"es_ES"}},"Title":{"DisplayValue":"TOYESS 30Pcs Carpeta de Cuaderno A5, Archivadores Cuero de PU con 12 Bolsas Transparente, 12 Hojas de Presupuesto, Clasificador de Presupuesto para Guardar Tarjetas Fotos Facturas, Rosa","Label":"Title","Locale":"es_ES"}},"Offers":{"Summaries":[{"Condition":{"Value":"New"},"LowestPrice":{"Amount":12.89,"Currency":"EUR","DisplayAmount":"12,89 €"}}]}},{"ASIN":"B013UX8334","DetailPageURL":"https://www.amazon.es/dp/B013UX8334?tag=topinalambricos-21&linkCode=osi&th=1&psc=1","Images":{"Primary":{"Small":{"Height":56,"URL":"https://m.media-amazon.com/images/I/310cVrYz8VL._SL75_.jpg","Width":75}}},"ItemInfo":{"ByLineInfo":{"Brand":{"DisplayValue":"HF2","Label":"Brand","Locale":"es_ES"},"Manufacturer":{"DisplayValue":"Europel Business Products","Label":"Manufacturer","Locale":"es_ES"}},"Title":{"DisplayValue":"HF2 122461 - Carpeta de 4 anillas, 16mm, A4. Color: blanco transparente.","Label":"Title","Locale":"es_ES"}},"Offers":{"Summaries":[{"Condition":{"Value":"New"},"LowestPrice":{"Amount":6.66,"Currency":"EUR","DisplayAmount":"6,66 €"}}]}},{"ASIN":"B0CB5W72X3","DetailPageURL":"https://www.amazon.es/dp/B0CB5W72X3?tag=topinalambricos-21&linkCode=osi&th=1&psc=1","Images":{"Primary":{"Small":{"Height":75,"URL":"https://m.media-amazon.com/images/I/41QsbuzJlOL._SL75_.jpg","Width":75}}},"ItemInfo":{"ByLineInfo":{"Brand":{"DisplayValue":"Gfamous","Label":"Brand","Locale":"es_ES"},"Manufacturer":{"DisplayValue":"Gfamous","Label":"Manufacturer","Locale":"es_ES"}},"Title":{"DisplayValue":"Gfamous Carpeta transparente para cuadernos de 2 unidades, transparente, carpeta de anillas transparente, cubierta de anillas A5, resistente al agua y a la suciedad, para cuadernos, pinturas A5","Label":"Title","Locale":"es_ES"}},"Offers":{"Summaries":[{"Condition":{"Value":"New"},"LowestPrice":{"Amount":14.99,"Currency":"EUR","DisplayAmount":"14,99 €"}}]}},{"ASIN":"B00TTW5QQ8","DetailPageURL":"https://www.amazon.es/dp/B00TTW5QQ8?tag=topinalambricos-21&linkCode=osi&th=1&psc=1","Images":{"Primary":{"Small":{"Height":75,"URL":"https://m.media-amazon.com/images/I/21A+P2uaxQL._SL75_.jpg","Width":75}}},"ItemInfo":{"ByLineInfo":{"Brand":{"DisplayValue":"Exacompta","Label":"Brand","Locale":"es_ES"},"Manufacturer":{"DisplayValue":"Exacompta","Label":"Manufacturer","Locale":"es_ES"}},"Title":{"DisplayValue":"Exacompta 51264E Cartelle ad Anelli, 32x26 cm, Cristal","Label":"Title","Locale":"es_ES"}},"Offers":{"Summaries":[{"Condition":{"Value":"Used"},"LowestPrice":{"Amount":6.0,"Currency":"EUR","DisplayAmount":"6,00 €"}},{"Condition":{"Value":"New"},"LowestPrice":{"Amount":6.95,"Currency":"EUR","DisplayAmount":"6,95 €"}}]}},{"ASIN":"B004HG68T0","DetailPageURL":"https://www.amazon.es/dp/B004HG68T0?tag=topinalambricos-21&linkCode=osi&th=1&psc=1","Images":{"Primary":{"Small":{"Height":75,"URL":"https://m.media-amazon.com/images/I/41SDi3NYXpL._SL75_.jpg","Width":42}}},"ItemInfo":{"ByLineInfo":{"Brand":{"DisplayValue":"Exacompta","Label":"Brand","Locale":"es_ES"},"Contributors":[{"Locale":"es_ES","Name":"Exacompta","Role":"Autor","RoleType":"author"}],"Manufacturer":{"DisplayValue":"Exacompta","Label":"Manufacturer","Locale":"es_ES"}},"Title":{"DisplayValue":"Exacompta - ref. 51568E - 1 carpeta rígida de polipropileno personalizable con 1 bolsillo - 4 anillas redondas, diámetro 30 mm - Dimensiones externas: 32 x 26,8 cm - Formato de archivo A4 Maxi -","Label":"Title","Locale":"es_ES"}},"Offers":{"Summaries":[{"Condition":{"Value":"New"},"LowestPrice":{"Amount":7.05,"Currency":"EUR","DisplayAmount":"7,05 €"}}]}}],"SearchURL":"https://www.amazon.es/s?k=transparente&rh=n%3A4353061031%2Cp_n_availability%3A-1&tag=topinalambricos-21&linkCode=osi","TotalResultCount":966}},"163":{"SearchResult":{"Items":[{"ASIN":"B01D38N4W6","DetailPageURL":"https://www.amazon.es/dp/B01D38N4W6?tag=topinalambricos-21&linkCode=osi&th=1&psc=1","Images":{"Primary":{"Small":{"Height":75,"URL":"https://m.media-amazon.com/images/I/41-juahWb2L._SL75_.jpg","Width":75}}},"ItemInfo":{"ByLineInfo":{"Brand":{"DisplayValue":"Grafoplás","Label":"Brand","Locale":"es_ES"},"Manufacturer":{"DisplayValue":"Grafoplas del Noroeste,S.A.","Label":"Manufacturer","Locale":"es_ES"}},"Title":{"DisplayValue":"Grafoplás 30121000. Carpeta de Anillas, A4, con 6 Sobres de 11 Taladros Multicolor/Transparente, Cierre de Goma","Label":"Title","Locale":"es_ES"}},"Offers":{"Summaries":[{"Condition":{"Value":"New"},"LowestPrice":{"Amount":9.52,"Currency":"EUR","DisplayAmount":"9,52 €"}}]}},{"ASIN":"B08RZ82PV5","DetailPageURL":"https://www.amazon.es/dp/B08RZ82PV5?tag=topinalambricos-21&linkCode=osi&th=1&psc=1","Images":{"Primary":{"Small":{"Height":75,"URL":"https://m.media-amazon.com/images/I/41QwGs8+oKL._SL75_.jpg","Width":75}}},"ItemInfo":{"ByLineInfo":{"Brand":{"DisplayValue":"Rapesco","Label":"Brand","Locale":"es_ES"},"Manufacturer":{"DisplayValue":"RAPESCO","Label":"Manufacturer","Locale":"es_ES"}},"Title":{"DisplayValue":"Rapesco 1630 Sobre Portafolios para Carpetas de Anillas, A4, Colores Transparentes Surtidos, Paquete de 5","Label":"Title","Locale":"es_ES"}},"Offers":{"Summaries":[{"Condition":{"Value":"New"},"LowestPrice":{"Amount":7.58,"Currency":"EUR","DisplayAmount":"7,58 € (1,52 € / unidad)","PricePerUnit":1.52}}]}},{"ASIN":"B001IVOW7C","DetailPageURL":"https://www.amazon.es/dp/B001IVOW7C?tag=topinalambricos-21&linkCode=osi&th=1&psc=1","Images":{"Primary":{"Small":{"Height":75,"URL":"https://m.media-amazon.com/images/I/313ZVnRCR7L._SL75_.jpg","Width":41}}},"ItemInfo":{"ByLineInfo":{"Brand":{"DisplayValue":"Oxford","Label":"Brand","Locale":"es_ES"},"Manufacturer":{"DisplayValue":"Hamelin Brands","Label":"Manufacturer","Locale":"es_ES"}},"Title":{"DisplayValue":"Oxford - Archivador 4 anillas Tapas de plástico personalizables, A4, Color transparente","Label":"Title","Locale":"es_ES"}},"Offers":{"Summaries":[{"Condition":{"Value":"New"},"LowestPrice":{"Amount":5.79,"Currency":"EUR","DisplayAmount":"5,79 €"}}]}},{"ASIN":"B09YHZGN5S","DetailPageURL":"https://www.amazon.es/dp/B09YHZGN5S?tag=topinalambricos-21&linkCode=osi&th=1&psc=1","Images":{"Primary":{"Small":{"Height":75,"URL":"https://m.media-amazon.com/images/I/51lkxdPCgLL._SL75_.jpg","Width":75}}},"ItemInfo":{"ByLineInfo":{"Brand":{"DisplayValue":"MARICATO","Label":"Brand","Locale":"es_ES"},"Manufacturer":{"DisplayValue":"TO","Label":"Manufacturer","Locale":"es_ES"}},"Title":{"DisplayValue":"Carpeta de Presupuesto A6, MARICATO 29Piezas Carpeta de Cuaderno 6 Anillas de PU, con Bolsas de Transparente con Cremallera, Hojas de Presupuesto, Pegatinas, Indice de Clasificación, Regla, Rosa","Label":"Title","Locale":"es_ES"}},"Offers":{"Summaries":[{"Condition":{"Value":"New"},"LowestPrice":{"Amount":11.99,"Currency":"EUR","DisplayAmount":"11,99 € (35,26 € / kg)","PricePerUnit":35.26}}]}},{"ASIN":"B09PTKVWY8","DetailPageURL":"https://www.amazon.es/dp/B09PTKVWY8?tag=topinalambricos-21&linkCode=osi&th=1&psc=1","Images":{"Primary":{"Small":{"Height":75,"URL":"https://m.media-amazon.com/images/I/21ddEcjI4ML._SL75_.jpg","Width":75}}},"ItemInfo":{"ByLineInfo":{"Brand":{"DisplayValue":"CALISTOUK","Label":"Brand","Locale":"es_ES"},"Manufacturer":{"DisplayValue":"CALISTOUK","Label":"Manufacturer","Locale":"es_ES"}},"Title":{"DisplayValue":"Carpeta de Anillas con 6 Agujeros, Funda blanda de PVC, Cuaderno, Carpeta Tipo Archivador con Anillas de Forma Redonda, Carpeta de PVC flexible transparente, Recargable para A5/A6/A7 hojas (A5)","Label":"Title","Locale":"es_ES"}},"Offers":{"Summaries":[{"Condition":{"Value":"New"},"LowestPrice":{"Amount":8.08,"Currency":"EUR","DisplayAmount":"8,08 €"}}]}},{"ASIN":"B09XGP6STD","DetailPageURL":"https://www.amazon.es/dp/B09XGP6STD?tag=topinalambricos-21&linkCode=osi&th=1&psc=1","Images":{"Primary":{"Small":{"Height":75,"URL":"https://m.media-amazon.com/images/I/41dIgQt6WcL._SL75_.jpg","Width":75}}},"ItemInfo":{"ByLineInfo":{"Brand":{"DisplayValue":"TOYESS","Label":"Brand","Locale":"es_ES"},"Manufacturer":{"DisplayValue":"TOYESS","Label":"Manufacturer","Locale":"es_ES"}},"Title":{"DisplayValue":"TOYESS 30Pcs Carpeta de Cuaderno A5, Archivadores Cuero de PU con 12 Bolsas Transparente, 12 Hojas de Presupuesto, Clasificador de Presupuesto para Guardar Tarjetas Fotos Facturas, Rosa","Label":"Title","Locale":"es_ES"}},"Offers":{"Summaries":[{"Condition":{"Value":"New"},"LowestPrice":{"Amount":12.89,"Currency":"EUR","DisplayAmount":"12,89 €"}}]}},{"ASIN":"B013UX8334","DetailPageURL":"https://www.amazon.es/dp/B013UX8334?tag=topinalambricos-21&linkCode=osi&th=1&psc=1","Images":{"Primary":{"Small":{"Height":56,"URL":"https://m.media-amazon.com/images/I/310cVrYz8VL._SL75_.jpg","Width":75}}},"ItemInfo":{"ByLineInfo":{"Brand":{"DisplayValue":"HF2","Label":"Brand","Locale":"es_ES"},"Manufacturer":{"DisplayValue":"Europel Business Products","Label":"Manufacturer","Locale":"es_ES"}},"Title":{"DisplayValue":"HF2 122461 - Carpeta de 4 anillas, 16mm, A4. Color: blanco transparente.","Label":"Title","Locale":"es_ES"}},"Offers":{"Summaries":[{"Condition":{"Value":"New"},"LowestPrice":{"Amount":6.66,"Currency":"EUR","DisplayAmount":"6,66 €"}}]}},{"ASIN":"B0CB5W72X3","DetailPageURL":"https://www.amazon.es/dp/B0CB5W72X3?tag=topinalambricos-21&linkCode=osi&th=1&psc=1","Images":{"Primary":{"Small":{"Height":75,"URL":"https://m.media-amazon.com/images/I/41QsbuzJlOL._SL75_.jpg","Width":75}}},"ItemInfo":{"ByLineInfo":{"Brand":{"DisplayValue":"Gfamous","Label":"Brand","Locale":"es_ES"},"Manufacturer":{"DisplayValue":"Gfamous","Label":"Manufacturer","Locale":"es_ES"}},"Title":{"DisplayValue":"Gfamous Carpeta transparente para cuadernos de 2 unidades, transparente, carpeta de anillas transparente, cubierta de anillas A5, resistente al agua y a la suciedad, para cuadernos, pinturas A5","Label":"Title","Locale":"es_ES"}},"Offers":{"Summaries":[{"Condition":{"Value":"New"},"LowestPrice":{"Amount":14.99,"Currency":"EUR","DisplayAmount":"14,99 €"}}]}},{"ASIN":"B00TTW5QQ8","DetailPageURL":"https://www.amazon.es/dp/B00TTW5QQ8?tag=topinalambricos-21&linkCode=osi&th=1&psc=1","Images":{"Primary":{"Small":{"Height":75,"URL":"https://m.media-amazon.com/images/I/21A+P2uaxQL._SL75_.jpg","Width":75}}},"ItemInfo":{"ByLineInfo":{"Brand":{"DisplayValue":"Exacompta","Label":"Brand","Locale":"es_ES"},"Manufacturer":{"DisplayValue":"Exacompta","Label":"Manufacturer","Locale":"es_ES"}},"Title":{"DisplayValue":"Exacompta 51264E Cartelle ad Anelli, 32x26 cm, Cristal","Label":"Title","Locale":"es_ES"}},"Offers":{"Summaries":[{"Condition":{"Value":"Used"},"LowestPrice":{"Amount":6.0,"Currency":"EUR","DisplayAmount":"6,00 €"}},{"Condition":{"Value":"New"},"LowestPrice":{"Amount":6.95,"Currency":"EUR","DisplayAmount":"6,95 €"}}]}},{"ASIN":"B004HG68T0","DetailPageURL":"https://www.amazon.es/dp/B004HG68T0?tag=topinalambricos-21&linkCode=osi&th=1&psc=1","Images":{"Primary":{"Small":{"Height":75,"URL":"https://m.media-amazon.com/images/I/41SDi3NYXpL._SL75_.jpg","Width":42}}},"ItemInfo":{"ByLineInfo":{"Brand":{"DisplayValue":"Exacompta","Label":"Brand","Locale":"es_ES"},"Contributors":[{"Locale":"es_ES","Name":"Exacompta","Role":"Autor","RoleType":"author"}],"Manufacturer":{"DisplayValue":"Exacompta","Label":"Manufacturer","Locale":"es_ES"}},"Title":{"DisplayValue":"Exacompta - ref. 51568E - 1 carpeta rígida de polipropileno personalizable con 1 bolsillo - 4 anillas redondas, diámetro 30 mm - Dimensiones externas: 32 x 26,8 cm - Formato de archivo A4 Maxi -","Label":"Title","Locale":"es_ES"}},"Offers":{"Summaries":[{"Condition":{"Value":"New"},"LowestPrice":{"Amount":7.05,"Currency":"EUR","DisplayAmount":"7,05 €"}}]}}],"SearchURL":"https://www.amazon.es/s?k=transparente&rh=n%3A4353061031%2Cp_n_availability%3A-1&tag=topinalambricos-21&linkCode=osi","TotalResultCount":966}},"164":{"SearchResult":{"Items":[{"ASIN":"B01D38N4W6","DetailPageURL":"https://www.amazon.es/dp/B01D38N4W6?tag=topinalambricos-21&linkCode=osi&th=1&psc=1","Images":{"Primary":{"Small":{"Height":75,"URL":"https://m.media-amazon.com/images/I/41-juahWb2L._SL75_.jpg","Width":75}}},"ItemInfo":{"ByLineInfo":{"Brand":{"DisplayValue":"Grafoplás","Label":"Brand","Locale":"es_ES"},"Manufacturer":{"DisplayValue":"Grafoplas del Noroeste,S.A.","Label":"Manufacturer","Locale":"es_ES"}},"Title":{"DisplayValue":"Grafoplás 30121000. Carpeta de Anillas, A4, con 6 Sobres de 11 Taladros Multicolor/Transparente, Cierre de Goma","Label":"Title","Locale":"es_ES"}},"Offers":{"Summaries":[{"Condition":{"Value":"New"},"LowestPrice":{"Amount":9.52,"Currency":"EUR","DisplayAmount":"9,52 €"}}]}},{"ASIN":"B08RZ82PV5","DetailPageURL":"https://www.amazon.es/dp/B08RZ82PV5?tag=topinalambricos-21&linkCode=osi&th=1&psc=1","Images":{"Primary":{"Small":{"Height":75,"URL":"https://m.media-amazon.com/images/I/41QwGs8+oKL._SL75_.jpg","Width":75}}},"ItemInfo":{"ByLineInfo":{"Brand":{"DisplayValue":"Rapesco","Label":"Brand","Locale":"es_ES"},"Manufacturer":{"DisplayValue":"RAPESCO","Label":"Manufacturer","Locale":"es_ES"}},"Title":{"DisplayValue":"Rapesco 1630 Sobre Portafolios para Carpetas de Anillas, A4, Colores Transparentes Surtidos, Paquete de 5","Label":"Title","Locale":"es_ES"}},"Offers":{"Summaries":[{"Condition":{"Value":"New"},"LowestPrice":{"Amount":7.58,"Currency":"EUR","DisplayAmount":"7,58 € (1,52 € / unidad)","PricePerUnit":1.52}}]}},{"ASIN":"B001IVOW7C","DetailPageURL":"https://www.amazon.es/dp/B001IVOW7C?tag=topinalambricos-21&linkCode=osi&th=1&psc=1","Images":{"Primary":{"Small":{"Height":75,"URL":"https://m.media-amazon.com/images/I/313ZVnRCR7L._SL75_.jpg","Width":41}}},"ItemInfo":{"ByLineInfo":{"Brand":{"DisplayValue":"Oxford","Label":"Brand","Locale":"es_ES"},"Manufacturer":{"DisplayValue":"Hamelin Brands","Label":"Manufacturer","Locale":"es_ES"}},"Title":{"DisplayValue":"Oxford - Archivador 4 anillas Tapas de plástico personalizables, A4, Color transparente","Label":"Title","Locale":"es_ES"}},"Offers":{"Summaries":[{"Condition":{"Value":"New"},"LowestPrice":{"Amount":5.79,"Currency":"EUR","DisplayAmount":"5,79 €"}}]}},{"ASIN":"B09YHZGN5S","DetailPageURL":"https://www.amazon.es/dp/B09YHZGN5S?tag=topinalambricos-21&linkCode=osi&th=1&psc=1","Images":{"Primary":{"Small":{"Height":75,"URL":"https://m.media-amazon.com/images/I/51lkxdPCgLL._SL75_.jpg","Width":75}}},"ItemInfo":{"ByLineInfo":{"Brand":{"DisplayValue":"MARICATO","Label":"Brand","Locale":"es_ES"},"Manufacturer":{"DisplayValue":"TO","Label":"Manufacturer","Locale":"es_ES"}},"Title":{"DisplayValue":"Carpeta de Presupuesto A6, MARICATO 29Piezas Carpeta de Cuaderno 6 Anillas de PU, con Bolsas de Transparente con Cremallera, Hojas de Presupuesto, Pegatinas, Indice de Clasificación, Regla, Rosa","Label":"Title","Locale":"es_ES"}},"Offers":{"Summaries":[{"Condition":{"Value":"New"},"LowestPrice":{"Amount":11.99,"Currency":"EUR","DisplayAmount":"11,99 € (35,26 € / kg)","PricePerUnit":35.26}}]}},{"ASIN":"B09PTKVWY8","DetailPageURL":"https://www.amazon.es/dp/B09PTKVWY8?tag=topinalambricos-21&linkCode=osi&th=1&psc=1","Images":{"Primary":{"Small":{"Height":75,"URL":"https://m.media-amazon.com/images/I/21ddEcjI4ML._SL75_.jpg","Width":75}}},"ItemInfo":{"ByLineInfo":{"Brand":{"DisplayValue":"CALISTOUK","Label":"Brand","Locale":"es_ES"},"Manufacturer":{"DisplayValue":"CALISTOUK","Label":"Manufacturer","Locale":"es_ES"}},"Title":{"DisplayValue":"Carpeta de Anillas con 6 Agujeros, Funda blanda de PVC, Cuaderno, Carpeta Tipo Archivador con Anillas de Forma Redonda, Carpeta de PVC flexible transparente, Recargable para A5/A6/A7 hojas (A5)","Label":"Title","Locale":"es_ES"}},"Offers":{"Summaries":[{"Condition":{"Value":"New"},"LowestPrice":{"Amount":8.08,"Currency":"EUR","DisplayAmount":"8,08 €"}}]}},{"ASIN":"B09XGP6STD","DetailPageURL":"https://www.amazon.es/dp/B09XGP6STD?tag=topinalambricos-21&linkCode=osi&th=1&psc=1","Images":{"Primary":{"Small":{"Height":75,"URL":"https://m.media-amazon.com/images/I/41dIgQt6WcL._SL75_.jpg","Width":75}}},"ItemInfo":{"ByLineInfo":{"Brand":{"DisplayValue":"TOYESS","Label":"Brand","Locale":"es_ES"},"Manufacturer":{"DisplayValue":"TOYESS","Label":"Manufacturer","Locale":"es_ES"}},"Title":{"DisplayValue":"TOYESS 30Pcs Carpeta de Cuaderno A5, Archivadores Cuero de PU con 12 Bolsas Transparente, 12 Hojas de Presupuesto, Clasificador de Presupuesto para Guardar Tarjetas Fotos Facturas, Rosa","Label":"Title","Locale":"es_ES"}},"Offers":{"Summaries":[{"Condition":{"Value":"New"},"LowestPrice":{"Amount":12.89,"Currency":"EUR","DisplayAmount":"12,89 €"}}]}},{"ASIN":"B013UX8334","DetailPageURL":"https://www.amazon.es/dp/B013UX8334?tag=topinalambricos-21&linkCode=osi&th=1&psc=1","Images":{"Primary":{"Small":{"Height":56,"URL":"https://m.media-amazon.com/images/I/310cVrYz8VL._SL75_.jpg","Width":75}}},"ItemInfo":{"ByLineInfo":{"Brand":{"DisplayValue":"HF2","Label":"Brand","Locale":"es_ES"},"Manufacturer":{"DisplayValue":"Europel Business Products","Label":"Manufacturer","Locale":"es_ES"}},"Title":{"DisplayValue":"HF2 122461 - Carpeta de 4 anillas, 16mm, A4. Color: blanco transparente.","Label":"Title","Locale":"es_ES"}},"Offers":{"Summaries":[{"Condition":{"Value":"New"},"LowestPrice":{"Amount":6.66,"Currency":"EUR","DisplayAmount":"6,66 €"}}]}},{"ASIN":"B0CB5W72X3","DetailPageURL":"https://www.amazon.es/dp/B0CB5W72X3?tag=topinalambricos-21&linkCode=osi&th=1&psc=1","Images":{"Primary":{"Small":{"Height":75,"URL":"https://m.media-amazon.com/images/I/41QsbuzJlOL._SL75_.jpg","Width":75}}},"ItemInfo":{"ByLineInfo":{"Brand":{"DisplayValue":"Gfamous","Label":"Brand","Locale":"es_ES"},"Manufacturer":{"DisplayValue":"Gfamous","Label":"Manufacturer","Locale":"es_ES"}},"Title":{"DisplayValue":"Gfamous Carpeta transparente para cuadernos de 2 unidades, transparente, carpeta de anillas transparente, cubierta de anillas A5, resistente al agua y a la suciedad, para cuadernos, pinturas A5","Label":"Title","Locale":"es_ES"}},"Offers":{"Summaries":[{"Condition":{"Value":"New"},"LowestPrice":{"Amount":14.99,"Currency":"EUR","DisplayAmount":"14,99 €"}}]}},{"ASIN":"B00TTW5QQ8","DetailPageURL":"https://www.amazon.es/dp/B00TTW5QQ8?tag=topinalambricos-21&linkCode=osi&th=1&psc=1","Images":{"Primary":{"Small":{"Height":75,"URL":"https://m.media-amazon.com/images/I/21A+P2uaxQL._SL75_.jpg","Width":75}}},"ItemInfo":{"ByLineInfo":{"Brand":{"DisplayValue":"Exacompta","Label":"Brand","Locale":"es_ES"},"Manufacturer":{"DisplayValue":"Exacompta","Label":"Manufacturer","Locale":"es_ES"}},"Title":{"DisplayValue":"Exacompta 51264E Cartelle ad Anelli, 32x26 cm, Cristal","Label":"Title","Locale":"es_ES"}},"Offers":{"Summaries":[{"Condition":{"Value":"Used"},"LowestPrice":{"Amount":6.0,"Currency":"EUR","DisplayAmount":"6,00 €"}},{"Condition":{"Value":"New"},"LowestPrice":{"Amount":6.95,"Currency":"EUR","DisplayAmount":"6,95 €"}}]}},{"ASIN":"B004HG68T0","DetailPageURL":"https://www.amazon.es/dp/B004HG68T0?tag=topinalambricos-21&linkCode=osi&th=1&psc=1","Images":{"Primary":{"Small":{"Height":75,"URL":"https://m.media-amazon.com/images/I/41SDi3NYXpL._SL75_.jpg","Width":42}}},"ItemInfo":{"ByLineInfo":{"Brand":{"DisplayValue":"Exacompta","Label":"Brand","Locale":"es_ES"},"Contributors":[{"Locale":"es_ES","Name":"Exacompta","Role":"Autor","RoleType":"author"}],"Manufacturer":{"DisplayValue":"Exacompta","Label":"Manufacturer","Locale":"es_ES"}},"Title":{"DisplayValue":"Exacompta - ref. 51568E - 1 carpeta rígida de polipropileno personalizable con 1 bolsillo - 4 anillas redondas, diámetro 30 mm - Dimensiones externas: 32 x 26,8 cm - Formato de archivo A4 Maxi -","Label":"Title","Locale":"es_ES"}},"Offers":{"Summaries":[{"Condition":{"Value":"New"},"LowestPrice":{"Amount":7.05,"Currency":"EUR","DisplayAmount":"7,05 €"}}]}}],"SearchURL":"https://www.amazon.es/s?k=transparente&rh=n%3A4353061031%2Cp_n_availability%3A-1&tag=topinalambricos-21&linkCode=osi","TotalResultCount":966}},"165":{"SearchResult":{"Items":[{"ASIN":"B01D38N4W6","DetailPageURL":"https://www.amazon.es/dp/B01D38N4W6?tag=topinalambricos-21&linkCode=osi&th=1&psc=1","Images":{"Primary":{"Small":{"Height":75,"URL":"https://m.media-amazon.com/images/I/41-juahWb2L._SL75_.jpg","Width":75}}},"ItemInfo":{"ByLineInfo":{"Brand":{"DisplayValue":"Grafoplás","Label":"Brand","Locale":"es_ES"},"Manufacturer":{"DisplayValue":"Grafoplas del Noroeste,S.A.","Label":"Manufacturer","Locale":"es_ES"}},"Title":{"DisplayValue":"Grafoplás 30121000. Carpeta de Anillas, A4, con 6 Sobres de 11 Taladros Multicolor/Transparente, Cierre de Goma","Label":"Title","Locale":"es_ES"}},"Offers":{"Summaries":[{"Condition":{"Value":"New"},"LowestPrice":{"Amount":9.52,"Currency":"EUR","DisplayAmount":"9,52 €"}}]}},{"ASIN":"B08RZ82PV5","DetailPageURL":"https://www.amazon.es/dp/B08RZ82PV5?tag=topinalambricos-21&linkCode=osi&th=1&psc=1","Images":{"Primary":{"Small":{"Height":75,"URL":"https://m.media-amazon.com/images/I/41QwGs8+oKL._SL75_.jpg","Width":75}}},"ItemInfo":{"ByLineInfo":{"Brand":{"DisplayValue":"Rapesco","Label":"Brand","Locale":"es_ES"},"Manufacturer":{"DisplayValue":"RAPESCO","Label":"Manufacturer","Locale":"es_ES"}},"Title":{"DisplayValue":"Rapesco 1630 Sobre Portafolios para Carpetas de Anillas, A4, Colores Transparentes Surtidos, Paquete de 5","Label":"Title","Locale":"es_ES"}},"Offers":{"Summaries":[{"Condition":{"Value":"New"},"LowestPrice":{"Amount":7.58,"Currency":"EUR","DisplayAmount":"7,58 € (1,52 € / unidad)","PricePerUnit":1.52}}]}},{"ASIN":"B001IVOW7C","DetailPageURL":"https://www.amazon.es/dp/B001IVOW7C?tag=topinalambricos-21&linkCode=osi&th=1&psc=1","Images":{"Primary":{"Small":{"Height":75,"URL":"https://m.media-amazon.com/images/I/313ZVnRCR7L._SL75_.jpg","Width":41}}},"ItemInfo":{"ByLineInfo":{"Brand":{"DisplayValue":"Oxford","Label":"Brand","Locale":"es_ES"},"Manufacturer":{"DisplayValue":"Hamelin Brands","Label":"Manufacturer","Locale":"es_ES"}},"Title":{"DisplayValue":"Oxford - Archivador 4 anillas Tapas de plástico personalizables, A4, Color transparente","Label":"Title","Locale":"es_ES"}},"Offers":{"Summaries":[{"Condition":{"Value":"New"},"LowestPrice":{"Amount":5.79,"Currency":"EUR","DisplayAmount":"5,79 €"}}]}},{"ASIN":"B09YHZGN5S","DetailPageURL":"https://www.amazon.es/dp/B09YHZGN5S?tag=topinalambricos-21&linkCode=osi&th=1&psc=1","Images":{"Primary":{"Small":{"Height":75,"URL":"https://m.media-amazon.com/images/I/51lkxdPCgLL._SL75_.jpg","Width":75}}},"ItemInfo":{"ByLineInfo":{"Brand":{"DisplayValue":"MARICATO","Label":"Brand","Locale":"es_ES"},"Manufacturer":{"DisplayValue":"TO","Label":"Manufacturer","Locale":"es_ES"}},"Title":{"DisplayValue":"Carpeta de Presupuesto A6, MARICATO 29Piezas Carpeta de Cuaderno 6 Anillas de PU, con Bolsas de Transparente con Cremallera, Hojas de Presupuesto, Pegatinas, Indice de Clasificación, Regla, Rosa","Label":"Title","Locale":"es_ES"}},"Offers":{"Summaries":[{"Condition":{"Value":"New"},"LowestPrice":{"Amount":11.99,"Currency":"EUR","DisplayAmount":"11,99 € (35,26 € / kg)","PricePerUnit":35.26}}]}},{"ASIN":"B09PTKVWY8","DetailPageURL":"https://www.amazon.es/dp/B09PTKVWY8?tag=topinalambricos-21&linkCode=osi&th=1&psc=1","Images":{"Primary":{"Small":{"Height":75,"URL":"https://m.media-amazon.com/images/I/21ddEcjI4ML._SL75_.jpg","Width":75}}},"ItemInfo":{"ByLineInfo":{"Brand":{"DisplayValue":"CALISTOUK","Label":"Brand","Locale":"es_ES"},"Manufacturer":{"DisplayValue":"CALISTOUK","Label":"Manufacturer","Locale":"es_ES"}},"Title":{"DisplayValue":"Carpeta de Anillas con 6 Agujeros, Funda blanda de PVC, Cuaderno, Carpeta Tipo Archivador con Anillas de Forma Redonda, Carpeta de PVC flexible transparente, Recargable para A5/A6/A7 hojas (A5)","Label":"Title","Locale":"es_ES"}},"Offers":{"Summaries":[{"Condition":{"Value":"New"},"LowestPrice":{"Amount":8.08,"Currency":"EUR","DisplayAmount":"8,08 €"}}]}},{"ASIN":"B09XGP6STD","DetailPageURL":"https://www.amazon.es/dp/B09XGP6STD?tag=topinalambricos-21&linkCode=osi&th=1&psc=1","Images":{"Primary":{"Small":{"Height":75,"URL":"https://m.media-amazon.com/images/I/41dIgQt6WcL._SL75_.jpg","Width":75}}},"ItemInfo":{"ByLineInfo":{"Brand":{"DisplayValue":"TOYESS","Label":"Brand","Locale":"es_ES"},"Manufacturer":{"DisplayValue":"TOYESS","Label":"Manufacturer","Locale":"es_ES"}},"Title":{"DisplayValue":"TOYESS 30Pcs Carpeta de Cuaderno A5, Archivadores Cuero de PU con 12 Bolsas Transparente, 12 Hojas de Presupuesto, Clasificador de Presupuesto para Guardar Tarjetas Fotos Facturas, Rosa","Label":"Title","Locale":"es_ES"}},"Offers":{"Summaries":[{"Condition":{"Value":"New"},"LowestPrice":{"Amount":12.89,"Currency":"EUR","DisplayAmount":"12,89 €"}}]}},{"ASIN":"B013UX8334","DetailPageURL":"https://www.amazon.es/dp/B013UX8334?tag=topinalambricos-21&linkCode=osi&th=1&psc=1","Images":{"Primary":{"Small":{"Height":56,"URL":"https://m.media-amazon.com/images/I/310cVrYz8VL._SL75_.jpg","Width":75}}},"ItemInfo":{"ByLineInfo":{"Brand":{"DisplayValue":"HF2","Label":"Brand","Locale":"es_ES"},"Manufacturer":{"DisplayValue":"Europel Business Products","Label":"Manufacturer","Locale":"es_ES"}},"Title":{"DisplayValue":"HF2 122461 - Carpeta de 4 anillas, 16mm, A4. Color: blanco transparente.","Label":"Title","Locale":"es_ES"}},"Offers":{"Summaries":[{"Condition":{"Value":"New"},"LowestPrice":{"Amount":6.66,"Currency":"EUR","DisplayAmount":"6,66 €"}}]}},{"ASIN":"B0CB5W72X3","DetailPageURL":"https://www.amazon.es/dp/B0CB5W72X3?tag=topinalambricos-21&linkCode=osi&th=1&psc=1","Images":{"Primary":{"Small":{"Height":75,"URL":"https://m.media-amazon.com/images/I/41QsbuzJlOL._SL75_.jpg","Width":75}}},"ItemInfo":{"ByLineInfo":{"Brand":{"DisplayValue":"Gfamous","Label":"Brand","Locale":"es_ES"},"Manufacturer":{"DisplayValue":"Gfamous","Label":"Manufacturer","Locale":"es_ES"}},"Title":{"DisplayValue":"Gfamous Carpeta transparente para cuadernos de 2 unidades, transparente, carpeta de anillas transparente, cubierta de anillas A5, resistente al agua y a la suciedad, para cuadernos, pinturas A5","Label":"Title","Locale":"es_ES"}},"Offers":{"Summaries":[{"Condition":{"Value":"New"},"LowestPrice":{"Amount":14.99,"Currency":"EUR","DisplayAmount":"14,99 €"}}]}},{"ASIN":"B00TTW5QQ8","DetailPageURL":"https://www.amazon.es/dp/B00TTW5QQ8?tag=topinalambricos-21&linkCode=osi&th=1&psc=1","Images":{"Primary":{"Small":{"Height":75,"URL":"https://m.media-amazon.com/images/I/21A+P2uaxQL._SL75_.jpg","Width":75}}},"ItemInfo":{"ByLineInfo":{"Brand":{"DisplayValue":"Exacompta","Label":"Brand","Locale":"es_ES"},"Manufacturer":{"DisplayValue":"Exacompta","Label":"Manufacturer","Locale":"es_ES"}},"Title":{"DisplayValue":"Exacompta 51264E Cartelle ad Anelli, 32x26 cm, Cristal","Label":"Title","Locale":"es_ES"}},"Offers":{"Summaries":[{"Condition":{"Value":"Used"},"LowestPrice":{"Amount":6.0,"Currency":"EUR","DisplayAmount":"6,00 €"}},{"Condition":{"Value":"New"},"LowestPrice":{"Amount":6.95,"Currency":"EUR","DisplayAmount":"6,95 €"}}]}},{"ASIN":"B004HG68T0","DetailPageURL":"https://www.amazon.es/dp/B004HG68T0?tag=topinalambricos-21&linkCode=osi&th=1&psc=1","Images":{"Primary":{"Small":{"Height":75,"URL":"https://m.media-amazon.com/images/I/41SDi3NYXpL._SL75_.jpg","Width":42}}},"ItemInfo":{"ByLineInfo":{"Brand":{"DisplayValue":"Exacompta","Label":"Brand","Locale":"es_ES"},"Contributors":[{"Locale":"es_ES","Name":"Exacompta","Role":"Autor","RoleType":"author"}],"Manufacturer":{"DisplayValue":"Exacompta","Label":"Manufacturer","Locale":"es_ES"}},"Title":{"DisplayValue":"Exacompta - ref. 51568E - 1 carpeta rígida de polipropileno personalizable con 1 bolsillo - 4 anillas redondas, diámetro 30 mm - Dimensiones externas: 32 x 26,8 cm - Formato de archivo A4 Maxi -","Label":"Title","Locale":"es_ES"}},"Offers":{"Summaries":[{"Condition":{"Value":"New"},"LowestPrice":{"Amount":7.05,"Currency":"EUR","DisplayAmount":"7,05 €"}}]}}],"SearchURL":"https://www.amazon.es/s?k=transparente&rh=n%3A4353061031%2Cp_n_availability%3A-1&tag=topinalambricos-21&linkCode=osi","TotalResultCount":966}},"166":{"SearchResult":{"Items":[{"ASIN":"B01D38N4W6","DetailPageURL":"https://www.amazon.es/dp/B01D38N4W6?tag=topinalambricos-21&linkCode=osi&th=1&psc=1","Images":{"Primary":{"Small":{"Height":75,"URL":"https://m.media-amazon.com/images/I/41-juahWb2L._SL75_.jpg","Width":75}}},"ItemInfo":{"ByLineInfo":{"Brand":{"DisplayValue":"Grafoplás","Label":"Brand","Locale":"es_ES"},"Manufacturer":{"DisplayValue":"Grafoplas del Noroeste,S.A.","Label":"Manufacturer","Locale":"es_ES"}},"Title":{"DisplayValue":"Grafoplás 30121000. Carpeta de Anillas, A4, con 6 Sobres de 11 Taladros Multicolor/Transparente, Cierre de Goma","Label":"Title","Locale":"es_ES"}},"Offers":{"Summaries":[{"Condition":{"Value":"New"},"LowestPrice":{"Amount":9.52,"Currency":"EUR","DisplayAmount":"9,52 €"}}]}},{"ASIN":"B08RZ82PV5","DetailPageURL":"https://www.amazon.es/dp/B08RZ82PV5?tag=topinalambricos-21&linkCode=osi&th=1&psc=1","Images":{"Primary":{"Small":{"Height":75,"URL":"https://m.media-amazon.com/images/I/41QwGs8+oKL._SL75_.jpg","Width":75}}},"ItemInfo":{"ByLineInfo":{"Brand":{"DisplayValue":"Rapesco","Label":"Brand","Locale":"es_ES"},"Manufacturer":{"DisplayValue":"RAPESCO","Label":"Manufacturer","Locale":"es_ES"}},"Title":{"DisplayValue":"Rapesco 1630 Sobre Portafolios para Carpetas de Anillas, A4, Colores Transparentes Surtidos, Paquete de 5","Label":"Title","Locale":"es_ES"}},"Offers":{"Summaries":[{"Condition":{"Value":"New"},"LowestPrice":{"Amount":7.58,"Currency":"EUR","DisplayAmount":"7,58 € (1,52 € / unidad)","PricePerUnit":1.52}}]}},{"ASIN":"B001IVOW7C","DetailPageURL":"https://www.amazon.es/dp/B001IVOW7C?tag=topinalambricos-21&linkCode=osi&th=1&psc=1","Images":{"Primary":{"Small":{"Height":75,"URL":"https://m.media-amazon.com/images/I/313ZVnRCR7L._SL75_.jpg","Width":41}}},"ItemInfo":{"ByLineInfo":{"Brand":{"DisplayValue":"Oxford","Label":"Brand","Locale":"es_ES"},"Manufacturer":{"DisplayValue":"Hamelin Brands","Label":"Manufacturer","Locale":"es_ES"}},"Title":{"DisplayValue":"Oxford - Archivador 4 anillas Tapas de plástico personalizables, A4, Color transparente","Label":"Title","Locale":"es_ES"}},"Offers":{"Summaries":[{"Condition":{"Value":"New"},"LowestPrice":{"Amount":5.79,"Currency":"EUR","DisplayAmount":"5,79 €"}}]}},{"ASIN":"B09YHZGN5S","DetailPageURL":"https://www.amazon.es/dp/B09YHZGN5S?tag=topinalambricos-21&linkCode=osi&th=1&psc=1","Images":{"Primary":{"Small":{"Height":75,"URL":"https://m.media-amazon.com/images/I/51lkxdPCgLL._SL75_.jpg","Width":75}}},"ItemInfo":{"ByLineInfo":{"Brand":{"DisplayValue":"MARICATO","Label":"Brand","Locale":"es_ES"},"Manufacturer":{"DisplayValue":"TO","Label":"Manufacturer","Locale":"es_ES"}},"Title":{"DisplayValue":"Carpeta de Presupuesto A6, MARICATO 29Piezas Carpeta de Cuaderno 6 Anillas de PU, con Bolsas de Transparente con Cremallera, Hojas de Presupuesto, Pegatinas, Indice de Clasificación, Regla, Rosa","Label":"Title","Locale":"es_ES"}},"Offers":{"Summaries":[{"Condition":{"Value":"New"},"LowestPrice":{"Amount":11.99,"Currency":"EUR","DisplayAmount":"11,99 € (35,26 € / kg)","PricePerUnit":35.26}}]}},{"ASIN":"B09PTKVWY8","DetailPageURL":"https://www.amazon.es/dp/B09PTKVWY8?tag=topinalambricos-21&linkCode=osi&th=1&psc=1","Images":{"Primary":{"Small":{"Height":75,"URL":"https://m.media-amazon.com/images/I/21ddEcjI4ML._SL75_.jpg","Width":75}}},"ItemInfo":{"ByLineInfo":{"Brand":{"DisplayValue":"CALISTOUK","Label":"Brand","Locale":"es_ES"},"Manufacturer":{"DisplayValue":"CALISTOUK","Label":"Manufacturer","Locale":"es_ES"}},"Title":{"DisplayValue":"Carpeta de Anillas con 6 Agujeros, Funda blanda de PVC, Cuaderno, Carpeta Tipo Archivador con Anillas de Forma Redonda, Carpeta de PVC flexible transparente, Recargable para A5/A6/A7 hojas (A5)","Label":"Title","Locale":"es_ES"}},"Offers":{"Summaries":[{"Condition":{"Value":"New"},"LowestPrice":{"Amount":8.08,"Currency":"EUR","DisplayAmount":"8,08 €"}}]}},{"ASIN":"B09XGP6STD","DetailPageURL":"https://www.amazon.es/dp/B09XGP6STD?tag=topinalambricos-21&linkCode=osi&th=1&psc=1","Images":{"Primary":{"Small":{"Height":75,"URL":"https://m.media-amazon.com/images/I/41dIgQt6WcL._SL75_.jpg","Width":75}}},"ItemInfo":{"ByLineInfo":{"Brand":{"DisplayValue":"TOYESS","Label":"Brand","Locale":"es_ES"},"Manufacturer":{"DisplayValue":"TOYESS","Label":"Manufacturer","Locale":"es_ES"}},"Title":{"DisplayValue":"TOYESS 30Pcs Carpeta de Cuaderno A5, Archivadores Cuero de PU con 12 Bolsas Transparente, 12 Hojas de Presupuesto, Clasificador de Presupuesto para Guardar Tarjetas Fotos Facturas, Rosa","Label":"Title","Locale":"es_ES"}},"Offers":{"Summaries":[{"Condition":{"Value":"New"},"LowestPrice":{"Amount":12.89,"Currency":"EUR","DisplayAmount":"12,89 €"}}]}},{"ASIN":"B013UX8334","DetailPageURL":"https://www.amazon.es/dp/B013UX8334?tag=topinalambricos-21&linkCode=osi&th=1&psc=1","Images":{"Primary":{"Small":{"Height":56,"URL":"https://m.media-amazon.com/images/I/310cVrYz8VL._SL75_.jpg","Width":75}}},"ItemInfo":{"ByLineInfo":{"Brand":{"DisplayValue":"HF2","Label":"Brand","Locale":"es_ES"},"Manufacturer":{"DisplayValue":"Europel Business Products","Label":"Manufacturer","Locale":"es_ES"}},"Title":{"DisplayValue":"HF2 122461 - Carpeta de 4 anillas, 16mm, A4. Color: blanco transparente.","Label":"Title","Locale":"es_ES"}},"Offers":{"Summaries":[{"Condition":{"Value":"New"},"LowestPrice":{"Amount":6.66,"Currency":"EUR","DisplayAmount":"6,66 €"}}]}},{"ASIN":"B0CB5W72X3","DetailPageURL":"https://www.amazon.es/dp/B0CB5W72X3?tag=topinalambricos-21&linkCode=osi&th=1&psc=1","Images":{"Primary":{"Small":{"Height":75,"URL":"https://m.media-amazon.com/images/I/41QsbuzJlOL._SL75_.jpg","Width":75}}},"ItemInfo":{"ByLineInfo":{"Brand":{"DisplayValue":"Gfamous","Label":"Brand","Locale":"es_ES"},"Manufacturer":{"DisplayValue":"Gfamous","Label":"Manufacturer","Locale":"es_ES"}},"Title":{"DisplayValue":"Gfamous Carpeta transparente para cuadernos de 2 unidades, transparente, carpeta de anillas transparente, cubierta de anillas A5, resistente al agua y a la suciedad, para cuadernos, pinturas A5","Label":"Title","Locale":"es_ES"}},"Offers":{"Summaries":[{"Condition":{"Value":"New"},"LowestPrice":{"Amount":14.99,"Currency":"EUR","DisplayAmount":"14,99 €"}}]}},{"ASIN":"B00TTW5QQ8","DetailPageURL":"https://www.amazon.es/dp/B00TTW5QQ8?tag=topinalambricos-21&linkCode=osi&th=1&psc=1","Images":{"Primary":{"Small":{"Height":75,"URL":"https://m.media-amazon.com/images/I/21A+P2uaxQL._SL75_.jpg","Width":75}}},"ItemInfo":{"ByLineInfo":{"Brand":{"DisplayValue":"Exacompta","Label":"Brand","Locale":"es_ES"},"Manufacturer":{"DisplayValue":"Exacompta","Label":"Manufacturer","Locale":"es_ES"}},"Title":{"DisplayValue":"Exacompta 51264E Cartelle ad Anelli, 32x26 cm, Cristal","Label":"Title","Locale":"es_ES"}},"Offers":{"Summaries":[{"Condition":{"Value":"Used"},"LowestPrice":{"Amount":6.0,"Currency":"EUR","DisplayAmount":"6,00 €"}},{"Condition":{"Value":"New"},"LowestPrice":{"Amount":6.95,"Currency":"EUR","DisplayAmount":"6,95 €"}}]}},{"ASIN":"B004HG68T0","DetailPageURL":"https://www.amazon.es/dp/B004HG68T0?tag=topinalambricos-21&linkCode=osi&th=1&psc=1","Images":{"Primary":{"Small":{"Height":75,"URL":"https://m.media-amazon.com/images/I/41SDi3NYXpL._SL75_.jpg","Width":42}}},"ItemInfo":{"ByLineInfo":{"Brand":{"DisplayValue":"Exacompta","Label":"Brand","Locale":"es_ES"},"Contributors":[{"Locale":"es_ES","Name":"Exacompta","Role":"Autor","RoleType":"author"}],"Manufacturer":{"DisplayValue":"Exacompta","Label":"Manufacturer","Locale":"es_ES"}},"Title":{"DisplayValue":"Exacompta - ref. 51568E - 1 carpeta rígida de polipropileno personalizable con 1 bolsillo - 4 anillas redondas, diámetro 30 mm - Dimensiones externas: 32 x 26,8 cm - Formato de archivo A4 Maxi -","Label":"Title","Locale":"es_ES"}},"Offers":{"Summaries":[{"Condition":{"Value":"New"},"LowestPrice":{"Amount":7.05,"Currency":"EUR","DisplayAmount":"7,05 €"}}]}}],"SearchURL":"https://www.amazon.es/s?k=transparente&rh=n%3A4353061031%2Cp_n_availability%3A-1&tag=topinalambricos-21&linkCode=osi","TotalResultCount":966}},"167":{"SearchResult":{"Items":[{"ASIN":"B01D38N4W6","DetailPageURL":"https://www.amazon.es/dp/B01D38N4W6?tag=topinalambricos-21&linkCode=osi&th=1&psc=1","Images":{"Primary":{"Small":{"Height":75,"URL":"https://m.media-amazon.com/images/I/41-juahWb2L._SL75_.jpg","Width":75}}},"ItemInfo":{"ByLineInfo":{"Brand":{"DisplayValue":"Grafoplás","Label":"Brand","Locale":"es_ES"},"Manufacturer":{"DisplayValue":"Grafoplas del Noroeste,S.A.","Label":"Manufacturer","Locale":"es_ES"}},"Title":{"DisplayValue":"Grafoplás 30121000. Carpeta de Anillas, A4, con 6 Sobres de 11 Taladros Multicolor/Transparente, Cierre de Goma","Label":"Title","Locale":"es_ES"}},"Offers":{"Summaries":[{"Condition":{"Value":"New"},"LowestPrice":{"Amount":9.52,"Currency":"EUR","DisplayAmount":"9,52 €"}}]}},{"ASIN":"B08RZ82PV5","DetailPageURL":"https://www.amazon.es/dp/B08RZ82PV5?tag=topinalambricos-21&linkCode=osi&th=1&psc=1","Images":{"Primary":{"Small":{"Height":75,"URL":"https://m.media-amazon.com/images/I/41QwGs8+oKL._SL75_.jpg","Width":75}}},"ItemInfo":{"ByLineInfo":{"Brand":{"DisplayValue":"Rapesco","Label":"Brand","Locale":"es_ES"},"Manufacturer":{"DisplayValue":"RAPESCO","Label":"Manufacturer","Locale":"es_ES"}},"Title":{"DisplayValue":"Rapesco 1630 Sobre Portafolios para Carpetas de Anillas, A4, Colores Transparentes Surtidos, Paquete de 5","Label":"Title","Locale":"es_ES"}},"Offers":{"Summaries":[{"Condition":{"Value":"New"},"LowestPrice":{"Amount":7.58,"Currency":"EUR","DisplayAmount":"7,58 € (1,52 € / unidad)","PricePerUnit":1.52}}]}},{"ASIN":"B001IVOW7C","DetailPageURL":"https://www.amazon.es/dp/B001IVOW7C?tag=topinalambricos-21&linkCode=osi&th=1&psc=1","Images":{"Primary":{"Small":{"Height":75,"URL":"https://m.media-amazon.com/images/I/313ZVnRCR7L._SL75_.jpg","Width":41}}},"ItemInfo":{"ByLineInfo":{"Brand":{"DisplayValue":"Oxford","Label":"Brand","Locale":"es_ES"},"Manufacturer":{"DisplayValue":"Hamelin Brands","Label":"Manufacturer","Locale":"es_ES"}},"Title":{"DisplayValue":"Oxford - Archivador 4 anillas Tapas de plástico personalizables, A4, Color transparente","Label":"Title","Locale":"es_ES"}},"Offers":{"Summaries":[{"Condition":{"Value":"New"},"LowestPrice":{"Amount":5.79,"Currency":"EUR","DisplayAmount":"5,79 €"}}]}},{"ASIN":"B09YHZGN5S","DetailPageURL":"https://www.amazon.es/dp/B09YHZGN5S?tag=topinalambricos-21&linkCode=osi&th=1&psc=1","Images":{"Primary":{"Small":{"Height":75,"URL":"https://m.media-amazon.com/images/I/51lkxdPCgLL._SL75_.jpg","Width":75}}},"ItemInfo":{"ByLineInfo":{"Brand":{"DisplayValue":"MARICATO","Label":"Brand","Locale":"es_ES"},"Manufacturer":{"DisplayValue":"TO","Label":"Manufacturer","Locale":"es_ES"}},"Title":{"DisplayValue":"Carpeta de Presupuesto A6, MARICATO 29Piezas Carpeta de Cuaderno 6 Anillas de PU, con Bolsas de Transparente con Cremallera, Hojas de Presupuesto, Pegatinas, Indice de Clasificación, Regla, Rosa","Label":"Title","Locale":"es_ES"}},"Offers":{"Summaries":[{"Condition":{"Value":"New"},"LowestPrice":{"Amount":11.99,"Currency":"EUR","DisplayAmount":"11,99 € (35,26 € / kg)","PricePerUnit":35.26}}]}},{"ASIN":"B09PTKVWY8","DetailPageURL":"https://www.amazon.es/dp/B09PTKVWY8?tag=topinalambricos-21&linkCode=osi&th=1&psc=1","Images":{"Primary":{"Small":{"Height":75,"URL":"https://m.media-amazon.com/images/I/21ddEcjI4ML._SL75_.jpg","Width":75}}},"ItemInfo":{"ByLineInfo":{"Brand":{"DisplayValue":"CALISTOUK","Label":"Brand","Locale":"es_ES"},"Manufacturer":{"DisplayValue":"CALISTOUK","Label":"Manufacturer","Locale":"es_ES"}},"Title":{"DisplayValue":"Carpeta de Anillas con 6 Agujeros, Funda blanda de PVC, Cuaderno, Carpeta Tipo Archivador con Anillas de Forma Redonda, Carpeta de PVC flexible transparente, Recargable para A5/A6/A7 hojas (A5)","Label":"Title","Locale":"es_ES"}},"Offers":{"Summaries":[{"Condition":{"Value":"New"},"LowestPrice":{"Amount":8.08,"Currency":"EUR","DisplayAmount":"8,08 €"}}]}},{"ASIN":"B09XGP6STD","DetailPageURL":"https://www.amazon.es/dp/B09XGP6STD?tag=topinalambricos-21&linkCode=osi&th=1&psc=1","Images":{"Primary":{"Small":{"Height":75,"URL":"https://m.media-amazon.com/images/I/41dIgQt6WcL._SL75_.jpg","Width":75}}},"ItemInfo":{"ByLineInfo":{"Brand":{"DisplayValue":"TOYESS","Label":"Brand","Locale":"es_ES"},"Manufacturer":{"DisplayValue":"TOYESS","Label":"Manufacturer","Locale":"es_ES"}},"Title":{"DisplayValue":"TOYESS 30Pcs Carpeta de Cuaderno A5, Archivadores Cuero de PU con 12 Bolsas Transparente, 12 Hojas de Presupuesto, Clasificador de Presupuesto para Guardar Tarjetas Fotos Facturas, Rosa","Label":"Title","Locale":"es_ES"}},"Offers":{"Summaries":[{"Condition":{"Value":"New"},"LowestPrice":{"Amount":12.89,"Currency":"EUR","DisplayAmount":"12,89 €"}}]}},{"ASIN":"B013UX8334","DetailPageURL":"https://www.amazon.es/dp/B013UX8334?tag=topinalambricos-21&linkCode=osi&th=1&psc=1","Images":{"Primary":{"Small":{"Height":56,"URL":"https://m.media-amazon.com/images/I/310cVrYz8VL._SL75_.jpg","Width":75}}},"ItemInfo":{"ByLineInfo":{"Brand":{"DisplayValue":"HF2","Label":"Brand","Locale":"es_ES"},"Manufacturer":{"DisplayValue":"Europel Business Products","Label":"Manufacturer","Locale":"es_ES"}},"Title":{"DisplayValue":"HF2 122461 - Carpeta de 4 anillas, 16mm, A4. Color: blanco transparente.","Label":"Title","Locale":"es_ES"}},"Offers":{"Summaries":[{"Condition":{"Value":"New"},"LowestPrice":{"Amount":6.66,"Currency":"EUR","DisplayAmount":"6,66 €"}}]}},{"ASIN":"B0CB5W72X3","DetailPageURL":"https://www.amazon.es/dp/B0CB5W72X3?tag=topinalambricos-21&linkCode=osi&th=1&psc=1","Images":{"Primary":{"Small":{"Height":75,"URL":"https://m.media-amazon.com/images/I/41QsbuzJlOL._SL75_.jpg","Width":75}}},"ItemInfo":{"ByLineInfo":{"Brand":{"DisplayValue":"Gfamous","Label":"Brand","Locale":"es_ES"},"Manufacturer":{"DisplayValue":"Gfamous","Label":"Manufacturer","Locale":"es_ES"}},"Title":{"DisplayValue":"Gfamous Carpeta transparente para cuadernos de 2 unidades, transparente, carpeta de anillas transparente, cubierta de anillas A5, resistente al agua y a la suciedad, para cuadernos, pinturas A5","Label":"Title","Locale":"es_ES"}},"Offers":{"Summaries":[{"Condition":{"Value":"New"},"LowestPrice":{"Amount":14.99,"Currency":"EUR","DisplayAmount":"14,99 €"}}]}},{"ASIN":"B00TTW5QQ8","DetailPageURL":"https://www.amazon.es/dp/B00TTW5QQ8?tag=topinalambricos-21&linkCode=osi&th=1&psc=1","Images":{"Primary":{"Small":{"Height":75,"URL":"https://m.media-amazon.com/images/I/21A+P2uaxQL._SL75_.jpg","Width":75}}},"ItemInfo":{"ByLineInfo":{"Brand":{"DisplayValue":"Exacompta","Label":"Brand","Locale":"es_ES"},"Manufacturer":{"DisplayValue":"Exacompta","Label":"Manufacturer","Locale":"es_ES"}},"Title":{"DisplayValue":"Exacompta 51264E Cartelle ad Anelli, 32x26 cm, Cristal","Label":"Title","Locale":"es_ES"}},"Offers":{"Summaries":[{"Condition":{"Value":"Used"},"LowestPrice":{"Amount":6.0,"Currency":"EUR","DisplayAmount":"6,00 €"}},{"Condition":{"Value":"New"},"LowestPrice":{"Amount":6.95,"Currency":"EUR","DisplayAmount":"6,95 €"}}]}},{"ASIN":"B004HG68T0","DetailPageURL":"https://www.amazon.es/dp/B004HG68T0?tag=topinalambricos-21&linkCode=osi&th=1&psc=1","Images":{"Primary":{"Small":{"Height":75,"URL":"https://m.media-amazon.com/images/I/41SDi3NYXpL._SL75_.jpg","Width":42}}},"ItemInfo":{"ByLineInfo":{"Brand":{"DisplayValue":"Exacompta","Label":"Brand","Locale":"es_ES"},"Contributors":[{"Locale":"es_ES","Name":"Exacompta","Role":"Autor","RoleType":"author"}],"Manufacturer":{"DisplayValue":"Exacompta","Label":"Manufacturer","Locale":"es_ES"}},"Title":{"DisplayValue":"Exacompta - ref. 51568E - 1 carpeta rígida de polipropileno personalizable con 1 bolsillo - 4 anillas redondas, diámetro 30 mm - Dimensiones externas: 32 x 26,8 cm - Formato de archivo A4 Maxi -","Label":"Title","Locale":"es_ES"}},"Offers":{"Summaries":[{"Condition":{"Value":"New"},"LowestPrice":{"Amount":7.05,"Currency":"EUR","DisplayAmount":"7,05 €"}}]}}],"SearchURL":"https://www.amazon.es/s?k=transparente&rh=n%3A4353061031%2Cp_n_availability%3A-1&tag=topinalambricos-21&linkCode=osi","TotalResultCount":966}}}