{"2":{"SearchResult":{"Items":[{"ASIN":"B0BJ1G7TS1","DetailPageURL":"https://www.amazon.es/dp/B0BJ1G7TS1?tag=topinalambricos-21&linkCode=osi&th=1&psc=1","Images":{"Primary":{"Small":{"Height":75,"URL":"https://m.media-amazon.com/images/I/61VhIYwJJAL._SL75_.jpg","Width":75}}},"ItemInfo":{"ByLineInfo":{"Brand":{"DisplayValue":"MOOING","Label":"Brand","Locale":"es_ES"}},"Title":{"DisplayValue":"MOOING Hilo para Tejer a Crochet, 24 colores, Ovillos de Lana Acrílica con 2 Ganchos de Ganchillo, para DIY y Tejido a Mano","Label":"Title","Locale":"es_ES"}},"Offers":{"Summaries":[{"Condition":{"Value":"New"},"LowestPrice":{"Amount":15.99,"Currency":"EUR","DisplayAmount":"15,99 €"}}]}},{"ASIN":"B0C9TV88MK","DetailPageURL":"https://www.amazon.es/dp/B0C9TV88MK?tag=topinalambricos-21&linkCode=osi&th=1&psc=1","Images":{"Primary":{"Small":{"Height":75,"URL":"https://m.media-amazon.com/images/I/612YK7y3LYL._SL75_.jpg","Width":75}}},"ItemInfo":{"ByLineInfo":{"Brand":{"DisplayValue":"LPAOIS","Label":"Brand","Locale":"es_ES"}},"Title":{"DisplayValue":"LPAOIS Hilo para Tejer a Crochet, 24 colores, con 2 Ganchos de Ganchillo, Ovillos Acrílicos de Lana para DIY y Tejido a Mano","Label":"Title","Locale":"es_ES"}},"Offers":{"Summaries":[{"Condition":{"Value":"New"},"LowestPrice":{"Amount":17.99,"Currency":"EUR","DisplayAmount":"17,99 €"}}]}},{"ASIN":"B087BQK8WV","DetailPageURL":"https://www.amazon.es/dp/B087BQK8WV?tag=topinalambricos-21&linkCode=osi&th=1&psc=1","Images":{"Primary":{"Small":{"Height":69,"URL":"https://m.media-amazon.com/images/I/51C0dGM3t8L._SL75_.jpg","Width":75}}},"ItemInfo":{"ByLineInfo":{"Brand":{"DisplayValue":"ilauke","Label":"Brand","Locale":"es_ES"},"Manufacturer":{"DisplayValue":"ilauke","Label":"Manufacturer","Locale":"es_ES"}},"Title":{"DisplayValue":"Hilo para Tejer a Crochet, ilauke 20 * 30g Ovillo de Lana con 2 Ganchos de Ganchillo, 2 Agujas, 8 Marcadores y Bolsos Verdes, Lana Acrílico Multicolor","Label":"Title","Locale":"es_ES"}},"Offers":{"Summaries":[{"Condition":{"Value":"New"},"LowestPrice":{"Amount":20.97,"Currency":"EUR","DisplayAmount":"20,97 € (34,95 € / kg)","PricePerUnit":34.95}}]}},{"ASIN":"B09SPWG4ZR","DetailPageURL":"https://www.amazon.es/dp/B09SPWG4ZR?tag=topinalambricos-21&linkCode=osi&th=1&psc=1","Images":{"Primary":{"Small":{"Height":75,"URL":"https://m.media-amazon.com/images/I/51QuOmbvIwL._SL75_.jpg","Width":61}}},"ItemInfo":{"ByLineInfo":{"Brand":{"DisplayValue":"Wollbiene","Label":"Brand","Locale":"es_ES"},"Manufacturer":{"DisplayValue":"Wollbiene","Label":"Manufacturer","Locale":"es_ES"}},"Title":{"DisplayValue":"5 ovillos de lana de abeja batik de 100 g, 500 g, con degradado, multicolor, lana de ganchillo (5040 arcoíris)","Label":"Title","Locale":"es_ES"}},"Offers":{"Summaries":[{"Condition":{"Value":"New"},"LowestPrice":{"Amount":22.36,"Currency":"EUR","DisplayAmount":"22,36 € (44,72 € / kg)","PricePerUnit":44.72}}]}},{"ASIN":"B0CL6FP8H3","DetailPageURL":"https://www.amazon.es/dp/B0CL6FP8H3?tag=topinalambricos-21&linkCode=osi&th=1&psc=1","Images":{"Primary":{"Small":{"Height":75,"URL":"https://m.media-amazon.com/images/I/51i1j79Jx3L._SL75_.jpg","Width":75}}},"ItemInfo":{"ByLineInfo":{"Brand":{"DisplayValue":"TYXHXTF","Label":"Brand","Locale":"es_ES"},"Manufacturer":{"DisplayValue":"TYXHXTF","Label":"Manufacturer","Locale":"es_ES"}},"Title":{"DisplayValue":"TYXHXTF 24 PCS Lanas para Crochet, Ovillos de Lana de Hilo Acrílico, Hilo para Tejer a Crochet, Hilo de Tejer Acrílico, Lana para Tejer para Tejer DIY y Tejido a Mano","Label":"Title","Locale":"es_ES"}},"Offers":{"Summaries":[{"Condition":{"Value":"New"},"LowestPrice":{"Amount":11.99,"Currency":"EUR","DisplayAmount":"11,99 €"}}]}},{"ASIN":"B0BML4JYYH","DetailPageURL":"https://www.amazon.es/dp/B0BML4JYYH?tag=topinalambricos-21&linkCode=osi&th=1&psc=1","Images":{"Primary":{"Small":{"Height":70,"URL":"https://m.media-amazon.com/images/I/51HAZmAo5bL._SL75_.jpg","Width":75}}},"ItemInfo":{"ByLineInfo":{"Brand":{"DisplayValue":"ilauke","Label":"Brand","Locale":"es_ES"},"Manufacturer":{"DisplayValue":"ilauke","Label":"Manufacturer","Locale":"es_ES"}},"Title":{"DisplayValue":"Kit de Ganchillos Multicolor,12 Multicolor 25g Ovillos Lanas Super Suave Algodón Leche Hilos Lana con 2 Piezas de Ganchillo,100% Acrílico para Ganchillo y Manualidades para Principiantes y Niños","Label":"Title","Locale":"es_ES"}},"Offers":{"Summaries":[{"Condition":{"Value":"New"},"LowestPrice":{"Amount":15.99,"Currency":"EUR","DisplayAmount":"15,99 €"}}]}},{"ASIN":"B0CFDMCN6X","DetailPageURL":"https://www.amazon.es/dp/B0CFDMCN6X?tag=topinalambricos-21&linkCode=osi&th=1&psc=1","Images":{"Primary":{"Small":{"Height":75,"URL":"https://m.media-amazon.com/images/I/51LNQzvSNpL._SL75_.jpg","Width":75}}},"ItemInfo":{"ByLineInfo":{"Brand":{"DisplayValue":"ZHHGOO","Label":"Brand","Locale":"es_ES"},"Manufacturer":{"DisplayValue":"ZHHGOO","Label":"Manufacturer","Locale":"es_ES"}},"Title":{"DisplayValue":"ZHHGOO Hilo para Tejer a Crochet,24 Colores,Ovillos de Lana Acrílica con 2 Ganchos de Ganchillo y Bolsa Organizadora,Lana para Tejer para DIY y Tejido a Mano","Label":"Title","Locale":"es_ES"}},"Offers":{"Summaries":[{"Condition":{"Value":"New"},"LowestPrice":{"Amount":15.99,"Currency":"EUR","DisplayAmount":"15,99 €"}}]}},{"ASIN":"B0CF57YCM6","DetailPageURL":"https://www.amazon.es/dp/B0CF57YCM6?tag=topinalambricos-21&linkCode=osi&th=1&psc=1","Images":{"Primary":{"Small":{"Height":75,"URL":"https://m.media-amazon.com/images/I/516VA1-qBhL._SL75_.jpg","Width":75}}},"ItemInfo":{"ByLineInfo":{"Brand":{"DisplayValue":"VORHOT","Label":"Brand","Locale":"es_ES"},"Manufacturer":{"DisplayValue":"VORHOT","Label":"Manufacturer","Locale":"es_ES"}},"Title":{"DisplayValue":"VORHOT Hilo para Tejer a Crochet, 300g Hilo Crochet, Lanas para Crochet Suave, Ovillos de Algodon para Crochet (Tamaño de la Aguja: 3,0-4,0 mm), Color Rosa","Label":"Title","Locale":"es_ES"}},"Offers":{"Summaries":[{"Condition":{"Value":"New"},"LowestPrice":{"Amount":7.98,"Currency":"EUR","DisplayAmount":"7,98 €"}}]}},{"ASIN":"B085J6TZT3","DetailPageURL":"https://www.amazon.es/dp/B085J6TZT3?tag=topinalambricos-21&linkCode=osi&th=1&psc=1","Images":{"Primary":{"Small":{"Height":75,"URL":"https://m.media-amazon.com/images/I/51vVJ0moHAL._SL75_.jpg","Width":75}}},"ItemInfo":{"ByLineInfo":{"Brand":{"DisplayValue":"Ursus","Label":"Brand","Locale":"es_ES"},"Manufacturer":{"DisplayValue":"Buntpapierfabrik Ludwig Bähr GmbH & Co. KG","Label":"Manufacturer","Locale":"es_ES"}},"Title":{"DisplayValue":"Ursus ovillos g / 29 m, 100% algodón, 10 Colores, para Tejer y Hacer Ganchillo y pequeños proyectos de Manualidades, Pastel, Talla única, 290","Label":"Title","Locale":"es_ES"}},"Offers":{"Summaries":[{"Condition":{"Value":"New"},"LowestPrice":{"Amount":9.99,"Currency":"EUR","DisplayAmount":"9,99 € (0,03 € / metro)","PricePerUnit":0.03}}]}},{"ASIN":"B0B1V9Q7H2","DetailPageURL":"https://www.amazon.es/dp/B0B1V9Q7H2?tag=topinalambricos-21&linkCode=osi&th=1&psc=1","Images":{"Primary":{"Small":{"Height":75,"URL":"https://m.media-amazon.com/images/I/41G1Q8ZzCLL._SL75_.jpg","Width":75}}},"ItemInfo":{"ByLineInfo":{"Brand":{"DisplayValue":"Lidia Crochet Tricot","Label":"Brand","Locale":"es_ES"},"Manufacturer":{"DisplayValue":"Lidia Crochet Tricot","Label":"Manufacturer","Locale":"es_ES"}},"Title":{"DisplayValue":"Classic- hilo de lana, lana acrílico, hilo de tejer, hilo de ganchillo (100 gr/ovillo ; 16 colores) (empresa española/envío desde España) (09)","Label":"Title","Locale":"es_ES"}},"Offers":{"Summaries":[{"Condition":{"Value":"New"},"LowestPrice":{"Amount":5.8,"Currency":"EUR","DisplayAmount":"5,80 €"}}]}}],"SearchURL":"https://www.amazon.es/s?k=ganchillo+lana&rh=n%3A4358113031%2Cp_n_availability%3A-1&tag=topinalambricos-21&linkCode=osi","TotalResultCount":1000}},"3":{"SearchResult":{"Items":[{"ASIN":"B0BJ1G7TS1","DetailPageURL":"https://www.amazon.es/dp/B0BJ1G7TS1?tag=topinalambricos-21&linkCode=osi&th=1&psc=1","Images":{"Primary":{"Small":{"Height":75,"URL":"https://m.media-amazon.com/images/I/61VhIYwJJAL._SL75_.jpg","Width":75}}},"ItemInfo":{"ByLineInfo":{"Brand":{"DisplayValue":"MOOING","Label":"Brand","Locale":"es_ES"}},"Title":{"DisplayValue":"MOOING Hilo para Tejer a Crochet, 24 colores, Ovillos de Lana Acrílica con 2 Ganchos de Ganchillo, para DIY y Tejido a Mano","Label":"Title","Locale":"es_ES"}},"Offers":{"Summaries":[{"Condition":{"Value":"New"},"LowestPrice":{"Amount":15.99,"Currency":"EUR","DisplayAmount":"15,99 €"}}]}},{"ASIN":"B0C9TV88MK","DetailPageURL":"https://www.amazon.es/dp/B0C9TV88MK?tag=topinalambricos-21&linkCode=osi&th=1&psc=1","Images":{"Primary":{"Small":{"Height":75,"URL":"https://m.media-amazon.com/images/I/612YK7y3LYL._SL75_.jpg","Width":75}}},"ItemInfo":{"ByLineInfo":{"Brand":{"DisplayValue":"LPAOIS","Label":"Brand","Locale":"es_ES"}},"Title":{"DisplayValue":"LPAOIS Hilo para Tejer a Crochet, 24 colores, con 2 Ganchos de Ganchillo, Ovillos Acrílicos de Lana para DIY y Tejido a Mano","Label":"Title","Locale":"es_ES"}},"Offers":{"Summaries":[{"Condition":{"Value":"New"},"LowestPrice":{"Amount":17.99,"Currency":"EUR","DisplayAmount":"17,99 €"}}]}},{"ASIN":"B087BQK8WV","DetailPageURL":"https://www.amazon.es/dp/B087BQK8WV?tag=topinalambricos-21&linkCode=osi&th=1&psc=1","Images":{"Primary":{"Small":{"Height":69,"URL":"https://m.media-amazon.com/images/I/51C0dGM3t8L._SL75_.jpg","Width":75}}},"ItemInfo":{"ByLineInfo":{"Brand":{"DisplayValue":"ilauke","Label":"Brand","Locale":"es_ES"},"Manufacturer":{"DisplayValue":"ilauke","Label":"Manufacturer","Locale":"es_ES"}},"Title":{"DisplayValue":"Hilo para Tejer a Crochet, ilauke 20 * 30g Ovillo de Lana con 2 Ganchos de Ganchillo, 2 Agujas, 8 Marcadores y Bolsos Verdes, Lana Acrílico Multicolor","Label":"Title","Locale":"es_ES"}},"Offers":{"Summaries":[{"Condition":{"Value":"New"},"LowestPrice":{"Amount":20.97,"Currency":"EUR","DisplayAmount":"20,97 € (34,95 € / kg)","PricePerUnit":34.95}}]}},{"ASIN":"B09SPWG4ZR","DetailPageURL":"https://www.amazon.es/dp/B09SPWG4ZR?tag=topinalambricos-21&linkCode=osi&th=1&psc=1","Images":{"Primary":{"Small":{"Height":75,"URL":"https://m.media-amazon.com/images/I/51QuOmbvIwL._SL75_.jpg","Width":61}}},"ItemInfo":{"ByLineInfo":{"Brand":{"DisplayValue":"Wollbiene","Label":"Brand","Locale":"es_ES"},"Manufacturer":{"DisplayValue":"Wollbiene","Label":"Manufacturer","Locale":"es_ES"}},"Title":{"DisplayValue":"5 ovillos de lana de abeja batik de 100 g, 500 g, con degradado, multicolor, lana de ganchillo (5040 arcoíris)","Label":"Title","Locale":"es_ES"}},"Offers":{"Summaries":[{"Condition":{"Value":"New"},"LowestPrice":{"Amount":22.36,"Currency":"EUR","DisplayAmount":"22,36 € (44,72 € / kg)","PricePerUnit":44.72}}]}},{"ASIN":"B0CL6FP8H3","DetailPageURL":"https://www.amazon.es/dp/B0CL6FP8H3?tag=topinalambricos-21&linkCode=osi&th=1&psc=1","Images":{"Primary":{"Small":{"Height":75,"URL":"https://m.media-amazon.com/images/I/51i1j79Jx3L._SL75_.jpg","Width":75}}},"ItemInfo":{"ByLineInfo":{"Brand":{"DisplayValue":"TYXHXTF","Label":"Brand","Locale":"es_ES"},"Manufacturer":{"DisplayValue":"TYXHXTF","Label":"Manufacturer","Locale":"es_ES"}},"Title":{"DisplayValue":"TYXHXTF 24 PCS Lanas para Crochet, Ovillos de Lana de Hilo Acrílico, Hilo para Tejer a Crochet, Hilo de Tejer Acrílico, Lana para Tejer para Tejer DIY y Tejido a Mano","Label":"Title","Locale":"es_ES"}},"Offers":{"Summaries":[{"Condition":{"Value":"New"},"LowestPrice":{"Amount":11.99,"Currency":"EUR","DisplayAmount":"11,99 €"}}]}},{"ASIN":"B0BML4JYYH","DetailPageURL":"https://www.amazon.es/dp/B0BML4JYYH?tag=topinalambricos-21&linkCode=osi&th=1&psc=1","Images":{"Primary":{"Small":{"Height":70,"URL":"https://m.media-amazon.com/images/I/51HAZmAo5bL._SL75_.jpg","Width":75}}},"ItemInfo":{"ByLineInfo":{"Brand":{"DisplayValue":"ilauke","Label":"Brand","Locale":"es_ES"},"Manufacturer":{"DisplayValue":"ilauke","Label":"Manufacturer","Locale":"es_ES"}},"Title":{"DisplayValue":"Kit de Ganchillos Multicolor,12 Multicolor 25g Ovillos Lanas Super Suave Algodón Leche Hilos Lana con 2 Piezas de Ganchillo,100% Acrílico para Ganchillo y Manualidades para Principiantes y Niños","Label":"Title","Locale":"es_ES"}},"Offers":{"Summaries":[{"Condition":{"Value":"New"},"LowestPrice":{"Amount":15.99,"Currency":"EUR","DisplayAmount":"15,99 €"}}]}},{"ASIN":"B0CFDMCN6X","DetailPageURL":"https://www.amazon.es/dp/B0CFDMCN6X?tag=topinalambricos-21&linkCode=osi&th=1&psc=1","Images":{"Primary":{"Small":{"Height":75,"URL":"https://m.media-amazon.com/images/I/51LNQzvSNpL._SL75_.jpg","Width":75}}},"ItemInfo":{"ByLineInfo":{"Brand":{"DisplayValue":"ZHHGOO","Label":"Brand","Locale":"es_ES"},"Manufacturer":{"DisplayValue":"ZHHGOO","Label":"Manufacturer","Locale":"es_ES"}},"Title":{"DisplayValue":"ZHHGOO Hilo para Tejer a Crochet,24 Colores,Ovillos de Lana Acrílica con 2 Ganchos de Ganchillo y Bolsa Organizadora,Lana para Tejer para DIY y Tejido a Mano","Label":"Title","Locale":"es_ES"}},"Offers":{"Summaries":[{"Condition":{"Value":"New"},"LowestPrice":{"Amount":15.99,"Currency":"EUR","DisplayAmount":"15,99 €"}}]}},{"ASIN":"B0CF57YCM6","DetailPageURL":"https://www.amazon.es/dp/B0CF57YCM6?tag=topinalambricos-21&linkCode=osi&th=1&psc=1","Images":{"Primary":{"Small":{"Height":75,"URL":"https://m.media-amazon.com/images/I/516VA1-qBhL._SL75_.jpg","Width":75}}},"ItemInfo":{"ByLineInfo":{"Brand":{"DisplayValue":"VORHOT","Label":"Brand","Locale":"es_ES"},"Manufacturer":{"DisplayValue":"VORHOT","Label":"Manufacturer","Locale":"es_ES"}},"Title":{"DisplayValue":"VORHOT Hilo para Tejer a Crochet, 300g Hilo Crochet, Lanas para Crochet Suave, Ovillos de Algodon para Crochet (Tamaño de la Aguja: 3,0-4,0 mm), Color Rosa","Label":"Title","Locale":"es_ES"}},"Offers":{"Summaries":[{"Condition":{"Value":"New"},"LowestPrice":{"Amount":7.98,"Currency":"EUR","DisplayAmount":"7,98 €"}}]}},{"ASIN":"B085J6TZT3","DetailPageURL":"https://www.amazon.es/dp/B085J6TZT3?tag=topinalambricos-21&linkCode=osi&th=1&psc=1","Images":{"Primary":{"Small":{"Height":75,"URL":"https://m.media-amazon.com/images/I/51vVJ0moHAL._SL75_.jpg","Width":75}}},"ItemInfo":{"ByLineInfo":{"Brand":{"DisplayValue":"Ursus","Label":"Brand","Locale":"es_ES"},"Manufacturer":{"DisplayValue":"Buntpapierfabrik Ludwig Bähr GmbH & Co. KG","Label":"Manufacturer","Locale":"es_ES"}},"Title":{"DisplayValue":"Ursus ovillos g / 29 m, 100% algodón, 10 Colores, para Tejer y Hacer Ganchillo y pequeños proyectos de Manualidades, Pastel, Talla única, 290","Label":"Title","Locale":"es_ES"}},"Offers":{"Summaries":[{"Condition":{"Value":"New"},"LowestPrice":{"Amount":9.99,"Currency":"EUR","DisplayAmount":"9,99 € (0,03 € / metro)","PricePerUnit":0.03}}]}},{"ASIN":"B0B1V9Q7H2","DetailPageURL":"https://www.amazon.es/dp/B0B1V9Q7H2?tag=topinalambricos-21&linkCode=osi&th=1&psc=1","Images":{"Primary":{"Small":{"Height":75,"URL":"https://m.media-amazon.com/images/I/41G1Q8ZzCLL._SL75_.jpg","Width":75}}},"ItemInfo":{"ByLineInfo":{"Brand":{"DisplayValue":"Lidia Crochet Tricot","Label":"Brand","Locale":"es_ES"},"Manufacturer":{"DisplayValue":"Lidia Crochet Tricot","Label":"Manufacturer","Locale":"es_ES"}},"Title":{"DisplayValue":"Classic- hilo de lana, lana acrílico, hilo de tejer, hilo de ganchillo (100 gr/ovillo ; 16 colores) (empresa española/envío desde España) (09)","Label":"Title","Locale":"es_ES"}},"Offers":{"Summaries":[{"Condition":{"Value":"New"},"LowestPrice":{"Amount":5.8,"Currency":"EUR","DisplayAmount":"5,80 €"}}]}}],"SearchURL":"https://www.amazon.es/s?k=ganchillo+lana&rh=n%3A4358113031%2Cp_n_availability%3A-1&tag=topinalambricos-21&linkCode=osi","TotalResultCount":1000}},"4":{"SearchResult":{"Items":[{"ASIN":"B0BJ1G7TS1","DetailPageURL":"https://www.amazon.es/dp/B0BJ1G7TS1?tag=topinalambricos-21&linkCode=osi&th=1&psc=1","Images":{"Primary":{"Small":{"Height":75,"URL":"https://m.media-amazon.com/images/I/61VhIYwJJAL._SL75_.jpg","Width":75}}},"ItemInfo":{"ByLineInfo":{"Brand":{"DisplayValue":"MOOING","Label":"Brand","Locale":"es_ES"}},"Title":{"DisplayValue":"MOOING Hilo para Tejer a Crochet, 24 colores, Ovillos de Lana Acrílica con 2 Ganchos de Ganchillo, para DIY y Tejido a Mano","Label":"Title","Locale":"es_ES"}},"Offers":{"Summaries":[{"Condition":{"Value":"New"},"LowestPrice":{"Amount":15.99,"Currency":"EUR","DisplayAmount":"15,99 €"}}]}},{"ASIN":"B0C9TV88MK","DetailPageURL":"https://www.amazon.es/dp/B0C9TV88MK?tag=topinalambricos-21&linkCode=osi&th=1&psc=1","Images":{"Primary":{"Small":{"Height":75,"URL":"https://m.media-amazon.com/images/I/612YK7y3LYL._SL75_.jpg","Width":75}}},"ItemInfo":{"ByLineInfo":{"Brand":{"DisplayValue":"LPAOIS","Label":"Brand","Locale":"es_ES"}},"Title":{"DisplayValue":"LPAOIS Hilo para Tejer a Crochet, 24 colores, con 2 Ganchos de Ganchillo, Ovillos Acrílicos de Lana para DIY y Tejido a Mano","Label":"Title","Locale":"es_ES"}},"Offers":{"Summaries":[{"Condition":{"Value":"New"},"LowestPrice":{"Amount":17.99,"Currency":"EUR","DisplayAmount":"17,99 €"}}]}},{"ASIN":"B087BQK8WV","DetailPageURL":"https://www.amazon.es/dp/B087BQK8WV?tag=topinalambricos-21&linkCode=osi&th=1&psc=1","Images":{"Primary":{"Small":{"Height":69,"URL":"https://m.media-amazon.com/images/I/51C0dGM3t8L._SL75_.jpg","Width":75}}},"ItemInfo":{"ByLineInfo":{"Brand":{"DisplayValue":"ilauke","Label":"Brand","Locale":"es_ES"},"Manufacturer":{"DisplayValue":"ilauke","Label":"Manufacturer","Locale":"es_ES"}},"Title":{"DisplayValue":"Hilo para Tejer a Crochet, ilauke 20 * 30g Ovillo de Lana con 2 Ganchos de Ganchillo, 2 Agujas, 8 Marcadores y Bolsos Verdes, Lana Acrílico Multicolor","Label":"Title","Locale":"es_ES"}},"Offers":{"Summaries":[{"Condition":{"Value":"New"},"LowestPrice":{"Amount":20.97,"Currency":"EUR","DisplayAmount":"20,97 € (34,95 € / kg)","PricePerUnit":34.95}}]}},{"ASIN":"B09SPWG4ZR","DetailPageURL":"https://www.amazon.es/dp/B09SPWG4ZR?tag=topinalambricos-21&linkCode=osi&th=1&psc=1","Images":{"Primary":{"Small":{"Height":75,"URL":"https://m.media-amazon.com/images/I/51QuOmbvIwL._SL75_.jpg","Width":61}}},"ItemInfo":{"ByLineInfo":{"Brand":{"DisplayValue":"Wollbiene","Label":"Brand","Locale":"es_ES"},"Manufacturer":{"DisplayValue":"Wollbiene","Label":"Manufacturer","Locale":"es_ES"}},"Title":{"DisplayValue":"5 ovillos de lana de abeja batik de 100 g, 500 g, con degradado, multicolor, lana de ganchillo (5040 arcoíris)","Label":"Title","Locale":"es_ES"}},"Offers":{"Summaries":[{"Condition":{"Value":"New"},"LowestPrice":{"Amount":22.36,"Currency":"EUR","DisplayAmount":"22,36 € (44,72 € / kg)","PricePerUnit":44.72}}]}},{"ASIN":"B0CL6FP8H3","DetailPageURL":"https://www.amazon.es/dp/B0CL6FP8H3?tag=topinalambricos-21&linkCode=osi&th=1&psc=1","Images":{"Primary":{"Small":{"Height":75,"URL":"https://m.media-amazon.com/images/I/51i1j79Jx3L._SL75_.jpg","Width":75}}},"ItemInfo":{"ByLineInfo":{"Brand":{"DisplayValue":"TYXHXTF","Label":"Brand","Locale":"es_ES"},"Manufacturer":{"DisplayValue":"TYXHXTF","Label":"Manufacturer","Locale":"es_ES"}},"Title":{"DisplayValue":"TYXHXTF 24 PCS Lanas para Crochet, Ovillos de Lana de Hilo Acrílico, Hilo para Tejer a Crochet, Hilo de Tejer Acrílico, Lana para Tejer para Tejer DIY y Tejido a Mano","Label":"Title","Locale":"es_ES"}},"Offers":{"Summaries":[{"Condition":{"Value":"New"},"LowestPrice":{"Amount":11.99,"Currency":"EUR","DisplayAmount":"11,99 €"}}]}},{"ASIN":"B0BML4JYYH","DetailPageURL":"https://www.amazon.es/dp/B0BML4JYYH?tag=topinalambricos-21&linkCode=osi&th=1&psc=1","Images":{"Primary":{"Small":{"Height":70,"URL":"https://m.media-amazon.com/images/I/51HAZmAo5bL._SL75_.jpg","Width":75}}},"ItemInfo":{"ByLineInfo":{"Brand":{"DisplayValue":"ilauke","Label":"Brand","Locale":"es_ES"},"Manufacturer":{"DisplayValue":"ilauke","Label":"Manufacturer","Locale":"es_ES"}},"Title":{"DisplayValue":"Kit de Ganchillos Multicolor,12 Multicolor 25g Ovillos Lanas Super Suave Algodón Leche Hilos Lana con 2 Piezas de Ganchillo,100% Acrílico para Ganchillo y Manualidades para Principiantes y Niños","Label":"Title","Locale":"es_ES"}},"Offers":{"Summaries":[{"Condition":{"Value":"New"},"LowestPrice":{"Amount":15.99,"Currency":"EUR","DisplayAmount":"15,99 €"}}]}},{"ASIN":"B0CFDMCN6X","DetailPageURL":"https://www.amazon.es/dp/B0CFDMCN6X?tag=topinalambricos-21&linkCode=osi&th=1&psc=1","Images":{"Primary":{"Small":{"Height":75,"URL":"https://m.media-amazon.com/images/I/51LNQzvSNpL._SL75_.jpg","Width":75}}},"ItemInfo":{"ByLineInfo":{"Brand":{"DisplayValue":"ZHHGOO","Label":"Brand","Locale":"es_ES"},"Manufacturer":{"DisplayValue":"ZHHGOO","Label":"Manufacturer","Locale":"es_ES"}},"Title":{"DisplayValue":"ZHHGOO Hilo para Tejer a Crochet,24 Colores,Ovillos de Lana Acrílica con 2 Ganchos de Ganchillo y Bolsa Organizadora,Lana para Tejer para DIY y Tejido a Mano","Label":"Title","Locale":"es_ES"}},"Offers":{"Summaries":[{"Condition":{"Value":"New"},"LowestPrice":{"Amount":15.99,"Currency":"EUR","DisplayAmount":"15,99 €"}}]}},{"ASIN":"B0CF57YCM6","DetailPageURL":"https://www.amazon.es/dp/B0CF57YCM6?tag=topinalambricos-21&linkCode=osi&th=1&psc=1","Images":{"Primary":{"Small":{"Height":75,"URL":"https://m.media-amazon.com/images/I/516VA1-qBhL._SL75_.jpg","Width":75}}},"ItemInfo":{"ByLineInfo":{"Brand":{"DisplayValue":"VORHOT","Label":"Brand","Locale":"es_ES"},"Manufacturer":{"DisplayValue":"VORHOT","Label":"Manufacturer","Locale":"es_ES"}},"Title":{"DisplayValue":"VORHOT Hilo para Tejer a Crochet, 300g Hilo Crochet, Lanas para Crochet Suave, Ovillos de Algodon para Crochet (Tamaño de la Aguja: 3,0-4,0 mm), Color Rosa","Label":"Title","Locale":"es_ES"}},"Offers":{"Summaries":[{"Condition":{"Value":"New"},"LowestPrice":{"Amount":7.98,"Currency":"EUR","DisplayAmount":"7,98 €"}}]}},{"ASIN":"B085J6TZT3","DetailPageURL":"https://www.amazon.es/dp/B085J6TZT3?tag=topinalambricos-21&linkCode=osi&th=1&psc=1","Images":{"Primary":{"Small":{"Height":75,"URL":"https://m.media-amazon.com/images/I/51vVJ0moHAL._SL75_.jpg","Width":75}}},"ItemInfo":{"ByLineInfo":{"Brand":{"DisplayValue":"Ursus","Label":"Brand","Locale":"es_ES"},"Manufacturer":{"DisplayValue":"Buntpapierfabrik Ludwig Bähr GmbH & Co. KG","Label":"Manufacturer","Locale":"es_ES"}},"Title":{"DisplayValue":"Ursus ovillos g / 29 m, 100% algodón, 10 Colores, para Tejer y Hacer Ganchillo y pequeños proyectos de Manualidades, Pastel, Talla única, 290","Label":"Title","Locale":"es_ES"}},"Offers":{"Summaries":[{"Condition":{"Value":"New"},"LowestPrice":{"Amount":9.99,"Currency":"EUR","DisplayAmount":"9,99 € (0,03 € / metro)","PricePerUnit":0.03}}]}},{"ASIN":"B0B1V9Q7H2","DetailPageURL":"https://www.amazon.es/dp/B0B1V9Q7H2?tag=topinalambricos-21&linkCode=osi&th=1&psc=1","Images":{"Primary":{"Small":{"Height":75,"URL":"https://m.media-amazon.com/images/I/41G1Q8ZzCLL._SL75_.jpg","Width":75}}},"ItemInfo":{"ByLineInfo":{"Brand":{"DisplayValue":"Lidia Crochet Tricot","Label":"Brand","Locale":"es_ES"},"Manufacturer":{"DisplayValue":"Lidia Crochet Tricot","Label":"Manufacturer","Locale":"es_ES"}},"Title":{"DisplayValue":"Classic- hilo de lana, lana acrílico, hilo de tejer, hilo de ganchillo (100 gr/ovillo ; 16 colores) (empresa española/envío desde España) (09)","Label":"Title","Locale":"es_ES"}},"Offers":{"Summaries":[{"Condition":{"Value":"New"},"LowestPrice":{"Amount":5.8,"Currency":"EUR","DisplayAmount":"5,80 €"}}]}}],"SearchURL":"https://www.amazon.es/s?k=ganchillo+lana&rh=n%3A4358113031%2Cp_n_availability%3A-1&tag=topinalambricos-21&linkCode=osi","TotalResultCount":1000}},"5":{"SearchResult":{"Items":[{"ASIN":"B0BJ1G7TS1","DetailPageURL":"https://www.amazon.es/dp/B0BJ1G7TS1?tag=topinalambricos-21&linkCode=osi&th=1&psc=1","Images":{"Primary":{"Small":{"Height":75,"URL":"https://m.media-amazon.com/images/I/61VhIYwJJAL._SL75_.jpg","Width":75}}},"ItemInfo":{"ByLineInfo":{"Brand":{"DisplayValue":"MOOING","Label":"Brand","Locale":"es_ES"}},"Title":{"DisplayValue":"MOOING Hilo para Tejer a Crochet, 24 colores, Ovillos de Lana Acrílica con 2 Ganchos de Ganchillo, para DIY y Tejido a Mano","Label":"Title","Locale":"es_ES"}},"Offers":{"Summaries":[{"Condition":{"Value":"New"},"LowestPrice":{"Amount":15.99,"Currency":"EUR","DisplayAmount":"15,99 €"}}]}},{"ASIN":"B0C9TV88MK","DetailPageURL":"https://www.amazon.es/dp/B0C9TV88MK?tag=topinalambricos-21&linkCode=osi&th=1&psc=1","Images":{"Primary":{"Small":{"Height":75,"URL":"https://m.media-amazon.com/images/I/612YK7y3LYL._SL75_.jpg","Width":75}}},"ItemInfo":{"ByLineInfo":{"Brand":{"DisplayValue":"LPAOIS","Label":"Brand","Locale":"es_ES"}},"Title":{"DisplayValue":"LPAOIS Hilo para Tejer a Crochet, 24 colores, con 2 Ganchos de Ganchillo, Ovillos Acrílicos de Lana para DIY y Tejido a Mano","Label":"Title","Locale":"es_ES"}},"Offers":{"Summaries":[{"Condition":{"Value":"New"},"LowestPrice":{"Amount":17.99,"Currency":"EUR","DisplayAmount":"17,99 €"}}]}},{"ASIN":"B087BQK8WV","DetailPageURL":"https://www.amazon.es/dp/B087BQK8WV?tag=topinalambricos-21&linkCode=osi&th=1&psc=1","Images":{"Primary":{"Small":{"Height":69,"URL":"https://m.media-amazon.com/images/I/51C0dGM3t8L._SL75_.jpg","Width":75}}},"ItemInfo":{"ByLineInfo":{"Brand":{"DisplayValue":"ilauke","Label":"Brand","Locale":"es_ES"},"Manufacturer":{"DisplayValue":"ilauke","Label":"Manufacturer","Locale":"es_ES"}},"Title":{"DisplayValue":"Hilo para Tejer a Crochet, ilauke 20 * 30g Ovillo de Lana con 2 Ganchos de Ganchillo, 2 Agujas, 8 Marcadores y Bolsos Verdes, Lana Acrílico Multicolor","Label":"Title","Locale":"es_ES"}},"Offers":{"Summaries":[{"Condition":{"Value":"New"},"LowestPrice":{"Amount":20.97,"Currency":"EUR","DisplayAmount":"20,97 € (34,95 € / kg)","PricePerUnit":34.95}}]}},{"ASIN":"B09SPWG4ZR","DetailPageURL":"https://www.amazon.es/dp/B09SPWG4ZR?tag=topinalambricos-21&linkCode=osi&th=1&psc=1","Images":{"Primary":{"Small":{"Height":75,"URL":"https://m.media-amazon.com/images/I/51QuOmbvIwL._SL75_.jpg","Width":61}}},"ItemInfo":{"ByLineInfo":{"Brand":{"DisplayValue":"Wollbiene","Label":"Brand","Locale":"es_ES"},"Manufacturer":{"DisplayValue":"Wollbiene","Label":"Manufacturer","Locale":"es_ES"}},"Title":{"DisplayValue":"5 ovillos de lana de abeja batik de 100 g, 500 g, con degradado, multicolor, lana de ganchillo (5040 arcoíris)","Label":"Title","Locale":"es_ES"}},"Offers":{"Summaries":[{"Condition":{"Value":"New"},"LowestPrice":{"Amount":22.36,"Currency":"EUR","DisplayAmount":"22,36 € (44,72 € / kg)","PricePerUnit":44.72}}]}},{"ASIN":"B0CL6FP8H3","DetailPageURL":"https://www.amazon.es/dp/B0CL6FP8H3?tag=topinalambricos-21&linkCode=osi&th=1&psc=1","Images":{"Primary":{"Small":{"Height":75,"URL":"https://m.media-amazon.com/images/I/51i1j79Jx3L._SL75_.jpg","Width":75}}},"ItemInfo":{"ByLineInfo":{"Brand":{"DisplayValue":"TYXHXTF","Label":"Brand","Locale":"es_ES"},"Manufacturer":{"DisplayValue":"TYXHXTF","Label":"Manufacturer","Locale":"es_ES"}},"Title":{"DisplayValue":"TYXHXTF 24 PCS Lanas para Crochet, Ovillos de Lana de Hilo Acrílico, Hilo para Tejer a Crochet, Hilo de Tejer Acrílico, Lana para Tejer para Tejer DIY y Tejido a Mano","Label":"Title","Locale":"es_ES"}},"Offers":{"Summaries":[{"Condition":{"Value":"New"},"LowestPrice":{"Amount":11.99,"Currency":"EUR","DisplayAmount":"11,99 €"}}]}},{"ASIN":"B0BML4JYYH","DetailPageURL":"https://www.amazon.es/dp/B0BML4JYYH?tag=topinalambricos-21&linkCode=osi&th=1&psc=1","Images":{"Primary":{"Small":{"Height":70,"URL":"https://m.media-amazon.com/images/I/51HAZmAo5bL._SL75_.jpg","Width":75}}},"ItemInfo":{"ByLineInfo":{"Brand":{"DisplayValue":"ilauke","Label":"Brand","Locale":"es_ES"},"Manufacturer":{"DisplayValue":"ilauke","Label":"Manufacturer","Locale":"es_ES"}},"Title":{"DisplayValue":"Kit de Ganchillos Multicolor,12 Multicolor 25g Ovillos Lanas Super Suave Algodón Leche Hilos Lana con 2 Piezas de Ganchillo,100% Acrílico para Ganchillo y Manualidades para Principiantes y Niños","Label":"Title","Locale":"es_ES"}},"Offers":{"Summaries":[{"Condition":{"Value":"New"},"LowestPrice":{"Amount":15.99,"Currency":"EUR","DisplayAmount":"15,99 €"}}]}},{"ASIN":"B0CFDMCN6X","DetailPageURL":"https://www.amazon.es/dp/B0CFDMCN6X?tag=topinalambricos-21&linkCode=osi&th=1&psc=1","Images":{"Primary":{"Small":{"Height":75,"URL":"https://m.media-amazon.com/images/I/51LNQzvSNpL._SL75_.jpg","Width":75}}},"ItemInfo":{"ByLineInfo":{"Brand":{"DisplayValue":"ZHHGOO","Label":"Brand","Locale":"es_ES"},"Manufacturer":{"DisplayValue":"ZHHGOO","Label":"Manufacturer","Locale":"es_ES"}},"Title":{"DisplayValue":"ZHHGOO Hilo para Tejer a Crochet,24 Colores,Ovillos de Lana Acrílica con 2 Ganchos de Ganchillo y Bolsa Organizadora,Lana para Tejer para DIY y Tejido a Mano","Label":"Title","Locale":"es_ES"}},"Offers":{"Summaries":[{"Condition":{"Value":"New"},"LowestPrice":{"Amount":15.99,"Currency":"EUR","DisplayAmount":"15,99 €"}}]}},{"ASIN":"B0CF57YCM6","DetailPageURL":"https://www.amazon.es/dp/B0CF57YCM6?tag=topinalambricos-21&linkCode=osi&th=1&psc=1","Images":{"Primary":{"Small":{"Height":75,"URL":"https://m.media-amazon.com/images/I/516VA1-qBhL._SL75_.jpg","Width":75}}},"ItemInfo":{"ByLineInfo":{"Brand":{"DisplayValue":"VORHOT","Label":"Brand","Locale":"es_ES"},"Manufacturer":{"DisplayValue":"VORHOT","Label":"Manufacturer","Locale":"es_ES"}},"Title":{"DisplayValue":"VORHOT Hilo para Tejer a Crochet, 300g Hilo Crochet, Lanas para Crochet Suave, Ovillos de Algodon para Crochet (Tamaño de la Aguja: 3,0-4,0 mm), Color Rosa","Label":"Title","Locale":"es_ES"}},"Offers":{"Summaries":[{"Condition":{"Value":"New"},"LowestPrice":{"Amount":7.98,"Currency":"EUR","DisplayAmount":"7,98 €"}}]}},{"ASIN":"B085J6TZT3","DetailPageURL":"https://www.amazon.es/dp/B085J6TZT3?tag=topinalambricos-21&linkCode=osi&th=1&psc=1","Images":{"Primary":{"Small":{"Height":75,"URL":"https://m.media-amazon.com/images/I/51vVJ0moHAL._SL75_.jpg","Width":75}}},"ItemInfo":{"ByLineInfo":{"Brand":{"DisplayValue":"Ursus","Label":"Brand","Locale":"es_ES"},"Manufacturer":{"DisplayValue":"Buntpapierfabrik Ludwig Bähr GmbH & Co. KG","Label":"Manufacturer","Locale":"es_ES"}},"Title":{"DisplayValue":"Ursus ovillos g / 29 m, 100% algodón, 10 Colores, para Tejer y Hacer Ganchillo y pequeños proyectos de Manualidades, Pastel, Talla única, 290","Label":"Title","Locale":"es_ES"}},"Offers":{"Summaries":[{"Condition":{"Value":"New"},"LowestPrice":{"Amount":9.99,"Currency":"EUR","DisplayAmount":"9,99 € (0,03 € / metro)","PricePerUnit":0.03}}]}},{"ASIN":"B0B1V9Q7H2","DetailPageURL":"https://www.amazon.es/dp/B0B1V9Q7H2?tag=topinalambricos-21&linkCode=osi&th=1&psc=1","Images":{"Primary":{"Small":{"Height":75,"URL":"https://m.media-amazon.com/images/I/41G1Q8ZzCLL._SL75_.jpg","Width":75}}},"ItemInfo":{"ByLineInfo":{"Brand":{"DisplayValue":"Lidia Crochet Tricot","Label":"Brand","Locale":"es_ES"},"Manufacturer":{"DisplayValue":"Lidia Crochet Tricot","Label":"Manufacturer","Locale":"es_ES"}},"Title":{"DisplayValue":"Classic- hilo de lana, lana acrílico, hilo de tejer, hilo de ganchillo (100 gr/ovillo ; 16 colores) (empresa española/envío desde España) (09)","Label":"Title","Locale":"es_ES"}},"Offers":{"Summaries":[{"Condition":{"Value":"New"},"LowestPrice":{"Amount":5.8,"Currency":"EUR","DisplayAmount":"5,80 €"}}]}}],"SearchURL":"https://www.amazon.es/s?k=ganchillo+lana&rh=n%3A4358113031%2Cp_n_availability%3A-1&tag=topinalambricos-21&linkCode=osi","TotalResultCount":1000}},"6":{"SearchResult":{"Items":[{"ASIN":"B0BJ1G7TS1","DetailPageURL":"https://www.amazon.es/dp/B0BJ1G7TS1?tag=topinalambricos-21&linkCode=osi&th=1&psc=1","Images":{"Primary":{"Small":{"Height":75,"URL":"https://m.media-amazon.com/images/I/61VhIYwJJAL._SL75_.jpg","Width":75}}},"ItemInfo":{"ByLineInfo":{"Brand":{"DisplayValue":"MOOING","Label":"Brand","Locale":"es_ES"}},"Title":{"DisplayValue":"MOOING Hilo para Tejer a Crochet, 24 colores, Ovillos de Lana Acrílica con 2 Ganchos de Ganchillo, para DIY y Tejido a Mano","Label":"Title","Locale":"es_ES"}},"Offers":{"Summaries":[{"Condition":{"Value":"New"},"LowestPrice":{"Amount":15.99,"Currency":"EUR","DisplayAmount":"15,99 €"}}]}},{"ASIN":"B0C9TV88MK","DetailPageURL":"https://www.amazon.es/dp/B0C9TV88MK?tag=topinalambricos-21&linkCode=osi&th=1&psc=1","Images":{"Primary":{"Small":{"Height":75,"URL":"https://m.media-amazon.com/images/I/612YK7y3LYL._SL75_.jpg","Width":75}}},"ItemInfo":{"ByLineInfo":{"Brand":{"DisplayValue":"LPAOIS","Label":"Brand","Locale":"es_ES"}},"Title":{"DisplayValue":"LPAOIS Hilo para Tejer a Crochet, 24 colores, con 2 Ganchos de Ganchillo, Ovillos Acrílicos de Lana para DIY y Tejido a Mano","Label":"Title","Locale":"es_ES"}},"Offers":{"Summaries":[{"Condition":{"Value":"New"},"LowestPrice":{"Amount":17.99,"Currency":"EUR","DisplayAmount":"17,99 €"}}]}},{"ASIN":"B087BQK8WV","DetailPageURL":"https://www.amazon.es/dp/B087BQK8WV?tag=topinalambricos-21&linkCode=osi&th=1&psc=1","Images":{"Primary":{"Small":{"Height":69,"URL":"https://m.media-amazon.com/images/I/51C0dGM3t8L._SL75_.jpg","Width":75}}},"ItemInfo":{"ByLineInfo":{"Brand":{"DisplayValue":"ilauke","Label":"Brand","Locale":"es_ES"},"Manufacturer":{"DisplayValue":"ilauke","Label":"Manufacturer","Locale":"es_ES"}},"Title":{"DisplayValue":"Hilo para Tejer a Crochet, ilauke 20 * 30g Ovillo de Lana con 2 Ganchos de Ganchillo, 2 Agujas, 8 Marcadores y Bolsos Verdes, Lana Acrílico Multicolor","Label":"Title","Locale":"es_ES"}},"Offers":{"Summaries":[{"Condition":{"Value":"New"},"LowestPrice":{"Amount":20.97,"Currency":"EUR","DisplayAmount":"20,97 € (34,95 € / kg)","PricePerUnit":34.95}}]}},{"ASIN":"B09SPWG4ZR","DetailPageURL":"https://www.amazon.es/dp/B09SPWG4ZR?tag=topinalambricos-21&linkCode=osi&th=1&psc=1","Images":{"Primary":{"Small":{"Height":75,"URL":"https://m.media-amazon.com/images/I/51QuOmbvIwL._SL75_.jpg","Width":61}}},"ItemInfo":{"ByLineInfo":{"Brand":{"DisplayValue":"Wollbiene","Label":"Brand","Locale":"es_ES"},"Manufacturer":{"DisplayValue":"Wollbiene","Label":"Manufacturer","Locale":"es_ES"}},"Title":{"DisplayValue":"5 ovillos de lana de abeja batik de 100 g, 500 g, con degradado, multicolor, lana de ganchillo (5040 arcoíris)","Label":"Title","Locale":"es_ES"}},"Offers":{"Summaries":[{"Condition":{"Value":"New"},"LowestPrice":{"Amount":22.36,"Currency":"EUR","DisplayAmount":"22,36 € (44,72 € / kg)","PricePerUnit":44.72}}]}},{"ASIN":"B0CL6FP8H3","DetailPageURL":"https://www.amazon.es/dp/B0CL6FP8H3?tag=topinalambricos-21&linkCode=osi&th=1&psc=1","Images":{"Primary":{"Small":{"Height":75,"URL":"https://m.media-amazon.com/images/I/51i1j79Jx3L._SL75_.jpg","Width":75}}},"ItemInfo":{"ByLineInfo":{"Brand":{"DisplayValue":"TYXHXTF","Label":"Brand","Locale":"es_ES"},"Manufacturer":{"DisplayValue":"TYXHXTF","Label":"Manufacturer","Locale":"es_ES"}},"Title":{"DisplayValue":"TYXHXTF 24 PCS Lanas para Crochet, Ovillos de Lana de Hilo Acrílico, Hilo para Tejer a Crochet, Hilo de Tejer Acrílico, Lana para Tejer para Tejer DIY y Tejido a Mano","Label":"Title","Locale":"es_ES"}},"Offers":{"Summaries":[{"Condition":{"Value":"New"},"LowestPrice":{"Amount":11.99,"Currency":"EUR","DisplayAmount":"11,99 €"}}]}},{"ASIN":"B0BML4JYYH","DetailPageURL":"https://www.amazon.es/dp/B0BML4JYYH?tag=topinalambricos-21&linkCode=osi&th=1&psc=1","Images":{"Primary":{"Small":{"Height":70,"URL":"https://m.media-amazon.com/images/I/51HAZmAo5bL._SL75_.jpg","Width":75}}},"ItemInfo":{"ByLineInfo":{"Brand":{"DisplayValue":"ilauke","Label":"Brand","Locale":"es_ES"},"Manufacturer":{"DisplayValue":"ilauke","Label":"Manufacturer","Locale":"es_ES"}},"Title":{"DisplayValue":"Kit de Ganchillos Multicolor,12 Multicolor 25g Ovillos Lanas Super Suave Algodón Leche Hilos Lana con 2 Piezas de Ganchillo,100% Acrílico para Ganchillo y Manualidades para Principiantes y Niños","Label":"Title","Locale":"es_ES"}},"Offers":{"Summaries":[{"Condition":{"Value":"New"},"LowestPrice":{"Amount":15.99,"Currency":"EUR","DisplayAmount":"15,99 €"}}]}},{"ASIN":"B0CFDMCN6X","DetailPageURL":"https://www.amazon.es/dp/B0CFDMCN6X?tag=topinalambricos-21&linkCode=osi&th=1&psc=1","Images":{"Primary":{"Small":{"Height":75,"URL":"https://m.media-amazon.com/images/I/51LNQzvSNpL._SL75_.jpg","Width":75}}},"ItemInfo":{"ByLineInfo":{"Brand":{"DisplayValue":"ZHHGOO","Label":"Brand","Locale":"es_ES"},"Manufacturer":{"DisplayValue":"ZHHGOO","Label":"Manufacturer","Locale":"es_ES"}},"Title":{"DisplayValue":"ZHHGOO Hilo para Tejer a Crochet,24 Colores,Ovillos de Lana Acrílica con 2 Ganchos de Ganchillo y Bolsa Organizadora,Lana para Tejer para DIY y Tejido a Mano","Label":"Title","Locale":"es_ES"}},"Offers":{"Summaries":[{"Condition":{"Value":"New"},"LowestPrice":{"Amount":15.99,"Currency":"EUR","DisplayAmount":"15,99 €"}}]}},{"ASIN":"B0CF57YCM6","DetailPageURL":"https://www.amazon.es/dp/B0CF57YCM6?tag=topinalambricos-21&linkCode=osi&th=1&psc=1","Images":{"Primary":{"Small":{"Height":75,"URL":"https://m.media-amazon.com/images/I/516VA1-qBhL._SL75_.jpg","Width":75}}},"ItemInfo":{"ByLineInfo":{"Brand":{"DisplayValue":"VORHOT","Label":"Brand","Locale":"es_ES"},"Manufacturer":{"DisplayValue":"VORHOT","Label":"Manufacturer","Locale":"es_ES"}},"Title":{"DisplayValue":"VORHOT Hilo para Tejer a Crochet, 300g Hilo Crochet, Lanas para Crochet Suave, Ovillos de Algodon para Crochet (Tamaño de la Aguja: 3,0-4,0 mm), Color Rosa","Label":"Title","Locale":"es_ES"}},"Offers":{"Summaries":[{"Condition":{"Value":"New"},"LowestPrice":{"Amount":7.98,"Currency":"EUR","DisplayAmount":"7,98 €"}}]}},{"ASIN":"B085J6TZT3","DetailPageURL":"https://www.amazon.es/dp/B085J6TZT3?tag=topinalambricos-21&linkCode=osi&th=1&psc=1","Images":{"Primary":{"Small":{"Height":75,"URL":"https://m.media-amazon.com/images/I/51vVJ0moHAL._SL75_.jpg","Width":75}}},"ItemInfo":{"ByLineInfo":{"Brand":{"DisplayValue":"Ursus","Label":"Brand","Locale":"es_ES"},"Manufacturer":{"DisplayValue":"Buntpapierfabrik Ludwig Bähr GmbH & Co. KG","Label":"Manufacturer","Locale":"es_ES"}},"Title":{"DisplayValue":"Ursus ovillos g / 29 m, 100% algodón, 10 Colores, para Tejer y Hacer Ganchillo y pequeños proyectos de Manualidades, Pastel, Talla única, 290","Label":"Title","Locale":"es_ES"}},"Offers":{"Summaries":[{"Condition":{"Value":"New"},"LowestPrice":{"Amount":9.99,"Currency":"EUR","DisplayAmount":"9,99 € (0,03 € / metro)","PricePerUnit":0.03}}]}},{"ASIN":"B0B1V9Q7H2","DetailPageURL":"https://www.amazon.es/dp/B0B1V9Q7H2?tag=topinalambricos-21&linkCode=osi&th=1&psc=1","Images":{"Primary":{"Small":{"Height":75,"URL":"https://m.media-amazon.com/images/I/41G1Q8ZzCLL._SL75_.jpg","Width":75}}},"ItemInfo":{"ByLineInfo":{"Brand":{"DisplayValue":"Lidia Crochet Tricot","Label":"Brand","Locale":"es_ES"},"Manufacturer":{"DisplayValue":"Lidia Crochet Tricot","Label":"Manufacturer","Locale":"es_ES"}},"Title":{"DisplayValue":"Classic- hilo de lana, lana acrílico, hilo de tejer, hilo de ganchillo (100 gr/ovillo ; 16 colores) (empresa española/envío desde España) (09)","Label":"Title","Locale":"es_ES"}},"Offers":{"Summaries":[{"Condition":{"Value":"New"},"LowestPrice":{"Amount":5.8,"Currency":"EUR","DisplayAmount":"5,80 €"}}]}}],"SearchURL":"https://www.amazon.es/s?k=ganchillo+lana&rh=n%3A4358113031%2Cp_n_availability%3A-1&tag=topinalambricos-21&linkCode=osi","TotalResultCount":1000}},"7":{"SearchResult":{"Items":[{"ASIN":"B0BJ1G7TS1","DetailPageURL":"https://www.amazon.es/dp/B0BJ1G7TS1?tag=topinalambricos-21&linkCode=osi&th=1&psc=1","Images":{"Primary":{"Small":{"Height":75,"URL":"https://m.media-amazon.com/images/I/61VhIYwJJAL._SL75_.jpg","Width":75}}},"ItemInfo":{"ByLineInfo":{"Brand":{"DisplayValue":"MOOING","Label":"Brand","Locale":"es_ES"}},"Title":{"DisplayValue":"MOOING Hilo para Tejer a Crochet, 24 colores, Ovillos de Lana Acrílica con 2 Ganchos de Ganchillo, para DIY y Tejido a Mano","Label":"Title","Locale":"es_ES"}},"Offers":{"Summaries":[{"Condition":{"Value":"New"},"LowestPrice":{"Amount":15.99,"Currency":"EUR","DisplayAmount":"15,99 €"}}]}},{"ASIN":"B0C9TV88MK","DetailPageURL":"https://www.amazon.es/dp/B0C9TV88MK?tag=topinalambricos-21&linkCode=osi&th=1&psc=1","Images":{"Primary":{"Small":{"Height":75,"URL":"https://m.media-amazon.com/images/I/612YK7y3LYL._SL75_.jpg","Width":75}}},"ItemInfo":{"ByLineInfo":{"Brand":{"DisplayValue":"LPAOIS","Label":"Brand","Locale":"es_ES"}},"Title":{"DisplayValue":"LPAOIS Hilo para Tejer a Crochet, 24 colores, con 2 Ganchos de Ganchillo, Ovillos Acrílicos de Lana para DIY y Tejido a Mano","Label":"Title","Locale":"es_ES"}},"Offers":{"Summaries":[{"Condition":{"Value":"New"},"LowestPrice":{"Amount":17.99,"Currency":"EUR","DisplayAmount":"17,99 €"}}]}},{"ASIN":"B087BQK8WV","DetailPageURL":"https://www.amazon.es/dp/B087BQK8WV?tag=topinalambricos-21&linkCode=osi&th=1&psc=1","Images":{"Primary":{"Small":{"Height":69,"URL":"https://m.media-amazon.com/images/I/51C0dGM3t8L._SL75_.jpg","Width":75}}},"ItemInfo":{"ByLineInfo":{"Brand":{"DisplayValue":"ilauke","Label":"Brand","Locale":"es_ES"},"Manufacturer":{"DisplayValue":"ilauke","Label":"Manufacturer","Locale":"es_ES"}},"Title":{"DisplayValue":"Hilo para Tejer a Crochet, ilauke 20 * 30g Ovillo de Lana con 2 Ganchos de Ganchillo, 2 Agujas, 8 Marcadores y Bolsos Verdes, Lana Acrílico Multicolor","Label":"Title","Locale":"es_ES"}},"Offers":{"Summaries":[{"Condition":{"Value":"New"},"LowestPrice":{"Amount":20.97,"Currency":"EUR","DisplayAmount":"20,97 € (34,95 € / kg)","PricePerUnit":34.95}}]}},{"ASIN":"B09SPWG4ZR","DetailPageURL":"https://www.amazon.es/dp/B09SPWG4ZR?tag=topinalambricos-21&linkCode=osi&th=1&psc=1","Images":{"Primary":{"Small":{"Height":75,"URL":"https://m.media-amazon.com/images/I/51QuOmbvIwL._SL75_.jpg","Width":61}}},"ItemInfo":{"ByLineInfo":{"Brand":{"DisplayValue":"Wollbiene","Label":"Brand","Locale":"es_ES"},"Manufacturer":{"DisplayValue":"Wollbiene","Label":"Manufacturer","Locale":"es_ES"}},"Title":{"DisplayValue":"5 ovillos de lana de abeja batik de 100 g, 500 g, con degradado, multicolor, lana de ganchillo (5040 arcoíris)","Label":"Title","Locale":"es_ES"}},"Offers":{"Summaries":[{"Condition":{"Value":"New"},"LowestPrice":{"Amount":22.36,"Currency":"EUR","DisplayAmount":"22,36 € (44,72 € / kg)","PricePerUnit":44.72}}]}},{"ASIN":"B0CL6FP8H3","DetailPageURL":"https://www.amazon.es/dp/B0CL6FP8H3?tag=topinalambricos-21&linkCode=osi&th=1&psc=1","Images":{"Primary":{"Small":{"Height":75,"URL":"https://m.media-amazon.com/images/I/51i1j79Jx3L._SL75_.jpg","Width":75}}},"ItemInfo":{"ByLineInfo":{"Brand":{"DisplayValue":"TYXHXTF","Label":"Brand","Locale":"es_ES"},"Manufacturer":{"DisplayValue":"TYXHXTF","Label":"Manufacturer","Locale":"es_ES"}},"Title":{"DisplayValue":"TYXHXTF 24 PCS Lanas para Crochet, Ovillos de Lana de Hilo Acrílico, Hilo para Tejer a Crochet, Hilo de Tejer Acrílico, Lana para Tejer para Tejer DIY y Tejido a Mano","Label":"Title","Locale":"es_ES"}},"Offers":{"Summaries":[{"Condition":{"Value":"New"},"LowestPrice":{"Amount":11.99,"Currency":"EUR","DisplayAmount":"11,99 €"}}]}},{"ASIN":"B0BML4JYYH","DetailPageURL":"https://www.amazon.es/dp/B0BML4JYYH?tag=topinalambricos-21&linkCode=osi&th=1&psc=1","Images":{"Primary":{"Small":{"Height":70,"URL":"https://m.media-amazon.com/images/I/51HAZmAo5bL._SL75_.jpg","Width":75}}},"ItemInfo":{"ByLineInfo":{"Brand":{"DisplayValue":"ilauke","Label":"Brand","Locale":"es_ES"},"Manufacturer":{"DisplayValue":"ilauke","Label":"Manufacturer","Locale":"es_ES"}},"Title":{"DisplayValue":"Kit de Ganchillos Multicolor,12 Multicolor 25g Ovillos Lanas Super Suave Algodón Leche Hilos Lana con 2 Piezas de Ganchillo,100% Acrílico para Ganchillo y Manualidades para Principiantes y Niños","Label":"Title","Locale":"es_ES"}},"Offers":{"Summaries":[{"Condition":{"Value":"New"},"LowestPrice":{"Amount":15.99,"Currency":"EUR","DisplayAmount":"15,99 €"}}]}},{"ASIN":"B0CFDMCN6X","DetailPageURL":"https://www.amazon.es/dp/B0CFDMCN6X?tag=topinalambricos-21&linkCode=osi&th=1&psc=1","Images":{"Primary":{"Small":{"Height":75,"URL":"https://m.media-amazon.com/images/I/51LNQzvSNpL._SL75_.jpg","Width":75}}},"ItemInfo":{"ByLineInfo":{"Brand":{"DisplayValue":"ZHHGOO","Label":"Brand","Locale":"es_ES"},"Manufacturer":{"DisplayValue":"ZHHGOO","Label":"Manufacturer","Locale":"es_ES"}},"Title":{"DisplayValue":"ZHHGOO Hilo para Tejer a Crochet,24 Colores,Ovillos de Lana Acrílica con 2 Ganchos de Ganchillo y Bolsa Organizadora,Lana para Tejer para DIY y Tejido a Mano","Label":"Title","Locale":"es_ES"}},"Offers":{"Summaries":[{"Condition":{"Value":"New"},"LowestPrice":{"Amount":15.99,"Currency":"EUR","DisplayAmount":"15,99 €"}}]}},{"ASIN":"B0CF57YCM6","DetailPageURL":"https://www.amazon.es/dp/B0CF57YCM6?tag=topinalambricos-21&linkCode=osi&th=1&psc=1","Images":{"Primary":{"Small":{"Height":75,"URL":"https://m.media-amazon.com/images/I/516VA1-qBhL._SL75_.jpg","Width":75}}},"ItemInfo":{"ByLineInfo":{"Brand":{"DisplayValue":"VORHOT","Label":"Brand","Locale":"es_ES"},"Manufacturer":{"DisplayValue":"VORHOT","Label":"Manufacturer","Locale":"es_ES"}},"Title":{"DisplayValue":"VORHOT Hilo para Tejer a Crochet, 300g Hilo Crochet, Lanas para Crochet Suave, Ovillos de Algodon para Crochet (Tamaño de la Aguja: 3,0-4,0 mm), Color Rosa","Label":"Title","Locale":"es_ES"}},"Offers":{"Summaries":[{"Condition":{"Value":"New"},"LowestPrice":{"Amount":7.98,"Currency":"EUR","DisplayAmount":"7,98 €"}}]}},{"ASIN":"B085J6TZT3","DetailPageURL":"https://www.amazon.es/dp/B085J6TZT3?tag=topinalambricos-21&linkCode=osi&th=1&psc=1","Images":{"Primary":{"Small":{"Height":75,"URL":"https://m.media-amazon.com/images/I/51vVJ0moHAL._SL75_.jpg","Width":75}}},"ItemInfo":{"ByLineInfo":{"Brand":{"DisplayValue":"Ursus","Label":"Brand","Locale":"es_ES"},"Manufacturer":{"DisplayValue":"Buntpapierfabrik Ludwig Bähr GmbH & Co. KG","Label":"Manufacturer","Locale":"es_ES"}},"Title":{"DisplayValue":"Ursus ovillos g / 29 m, 100% algodón, 10 Colores, para Tejer y Hacer Ganchillo y pequeños proyectos de Manualidades, Pastel, Talla única, 290","Label":"Title","Locale":"es_ES"}},"Offers":{"Summaries":[{"Condition":{"Value":"New"},"LowestPrice":{"Amount":9.99,"Currency":"EUR","DisplayAmount":"9,99 € (0,03 € / metro)","PricePerUnit":0.03}}]}},{"ASIN":"B0B1V9Q7H2","DetailPageURL":"https://www.amazon.es/dp/B0B1V9Q7H2?tag=topinalambricos-21&linkCode=osi&th=1&psc=1","Images":{"Primary":{"Small":{"Height":75,"URL":"https://m.media-amazon.com/images/I/41G1Q8ZzCLL._SL75_.jpg","Width":75}}},"ItemInfo":{"ByLineInfo":{"Brand":{"DisplayValue":"Lidia Crochet Tricot","Label":"Brand","Locale":"es_ES"},"Manufacturer":{"DisplayValue":"Lidia Crochet Tricot","Label":"Manufacturer","Locale":"es_ES"}},"Title":{"DisplayValue":"Classic- hilo de lana, lana acrílico, hilo de tejer, hilo de ganchillo (100 gr/ovillo ; 16 colores) (empresa española/envío desde España) (09)","Label":"Title","Locale":"es_ES"}},"Offers":{"Summaries":[{"Condition":{"Value":"New"},"LowestPrice":{"Amount":5.8,"Currency":"EUR","DisplayAmount":"5,80 €"}}]}}],"SearchURL":"https://www.amazon.es/s?k=ganchillo+lana&rh=n%3A4358113031%2Cp_n_availability%3A-1&tag=topinalambricos-21&linkCode=osi","TotalResultCount":1000}},"8":{"SearchResult":{"Items":[{"ASIN":"B0BJ1G7TS1","DetailPageURL":"https://www.amazon.es/dp/B0BJ1G7TS1?tag=topinalambricos-21&linkCode=osi&th=1&psc=1","Images":{"Primary":{"Small":{"Height":75,"URL":"https://m.media-amazon.com/images/I/61VhIYwJJAL._SL75_.jpg","Width":75}}},"ItemInfo":{"ByLineInfo":{"Brand":{"DisplayValue":"MOOING","Label":"Brand","Locale":"es_ES"}},"Title":{"DisplayValue":"MOOING Hilo para Tejer a Crochet, 24 colores, Ovillos de Lana Acrílica con 2 Ganchos de Ganchillo, para DIY y Tejido a Mano","Label":"Title","Locale":"es_ES"}},"Offers":{"Summaries":[{"Condition":{"Value":"New"},"LowestPrice":{"Amount":15.99,"Currency":"EUR","DisplayAmount":"15,99 €"}}]}},{"ASIN":"B0C9TV88MK","DetailPageURL":"https://www.amazon.es/dp/B0C9TV88MK?tag=topinalambricos-21&linkCode=osi&th=1&psc=1","Images":{"Primary":{"Small":{"Height":75,"URL":"https://m.media-amazon.com/images/I/612YK7y3LYL._SL75_.jpg","Width":75}}},"ItemInfo":{"ByLineInfo":{"Brand":{"DisplayValue":"LPAOIS","Label":"Brand","Locale":"es_ES"}},"Title":{"DisplayValue":"LPAOIS Hilo para Tejer a Crochet, 24 colores, con 2 Ganchos de Ganchillo, Ovillos Acrílicos de Lana para DIY y Tejido a Mano","Label":"Title","Locale":"es_ES"}},"Offers":{"Summaries":[{"Condition":{"Value":"New"},"LowestPrice":{"Amount":17.99,"Currency":"EUR","DisplayAmount":"17,99 €"}}]}},{"ASIN":"B087BQK8WV","DetailPageURL":"https://www.amazon.es/dp/B087BQK8WV?tag=topinalambricos-21&linkCode=osi&th=1&psc=1","Images":{"Primary":{"Small":{"Height":69,"URL":"https://m.media-amazon.com/images/I/51C0dGM3t8L._SL75_.jpg","Width":75}}},"ItemInfo":{"ByLineInfo":{"Brand":{"DisplayValue":"ilauke","Label":"Brand","Locale":"es_ES"},"Manufacturer":{"DisplayValue":"ilauke","Label":"Manufacturer","Locale":"es_ES"}},"Title":{"DisplayValue":"Hilo para Tejer a Crochet, ilauke 20 * 30g Ovillo de Lana con 2 Ganchos de Ganchillo, 2 Agujas, 8 Marcadores y Bolsos Verdes, Lana Acrílico Multicolor","Label":"Title","Locale":"es_ES"}},"Offers":{"Summaries":[{"Condition":{"Value":"New"},"LowestPrice":{"Amount":20.97,"Currency":"EUR","DisplayAmount":"20,97 € (34,95 € / kg)","PricePerUnit":34.95}}]}},{"ASIN":"B09SPWG4ZR","DetailPageURL":"https://www.amazon.es/dp/B09SPWG4ZR?tag=topinalambricos-21&linkCode=osi&th=1&psc=1","Images":{"Primary":{"Small":{"Height":75,"URL":"https://m.media-amazon.com/images/I/51QuOmbvIwL._SL75_.jpg","Width":61}}},"ItemInfo":{"ByLineInfo":{"Brand":{"DisplayValue":"Wollbiene","Label":"Brand","Locale":"es_ES"},"Manufacturer":{"DisplayValue":"Wollbiene","Label":"Manufacturer","Locale":"es_ES"}},"Title":{"DisplayValue":"5 ovillos de lana de abeja batik de 100 g, 500 g, con degradado, multicolor, lana de ganchillo (5040 arcoíris)","Label":"Title","Locale":"es_ES"}},"Offers":{"Summaries":[{"Condition":{"Value":"New"},"LowestPrice":{"Amount":22.36,"Currency":"EUR","DisplayAmount":"22,36 € (44,72 € / kg)","PricePerUnit":44.72}}]}},{"ASIN":"B0CL6FP8H3","DetailPageURL":"https://www.amazon.es/dp/B0CL6FP8H3?tag=topinalambricos-21&linkCode=osi&th=1&psc=1","Images":{"Primary":{"Small":{"Height":75,"URL":"https://m.media-amazon.com/images/I/51i1j79Jx3L._SL75_.jpg","Width":75}}},"ItemInfo":{"ByLineInfo":{"Brand":{"DisplayValue":"TYXHXTF","Label":"Brand","Locale":"es_ES"},"Manufacturer":{"DisplayValue":"TYXHXTF","Label":"Manufacturer","Locale":"es_ES"}},"Title":{"DisplayValue":"TYXHXTF 24 PCS Lanas para Crochet, Ovillos de Lana de Hilo Acrílico, Hilo para Tejer a Crochet, Hilo de Tejer Acrílico, Lana para Tejer para Tejer DIY y Tejido a Mano","Label":"Title","Locale":"es_ES"}},"Offers":{"Summaries":[{"Condition":{"Value":"New"},"LowestPrice":{"Amount":11.99,"Currency":"EUR","DisplayAmount":"11,99 €"}}]}},{"ASIN":"B0BML4JYYH","DetailPageURL":"https://www.amazon.es/dp/B0BML4JYYH?tag=topinalambricos-21&linkCode=osi&th=1&psc=1","Images":{"Primary":{"Small":{"Height":70,"URL":"https://m.media-amazon.com/images/I/51HAZmAo5bL._SL75_.jpg","Width":75}}},"ItemInfo":{"ByLineInfo":{"Brand":{"DisplayValue":"ilauke","Label":"Brand","Locale":"es_ES"},"Manufacturer":{"DisplayValue":"ilauke","Label":"Manufacturer","Locale":"es_ES"}},"Title":{"DisplayValue":"Kit de Ganchillos Multicolor,12 Multicolor 25g Ovillos Lanas Super Suave Algodón Leche Hilos Lana con 2 Piezas de Ganchillo,100% Acrílico para Ganchillo y Manualidades para Principiantes y Niños","Label":"Title","Locale":"es_ES"}},"Offers":{"Summaries":[{"Condition":{"Value":"New"},"LowestPrice":{"Amount":15.99,"Currency":"EUR","DisplayAmount":"15,99 €"}}]}},{"ASIN":"B0CFDMCN6X","DetailPageURL":"https://www.amazon.es/dp/B0CFDMCN6X?tag=topinalambricos-21&linkCode=osi&th=1&psc=1","Images":{"Primary":{"Small":{"Height":75,"URL":"https://m.media-amazon.com/images/I/51LNQzvSNpL._SL75_.jpg","Width":75}}},"ItemInfo":{"ByLineInfo":{"Brand":{"DisplayValue":"ZHHGOO","Label":"Brand","Locale":"es_ES"},"Manufacturer":{"DisplayValue":"ZHHGOO","Label":"Manufacturer","Locale":"es_ES"}},"Title":{"DisplayValue":"ZHHGOO Hilo para Tejer a Crochet,24 Colores,Ovillos de Lana Acrílica con 2 Ganchos de Ganchillo y Bolsa Organizadora,Lana para Tejer para DIY y Tejido a Mano","Label":"Title","Locale":"es_ES"}},"Offers":{"Summaries":[{"Condition":{"Value":"New"},"LowestPrice":{"Amount":15.99,"Currency":"EUR","DisplayAmount":"15,99 €"}}]}},{"ASIN":"B0CF57YCM6","DetailPageURL":"https://www.amazon.es/dp/B0CF57YCM6?tag=topinalambricos-21&linkCode=osi&th=1&psc=1","Images":{"Primary":{"Small":{"Height":75,"URL":"https://m.media-amazon.com/images/I/516VA1-qBhL._SL75_.jpg","Width":75}}},"ItemInfo":{"ByLineInfo":{"Brand":{"DisplayValue":"VORHOT","Label":"Brand","Locale":"es_ES"},"Manufacturer":{"DisplayValue":"VORHOT","Label":"Manufacturer","Locale":"es_ES"}},"Title":{"DisplayValue":"VORHOT Hilo para Tejer a Crochet, 300g Hilo Crochet, Lanas para Crochet Suave, Ovillos de Algodon para Crochet (Tamaño de la Aguja: 3,0-4,0 mm), Color Rosa","Label":"Title","Locale":"es_ES"}},"Offers":{"Summaries":[{"Condition":{"Value":"New"},"LowestPrice":{"Amount":7.98,"Currency":"EUR","DisplayAmount":"7,98 €"}}]}},{"ASIN":"B085J6TZT3","DetailPageURL":"https://www.amazon.es/dp/B085J6TZT3?tag=topinalambricos-21&linkCode=osi&th=1&psc=1","Images":{"Primary":{"Small":{"Height":75,"URL":"https://m.media-amazon.com/images/I/51vVJ0moHAL._SL75_.jpg","Width":75}}},"ItemInfo":{"ByLineInfo":{"Brand":{"DisplayValue":"Ursus","Label":"Brand","Locale":"es_ES"},"Manufacturer":{"DisplayValue":"Buntpapierfabrik Ludwig Bähr GmbH & Co. KG","Label":"Manufacturer","Locale":"es_ES"}},"Title":{"DisplayValue":"Ursus ovillos g / 29 m, 100% algodón, 10 Colores, para Tejer y Hacer Ganchillo y pequeños proyectos de Manualidades, Pastel, Talla única, 290","Label":"Title","Locale":"es_ES"}},"Offers":{"Summaries":[{"Condition":{"Value":"New"},"LowestPrice":{"Amount":9.99,"Currency":"EUR","DisplayAmount":"9,99 € (0,03 € / metro)","PricePerUnit":0.03}}]}},{"ASIN":"B0B1V9Q7H2","DetailPageURL":"https://www.amazon.es/dp/B0B1V9Q7H2?tag=topinalambricos-21&linkCode=osi&th=1&psc=1","Images":{"Primary":{"Small":{"Height":75,"URL":"https://m.media-amazon.com/images/I/41G1Q8ZzCLL._SL75_.jpg","Width":75}}},"ItemInfo":{"ByLineInfo":{"Brand":{"DisplayValue":"Lidia Crochet Tricot","Label":"Brand","Locale":"es_ES"},"Manufacturer":{"DisplayValue":"Lidia Crochet Tricot","Label":"Manufacturer","Locale":"es_ES"}},"Title":{"DisplayValue":"Classic- hilo de lana, lana acrílico, hilo de tejer, hilo de ganchillo (100 gr/ovillo ; 16 colores) (empresa española/envío desde España) (09)","Label":"Title","Locale":"es_ES"}},"Offers":{"Summaries":[{"Condition":{"Value":"New"},"LowestPrice":{"Amount":5.8,"Currency":"EUR","DisplayAmount":"5,80 €"}}]}}],"SearchURL":"https://www.amazon.es/s?k=ganchillo+lana&rh=n%3A4358113031%2Cp_n_availability%3A-1&tag=topinalambricos-21&linkCode=osi","TotalResultCount":1000}},"9":{"SearchResult":{"Items":[{"ASIN":"B0BJ1G7TS1","DetailPageURL":"https://www.amazon.es/dp/B0BJ1G7TS1?tag=topinalambricos-21&linkCode=osi&th=1&psc=1","Images":{"Primary":{"Small":{"Height":75,"URL":"https://m.media-amazon.com/images/I/61VhIYwJJAL._SL75_.jpg","Width":75}}},"ItemInfo":{"ByLineInfo":{"Brand":{"DisplayValue":"MOOING","Label":"Brand","Locale":"es_ES"}},"Title":{"DisplayValue":"MOOING Hilo para Tejer a Crochet, 24 colores, Ovillos de Lana Acrílica con 2 Ganchos de Ganchillo, para DIY y Tejido a Mano","Label":"Title","Locale":"es_ES"}},"Offers":{"Summaries":[{"Condition":{"Value":"New"},"LowestPrice":{"Amount":15.99,"Currency":"EUR","DisplayAmount":"15,99 €"}}]}},{"ASIN":"B0C9TV88MK","DetailPageURL":"https://www.amazon.es/dp/B0C9TV88MK?tag=topinalambricos-21&linkCode=osi&th=1&psc=1","Images":{"Primary":{"Small":{"Height":75,"URL":"https://m.media-amazon.com/images/I/612YK7y3LYL._SL75_.jpg","Width":75}}},"ItemInfo":{"ByLineInfo":{"Brand":{"DisplayValue":"LPAOIS","Label":"Brand","Locale":"es_ES"}},"Title":{"DisplayValue":"LPAOIS Hilo para Tejer a Crochet, 24 colores, con 2 Ganchos de Ganchillo, Ovillos Acrílicos de Lana para DIY y Tejido a Mano","Label":"Title","Locale":"es_ES"}},"Offers":{"Summaries":[{"Condition":{"Value":"New"},"LowestPrice":{"Amount":17.99,"Currency":"EUR","DisplayAmount":"17,99 €"}}]}},{"ASIN":"B087BQK8WV","DetailPageURL":"https://www.amazon.es/dp/B087BQK8WV?tag=topinalambricos-21&linkCode=osi&th=1&psc=1","Images":{"Primary":{"Small":{"Height":69,"URL":"https://m.media-amazon.com/images/I/51C0dGM3t8L._SL75_.jpg","Width":75}}},"ItemInfo":{"ByLineInfo":{"Brand":{"DisplayValue":"ilauke","Label":"Brand","Locale":"es_ES"},"Manufacturer":{"DisplayValue":"ilauke","Label":"Manufacturer","Locale":"es_ES"}},"Title":{"DisplayValue":"Hilo para Tejer a Crochet, ilauke 20 * 30g Ovillo de Lana con 2 Ganchos de Ganchillo, 2 Agujas, 8 Marcadores y Bolsos Verdes, Lana Acrílico Multicolor","Label":"Title","Locale":"es_ES"}},"Offers":{"Summaries":[{"Condition":{"Value":"New"},"LowestPrice":{"Amount":20.97,"Currency":"EUR","DisplayAmount":"20,97 € (34,95 € / kg)","PricePerUnit":34.95}}]}},{"ASIN":"B09SPWG4ZR","DetailPageURL":"https://www.amazon.es/dp/B09SPWG4ZR?tag=topinalambricos-21&linkCode=osi&th=1&psc=1","Images":{"Primary":{"Small":{"Height":75,"URL":"https://m.media-amazon.com/images/I/51QuOmbvIwL._SL75_.jpg","Width":61}}},"ItemInfo":{"ByLineInfo":{"Brand":{"DisplayValue":"Wollbiene","Label":"Brand","Locale":"es_ES"},"Manufacturer":{"DisplayValue":"Wollbiene","Label":"Manufacturer","Locale":"es_ES"}},"Title":{"DisplayValue":"5 ovillos de lana de abeja batik de 100 g, 500 g, con degradado, multicolor, lana de ganchillo (5040 arcoíris)","Label":"Title","Locale":"es_ES"}},"Offers":{"Summaries":[{"Condition":{"Value":"New"},"LowestPrice":{"Amount":22.36,"Currency":"EUR","DisplayAmount":"22,36 € (44,72 € / kg)","PricePerUnit":44.72}}]}},{"ASIN":"B0CL6FP8H3","DetailPageURL":"https://www.amazon.es/dp/B0CL6FP8H3?tag=topinalambricos-21&linkCode=osi&th=1&psc=1","Images":{"Primary":{"Small":{"Height":75,"URL":"https://m.media-amazon.com/images/I/51i1j79Jx3L._SL75_.jpg","Width":75}}},"ItemInfo":{"ByLineInfo":{"Brand":{"DisplayValue":"TYXHXTF","Label":"Brand","Locale":"es_ES"},"Manufacturer":{"DisplayValue":"TYXHXTF","Label":"Manufacturer","Locale":"es_ES"}},"Title":{"DisplayValue":"TYXHXTF 24 PCS Lanas para Crochet, Ovillos de Lana de Hilo Acrílico, Hilo para Tejer a Crochet, Hilo de Tejer Acrílico, Lana para Tejer para Tejer DIY y Tejido a Mano","Label":"Title","Locale":"es_ES"}},"Offers":{"Summaries":[{"Condition":{"Value":"New"},"LowestPrice":{"Amount":11.99,"Currency":"EUR","DisplayAmount":"11,99 €"}}]}},{"ASIN":"B0BML4JYYH","DetailPageURL":"https://www.amazon.es/dp/B0BML4JYYH?tag=topinalambricos-21&linkCode=osi&th=1&psc=1","Images":{"Primary":{"Small":{"Height":70,"URL":"https://m.media-amazon.com/images/I/51HAZmAo5bL._SL75_.jpg","Width":75}}},"ItemInfo":{"ByLineInfo":{"Brand":{"DisplayValue":"ilauke","Label":"Brand","Locale":"es_ES"},"Manufacturer":{"DisplayValue":"ilauke","Label":"Manufacturer","Locale":"es_ES"}},"Title":{"DisplayValue":"Kit de Ganchillos Multicolor,12 Multicolor 25g Ovillos Lanas Super Suave Algodón Leche Hilos Lana con 2 Piezas de Ganchillo,100% Acrílico para Ganchillo y Manualidades para Principiantes y Niños","Label":"Title","Locale":"es_ES"}},"Offers":{"Summaries":[{"Condition":{"Value":"New"},"LowestPrice":{"Amount":15.99,"Currency":"EUR","DisplayAmount":"15,99 €"}}]}},{"ASIN":"B0CFDMCN6X","DetailPageURL":"https://www.amazon.es/dp/B0CFDMCN6X?tag=topinalambricos-21&linkCode=osi&th=1&psc=1","Images":{"Primary":{"Small":{"Height":75,"URL":"https://m.media-amazon.com/images/I/51LNQzvSNpL._SL75_.jpg","Width":75}}},"ItemInfo":{"ByLineInfo":{"Brand":{"DisplayValue":"ZHHGOO","Label":"Brand","Locale":"es_ES"},"Manufacturer":{"DisplayValue":"ZHHGOO","Label":"Manufacturer","Locale":"es_ES"}},"Title":{"DisplayValue":"ZHHGOO Hilo para Tejer a Crochet,24 Colores,Ovillos de Lana Acrílica con 2 Ganchos de Ganchillo y Bolsa Organizadora,Lana para Tejer para DIY y Tejido a Mano","Label":"Title","Locale":"es_ES"}},"Offers":{"Summaries":[{"Condition":{"Value":"New"},"LowestPrice":{"Amount":15.99,"Currency":"EUR","DisplayAmount":"15,99 €"}}]}},{"ASIN":"B0CF57YCM6","DetailPageURL":"https://www.amazon.es/dp/B0CF57YCM6?tag=topinalambricos-21&linkCode=osi&th=1&psc=1","Images":{"Primary":{"Small":{"Height":75,"URL":"https://m.media-amazon.com/images/I/516VA1-qBhL._SL75_.jpg","Width":75}}},"ItemInfo":{"ByLineInfo":{"Brand":{"DisplayValue":"VORHOT","Label":"Brand","Locale":"es_ES"},"Manufacturer":{"DisplayValue":"VORHOT","Label":"Manufacturer","Locale":"es_ES"}},"Title":{"DisplayValue":"VORHOT Hilo para Tejer a Crochet, 300g Hilo Crochet, Lanas para Crochet Suave, Ovillos de Algodon para Crochet (Tamaño de la Aguja: 3,0-4,0 mm), Color Rosa","Label":"Title","Locale":"es_ES"}},"Offers":{"Summaries":[{"Condition":{"Value":"New"},"LowestPrice":{"Amount":7.98,"Currency":"EUR","DisplayAmount":"7,98 €"}}]}},{"ASIN":"B085J6TZT3","DetailPageURL":"https://www.amazon.es/dp/B085J6TZT3?tag=topinalambricos-21&linkCode=osi&th=1&psc=1","Images":{"Primary":{"Small":{"Height":75,"URL":"https://m.media-amazon.com/images/I/51vVJ0moHAL._SL75_.jpg","Width":75}}},"ItemInfo":{"ByLineInfo":{"Brand":{"DisplayValue":"Ursus","Label":"Brand","Locale":"es_ES"},"Manufacturer":{"DisplayValue":"Buntpapierfabrik Ludwig Bähr GmbH & Co. KG","Label":"Manufacturer","Locale":"es_ES"}},"Title":{"DisplayValue":"Ursus ovillos g / 29 m, 100% algodón, 10 Colores, para Tejer y Hacer Ganchillo y pequeños proyectos de Manualidades, Pastel, Talla única, 290","Label":"Title","Locale":"es_ES"}},"Offers":{"Summaries":[{"Condition":{"Value":"New"},"LowestPrice":{"Amount":9.99,"Currency":"EUR","DisplayAmount":"9,99 € (0,03 € / metro)","PricePerUnit":0.03}}]}},{"ASIN":"B0B1V9Q7H2","DetailPageURL":"https://www.amazon.es/dp/B0B1V9Q7H2?tag=topinalambricos-21&linkCode=osi&th=1&psc=1","Images":{"Primary":{"Small":{"Height":75,"URL":"https://m.media-amazon.com/images/I/41G1Q8ZzCLL._SL75_.jpg","Width":75}}},"ItemInfo":{"ByLineInfo":{"Brand":{"DisplayValue":"Lidia Crochet Tricot","Label":"Brand","Locale":"es_ES"},"Manufacturer":{"DisplayValue":"Lidia Crochet Tricot","Label":"Manufacturer","Locale":"es_ES"}},"Title":{"DisplayValue":"Classic- hilo de lana, lana acrílico, hilo de tejer, hilo de ganchillo (100 gr/ovillo ; 16 colores) (empresa española/envío desde España) (09)","Label":"Title","Locale":"es_ES"}},"Offers":{"Summaries":[{"Condition":{"Value":"New"},"LowestPrice":{"Amount":5.8,"Currency":"EUR","DisplayAmount":"5,80 €"}}]}}],"SearchURL":"https://www.amazon.es/s?k=ganchillo+lana&rh=n%3A4358113031%2Cp_n_availability%3A-1&tag=topinalambricos-21&linkCode=osi","TotalResultCount":1000}},"11":{"SearchResult":{"Items":[{"ASIN":"B0BJ1G7TS1","DetailPageURL":"https://www.amazon.es/dp/B0BJ1G7TS1?tag=topinalambricos-21&linkCode=osi&th=1&psc=1","Images":{"Primary":{"Small":{"Height":75,"URL":"https://m.media-amazon.com/images/I/61VhIYwJJAL._SL75_.jpg","Width":75}}},"ItemInfo":{"ByLineInfo":{"Brand":{"DisplayValue":"MOOING","Label":"Brand","Locale":"es_ES"}},"Title":{"DisplayValue":"MOOING Hilo para Tejer a Crochet, 24 colores, Ovillos de Lana Acrílica con 2 Ganchos de Ganchillo, para DIY y Tejido a Mano","Label":"Title","Locale":"es_ES"}},"Offers":{"Summaries":[{"Condition":{"Value":"New"},"LowestPrice":{"Amount":15.99,"Currency":"EUR","DisplayAmount":"15,99 €"}}]}},{"ASIN":"B0C9TV88MK","DetailPageURL":"https://www.amazon.es/dp/B0C9TV88MK?tag=topinalambricos-21&linkCode=osi&th=1&psc=1","Images":{"Primary":{"Small":{"Height":75,"URL":"https://m.media-amazon.com/images/I/612YK7y3LYL._SL75_.jpg","Width":75}}},"ItemInfo":{"ByLineInfo":{"Brand":{"DisplayValue":"LPAOIS","Label":"Brand","Locale":"es_ES"}},"Title":{"DisplayValue":"LPAOIS Hilo para Tejer a Crochet, 24 colores, con 2 Ganchos de Ganchillo, Ovillos Acrílicos de Lana para DIY y Tejido a Mano","Label":"Title","Locale":"es_ES"}},"Offers":{"Summaries":[{"Condition":{"Value":"New"},"LowestPrice":{"Amount":17.99,"Currency":"EUR","DisplayAmount":"17,99 €"}}]}},{"ASIN":"B087BQK8WV","DetailPageURL":"https://www.amazon.es/dp/B087BQK8WV?tag=topinalambricos-21&linkCode=osi&th=1&psc=1","Images":{"Primary":{"Small":{"Height":69,"URL":"https://m.media-amazon.com/images/I/51C0dGM3t8L._SL75_.jpg","Width":75}}},"ItemInfo":{"ByLineInfo":{"Brand":{"DisplayValue":"ilauke","Label":"Brand","Locale":"es_ES"},"Manufacturer":{"DisplayValue":"ilauke","Label":"Manufacturer","Locale":"es_ES"}},"Title":{"DisplayValue":"Hilo para Tejer a Crochet, ilauke 20 * 30g Ovillo de Lana con 2 Ganchos de Ganchillo, 2 Agujas, 8 Marcadores y Bolsos Verdes, Lana Acrílico Multicolor","Label":"Title","Locale":"es_ES"}},"Offers":{"Summaries":[{"Condition":{"Value":"New"},"LowestPrice":{"Amount":20.97,"Currency":"EUR","DisplayAmount":"20,97 € (34,95 € / kg)","PricePerUnit":34.95}}]}},{"ASIN":"B09SPWG4ZR","DetailPageURL":"https://www.amazon.es/dp/B09SPWG4ZR?tag=topinalambricos-21&linkCode=osi&th=1&psc=1","Images":{"Primary":{"Small":{"Height":75,"URL":"https://m.media-amazon.com/images/I/51QuOmbvIwL._SL75_.jpg","Width":61}}},"ItemInfo":{"ByLineInfo":{"Brand":{"DisplayValue":"Wollbiene","Label":"Brand","Locale":"es_ES"},"Manufacturer":{"DisplayValue":"Wollbiene","Label":"Manufacturer","Locale":"es_ES"}},"Title":{"DisplayValue":"5 ovillos de lana de abeja batik de 100 g, 500 g, con degradado, multicolor, lana de ganchillo (5040 arcoíris)","Label":"Title","Locale":"es_ES"}},"Offers":{"Summaries":[{"Condition":{"Value":"New"},"LowestPrice":{"Amount":22.36,"Currency":"EUR","DisplayAmount":"22,36 € (44,72 € / kg)","PricePerUnit":44.72}}]}},{"ASIN":"B0CL6FP8H3","DetailPageURL":"https://www.amazon.es/dp/B0CL6FP8H3?tag=topinalambricos-21&linkCode=osi&th=1&psc=1","Images":{"Primary":{"Small":{"Height":75,"URL":"https://m.media-amazon.com/images/I/51i1j79Jx3L._SL75_.jpg","Width":75}}},"ItemInfo":{"ByLineInfo":{"Brand":{"DisplayValue":"TYXHXTF","Label":"Brand","Locale":"es_ES"},"Manufacturer":{"DisplayValue":"TYXHXTF","Label":"Manufacturer","Locale":"es_ES"}},"Title":{"DisplayValue":"TYXHXTF 24 PCS Lanas para Crochet, Ovillos de Lana de Hilo Acrílico, Hilo para Tejer a Crochet, Hilo de Tejer Acrílico, Lana para Tejer para Tejer DIY y Tejido a Mano","Label":"Title","Locale":"es_ES"}},"Offers":{"Summaries":[{"Condition":{"Value":"New"},"LowestPrice":{"Amount":11.99,"Currency":"EUR","DisplayAmount":"11,99 €"}}]}},{"ASIN":"B0BML4JYYH","DetailPageURL":"https://www.amazon.es/dp/B0BML4JYYH?tag=topinalambricos-21&linkCode=osi&th=1&psc=1","Images":{"Primary":{"Small":{"Height":70,"URL":"https://m.media-amazon.com/images/I/51HAZmAo5bL._SL75_.jpg","Width":75}}},"ItemInfo":{"ByLineInfo":{"Brand":{"DisplayValue":"ilauke","Label":"Brand","Locale":"es_ES"},"Manufacturer":{"DisplayValue":"ilauke","Label":"Manufacturer","Locale":"es_ES"}},"Title":{"DisplayValue":"Kit de Ganchillos Multicolor,12 Multicolor 25g Ovillos Lanas Super Suave Algodón Leche Hilos Lana con 2 Piezas de Ganchillo,100% Acrílico para Ganchillo y Manualidades para Principiantes y Niños","Label":"Title","Locale":"es_ES"}},"Offers":{"Summaries":[{"Condition":{"Value":"New"},"LowestPrice":{"Amount":15.99,"Currency":"EUR","DisplayAmount":"15,99 €"}}]}},{"ASIN":"B0CFDMCN6X","DetailPageURL":"https://www.amazon.es/dp/B0CFDMCN6X?tag=topinalambricos-21&linkCode=osi&th=1&psc=1","Images":{"Primary":{"Small":{"Height":75,"URL":"https://m.media-amazon.com/images/I/51LNQzvSNpL._SL75_.jpg","Width":75}}},"ItemInfo":{"ByLineInfo":{"Brand":{"DisplayValue":"ZHHGOO","Label":"Brand","Locale":"es_ES"},"Manufacturer":{"DisplayValue":"ZHHGOO","Label":"Manufacturer","Locale":"es_ES"}},"Title":{"DisplayValue":"ZHHGOO Hilo para Tejer a Crochet,24 Colores,Ovillos de Lana Acrílica con 2 Ganchos de Ganchillo y Bolsa Organizadora,Lana para Tejer para DIY y Tejido a Mano","Label":"Title","Locale":"es_ES"}},"Offers":{"Summaries":[{"Condition":{"Value":"New"},"LowestPrice":{"Amount":15.99,"Currency":"EUR","DisplayAmount":"15,99 €"}}]}},{"ASIN":"B0CF57YCM6","DetailPageURL":"https://www.amazon.es/dp/B0CF57YCM6?tag=topinalambricos-21&linkCode=osi&th=1&psc=1","Images":{"Primary":{"Small":{"Height":75,"URL":"https://m.media-amazon.com/images/I/516VA1-qBhL._SL75_.jpg","Width":75}}},"ItemInfo":{"ByLineInfo":{"Brand":{"DisplayValue":"VORHOT","Label":"Brand","Locale":"es_ES"},"Manufacturer":{"DisplayValue":"VORHOT","Label":"Manufacturer","Locale":"es_ES"}},"Title":{"DisplayValue":"VORHOT Hilo para Tejer a Crochet, 300g Hilo Crochet, Lanas para Crochet Suave, Ovillos de Algodon para Crochet (Tamaño de la Aguja: 3,0-4,0 mm), Color Rosa","Label":"Title","Locale":"es_ES"}},"Offers":{"Summaries":[{"Condition":{"Value":"New"},"LowestPrice":{"Amount":7.98,"Currency":"EUR","DisplayAmount":"7,98 €"}}]}},{"ASIN":"B085J6TZT3","DetailPageURL":"https://www.amazon.es/dp/B085J6TZT3?tag=topinalambricos-21&linkCode=osi&th=1&psc=1","Images":{"Primary":{"Small":{"Height":75,"URL":"https://m.media-amazon.com/images/I/51vVJ0moHAL._SL75_.jpg","Width":75}}},"ItemInfo":{"ByLineInfo":{"Brand":{"DisplayValue":"Ursus","Label":"Brand","Locale":"es_ES"},"Manufacturer":{"DisplayValue":"Buntpapierfabrik Ludwig Bähr GmbH & Co. KG","Label":"Manufacturer","Locale":"es_ES"}},"Title":{"DisplayValue":"Ursus ovillos g / 29 m, 100% algodón, 10 Colores, para Tejer y Hacer Ganchillo y pequeños proyectos de Manualidades, Pastel, Talla única, 290","Label":"Title","Locale":"es_ES"}},"Offers":{"Summaries":[{"Condition":{"Value":"New"},"LowestPrice":{"Amount":9.99,"Currency":"EUR","DisplayAmount":"9,99 € (0,03 € / metro)","PricePerUnit":0.03}}]}},{"ASIN":"B0B1V9Q7H2","DetailPageURL":"https://www.amazon.es/dp/B0B1V9Q7H2?tag=topinalambricos-21&linkCode=osi&th=1&psc=1","Images":{"Primary":{"Small":{"Height":75,"URL":"https://m.media-amazon.com/images/I/41G1Q8ZzCLL._SL75_.jpg","Width":75}}},"ItemInfo":{"ByLineInfo":{"Brand":{"DisplayValue":"Lidia Crochet Tricot","Label":"Brand","Locale":"es_ES"},"Manufacturer":{"DisplayValue":"Lidia Crochet Tricot","Label":"Manufacturer","Locale":"es_ES"}},"Title":{"DisplayValue":"Classic- hilo de lana, lana acrílico, hilo de tejer, hilo de ganchillo (100 gr/ovillo ; 16 colores) (empresa española/envío desde España) (09)","Label":"Title","Locale":"es_ES"}},"Offers":{"Summaries":[{"Condition":{"Value":"New"},"LowestPrice":{"Amount":5.8,"Currency":"EUR","DisplayAmount":"5,80 €"}}]}}],"SearchURL":"https://www.amazon.es/s?k=ganchillo+lana&rh=n%3A4358113031%2Cp_n_availability%3A-1&tag=topinalambricos-21&linkCode=osi","TotalResultCount":1000}},"12":{"SearchResult":{"Items":[{"ASIN":"B0BJ1G7TS1","DetailPageURL":"https://www.amazon.es/dp/B0BJ1G7TS1?tag=topinalambricos-21&linkCode=osi&th=1&psc=1","Images":{"Primary":{"Small":{"Height":75,"URL":"https://m.media-amazon.com/images/I/61VhIYwJJAL._SL75_.jpg","Width":75}}},"ItemInfo":{"ByLineInfo":{"Brand":{"DisplayValue":"MOOING","Label":"Brand","Locale":"es_ES"}},"Title":{"DisplayValue":"MOOING Hilo para Tejer a Crochet, 24 colores, Ovillos de Lana Acrílica con 2 Ganchos de Ganchillo, para DIY y Tejido a Mano","Label":"Title","Locale":"es_ES"}},"Offers":{"Summaries":[{"Condition":{"Value":"New"},"LowestPrice":{"Amount":15.99,"Currency":"EUR","DisplayAmount":"15,99 €"}}]}},{"ASIN":"B0C9TV88MK","DetailPageURL":"https://www.amazon.es/dp/B0C9TV88MK?tag=topinalambricos-21&linkCode=osi&th=1&psc=1","Images":{"Primary":{"Small":{"Height":75,"URL":"https://m.media-amazon.com/images/I/612YK7y3LYL._SL75_.jpg","Width":75}}},"ItemInfo":{"ByLineInfo":{"Brand":{"DisplayValue":"LPAOIS","Label":"Brand","Locale":"es_ES"}},"Title":{"DisplayValue":"LPAOIS Hilo para Tejer a Crochet, 24 colores, con 2 Ganchos de Ganchillo, Ovillos Acrílicos de Lana para DIY y Tejido a Mano","Label":"Title","Locale":"es_ES"}},"Offers":{"Summaries":[{"Condition":{"Value":"New"},"LowestPrice":{"Amount":17.99,"Currency":"EUR","DisplayAmount":"17,99 €"}}]}},{"ASIN":"B087BQK8WV","DetailPageURL":"https://www.amazon.es/dp/B087BQK8WV?tag=topinalambricos-21&linkCode=osi&th=1&psc=1","Images":{"Primary":{"Small":{"Height":69,"URL":"https://m.media-amazon.com/images/I/51C0dGM3t8L._SL75_.jpg","Width":75}}},"ItemInfo":{"ByLineInfo":{"Brand":{"DisplayValue":"ilauke","Label":"Brand","Locale":"es_ES"},"Manufacturer":{"DisplayValue":"ilauke","Label":"Manufacturer","Locale":"es_ES"}},"Title":{"DisplayValue":"Hilo para Tejer a Crochet, ilauke 20 * 30g Ovillo de Lana con 2 Ganchos de Ganchillo, 2 Agujas, 8 Marcadores y Bolsos Verdes, Lana Acrílico Multicolor","Label":"Title","Locale":"es_ES"}},"Offers":{"Summaries":[{"Condition":{"Value":"New"},"LowestPrice":{"Amount":20.97,"Currency":"EUR","DisplayAmount":"20,97 € (34,95 € / kg)","PricePerUnit":34.95}}]}},{"ASIN":"B09SPWG4ZR","DetailPageURL":"https://www.amazon.es/dp/B09SPWG4ZR?tag=topinalambricos-21&linkCode=osi&th=1&psc=1","Images":{"Primary":{"Small":{"Height":75,"URL":"https://m.media-amazon.com/images/I/51QuOmbvIwL._SL75_.jpg","Width":61}}},"ItemInfo":{"ByLineInfo":{"Brand":{"DisplayValue":"Wollbiene","Label":"Brand","Locale":"es_ES"},"Manufacturer":{"DisplayValue":"Wollbiene","Label":"Manufacturer","Locale":"es_ES"}},"Title":{"DisplayValue":"5 ovillos de lana de abeja batik de 100 g, 500 g, con degradado, multicolor, lana de ganchillo (5040 arcoíris)","Label":"Title","Locale":"es_ES"}},"Offers":{"Summaries":[{"Condition":{"Value":"New"},"LowestPrice":{"Amount":22.36,"Currency":"EUR","DisplayAmount":"22,36 € (44,72 € / kg)","PricePerUnit":44.72}}]}},{"ASIN":"B0CL6FP8H3","DetailPageURL":"https://www.amazon.es/dp/B0CL6FP8H3?tag=topinalambricos-21&linkCode=osi&th=1&psc=1","Images":{"Primary":{"Small":{"Height":75,"URL":"https://m.media-amazon.com/images/I/51i1j79Jx3L._SL75_.jpg","Width":75}}},"ItemInfo":{"ByLineInfo":{"Brand":{"DisplayValue":"TYXHXTF","Label":"Brand","Locale":"es_ES"},"Manufacturer":{"DisplayValue":"TYXHXTF","Label":"Manufacturer","Locale":"es_ES"}},"Title":{"DisplayValue":"TYXHXTF 24 PCS Lanas para Crochet, Ovillos de Lana de Hilo Acrílico, Hilo para Tejer a Crochet, Hilo de Tejer Acrílico, Lana para Tejer para Tejer DIY y Tejido a Mano","Label":"Title","Locale":"es_ES"}},"Offers":{"Summaries":[{"Condition":{"Value":"New"},"LowestPrice":{"Amount":11.99,"Currency":"EUR","DisplayAmount":"11,99 €"}}]}},{"ASIN":"B0BML4JYYH","DetailPageURL":"https://www.amazon.es/dp/B0BML4JYYH?tag=topinalambricos-21&linkCode=osi&th=1&psc=1","Images":{"Primary":{"Small":{"Height":70,"URL":"https://m.media-amazon.com/images/I/51HAZmAo5bL._SL75_.jpg","Width":75}}},"ItemInfo":{"ByLineInfo":{"Brand":{"DisplayValue":"ilauke","Label":"Brand","Locale":"es_ES"},"Manufacturer":{"DisplayValue":"ilauke","Label":"Manufacturer","Locale":"es_ES"}},"Title":{"DisplayValue":"Kit de Ganchillos Multicolor,12 Multicolor 25g Ovillos Lanas Super Suave Algodón Leche Hilos Lana con 2 Piezas de Ganchillo,100% Acrílico para Ganchillo y Manualidades para Principiantes y Niños","Label":"Title","Locale":"es_ES"}},"Offers":{"Summaries":[{"Condition":{"Value":"New"},"LowestPrice":{"Amount":15.99,"Currency":"EUR","DisplayAmount":"15,99 €"}}]}},{"ASIN":"B0CFDMCN6X","DetailPageURL":"https://www.amazon.es/dp/B0CFDMCN6X?tag=topinalambricos-21&linkCode=osi&th=1&psc=1","Images":{"Primary":{"Small":{"Height":75,"URL":"https://m.media-amazon.com/images/I/51LNQzvSNpL._SL75_.jpg","Width":75}}},"ItemInfo":{"ByLineInfo":{"Brand":{"DisplayValue":"ZHHGOO","Label":"Brand","Locale":"es_ES"},"Manufacturer":{"DisplayValue":"ZHHGOO","Label":"Manufacturer","Locale":"es_ES"}},"Title":{"DisplayValue":"ZHHGOO Hilo para Tejer a Crochet,24 Colores,Ovillos de Lana Acrílica con 2 Ganchos de Ganchillo y Bolsa Organizadora,Lana para Tejer para DIY y Tejido a Mano","Label":"Title","Locale":"es_ES"}},"Offers":{"Summaries":[{"Condition":{"Value":"New"},"LowestPrice":{"Amount":15.99,"Currency":"EUR","DisplayAmount":"15,99 €"}}]}},{"ASIN":"B0CF57YCM6","DetailPageURL":"https://www.amazon.es/dp/B0CF57YCM6?tag=topinalambricos-21&linkCode=osi&th=1&psc=1","Images":{"Primary":{"Small":{"Height":75,"URL":"https://m.media-amazon.com/images/I/516VA1-qBhL._SL75_.jpg","Width":75}}},"ItemInfo":{"ByLineInfo":{"Brand":{"DisplayValue":"VORHOT","Label":"Brand","Locale":"es_ES"},"Manufacturer":{"DisplayValue":"VORHOT","Label":"Manufacturer","Locale":"es_ES"}},"Title":{"DisplayValue":"VORHOT Hilo para Tejer a Crochet, 300g Hilo Crochet, Lanas para Crochet Suave, Ovillos de Algodon para Crochet (Tamaño de la Aguja: 3,0-4,0 mm), Color Rosa","Label":"Title","Locale":"es_ES"}},"Offers":{"Summaries":[{"Condition":{"Value":"New"},"LowestPrice":{"Amount":7.98,"Currency":"EUR","DisplayAmount":"7,98 €"}}]}},{"ASIN":"B085J6TZT3","DetailPageURL":"https://www.amazon.es/dp/B085J6TZT3?tag=topinalambricos-21&linkCode=osi&th=1&psc=1","Images":{"Primary":{"Small":{"Height":75,"URL":"https://m.media-amazon.com/images/I/51vVJ0moHAL._SL75_.jpg","Width":75}}},"ItemInfo":{"ByLineInfo":{"Brand":{"DisplayValue":"Ursus","Label":"Brand","Locale":"es_ES"},"Manufacturer":{"DisplayValue":"Buntpapierfabrik Ludwig Bähr GmbH & Co. KG","Label":"Manufacturer","Locale":"es_ES"}},"Title":{"DisplayValue":"Ursus ovillos g / 29 m, 100% algodón, 10 Colores, para Tejer y Hacer Ganchillo y pequeños proyectos de Manualidades, Pastel, Talla única, 290","Label":"Title","Locale":"es_ES"}},"Offers":{"Summaries":[{"Condition":{"Value":"New"},"LowestPrice":{"Amount":9.99,"Currency":"EUR","DisplayAmount":"9,99 € (0,03 € / metro)","PricePerUnit":0.03}}]}},{"ASIN":"B0B1V9Q7H2","DetailPageURL":"https://www.amazon.es/dp/B0B1V9Q7H2?tag=topinalambricos-21&linkCode=osi&th=1&psc=1","Images":{"Primary":{"Small":{"Height":75,"URL":"https://m.media-amazon.com/images/I/41G1Q8ZzCLL._SL75_.jpg","Width":75}}},"ItemInfo":{"ByLineInfo":{"Brand":{"DisplayValue":"Lidia Crochet Tricot","Label":"Brand","Locale":"es_ES"},"Manufacturer":{"DisplayValue":"Lidia Crochet Tricot","Label":"Manufacturer","Locale":"es_ES"}},"Title":{"DisplayValue":"Classic- hilo de lana, lana acrílico, hilo de tejer, hilo de ganchillo (100 gr/ovillo ; 16 colores) (empresa española/envío desde España) (09)","Label":"Title","Locale":"es_ES"}},"Offers":{"Summaries":[{"Condition":{"Value":"New"},"LowestPrice":{"Amount":5.8,"Currency":"EUR","DisplayAmount":"5,80 €"}}]}}],"SearchURL":"https://www.amazon.es/s?k=ganchillo+lana&rh=n%3A4358113031%2Cp_n_availability%3A-1&tag=topinalambricos-21&linkCode=osi","TotalResultCount":1000}},"13":{"SearchResult":{"Items":[{"ASIN":"B0BJ1G7TS1","DetailPageURL":"https://www.amazon.es/dp/B0BJ1G7TS1?tag=topinalambricos-21&linkCode=osi&th=1&psc=1","Images":{"Primary":{"Small":{"Height":75,"URL":"https://m.media-amazon.com/images/I/61VhIYwJJAL._SL75_.jpg","Width":75}}},"ItemInfo":{"ByLineInfo":{"Brand":{"DisplayValue":"MOOING","Label":"Brand","Locale":"es_ES"}},"Title":{"DisplayValue":"MOOING Hilo para Tejer a Crochet, 24 colores, Ovillos de Lana Acrílica con 2 Ganchos de Ganchillo, para DIY y Tejido a Mano","Label":"Title","Locale":"es_ES"}},"Offers":{"Summaries":[{"Condition":{"Value":"New"},"LowestPrice":{"Amount":15.99,"Currency":"EUR","DisplayAmount":"15,99 €"}}]}},{"ASIN":"B0C9TV88MK","DetailPageURL":"https://www.amazon.es/dp/B0C9TV88MK?tag=topinalambricos-21&linkCode=osi&th=1&psc=1","Images":{"Primary":{"Small":{"Height":75,"URL":"https://m.media-amazon.com/images/I/612YK7y3LYL._SL75_.jpg","Width":75}}},"ItemInfo":{"ByLineInfo":{"Brand":{"DisplayValue":"LPAOIS","Label":"Brand","Locale":"es_ES"}},"Title":{"DisplayValue":"LPAOIS Hilo para Tejer a Crochet, 24 colores, con 2 Ganchos de Ganchillo, Ovillos Acrílicos de Lana para DIY y Tejido a Mano","Label":"Title","Locale":"es_ES"}},"Offers":{"Summaries":[{"Condition":{"Value":"New"},"LowestPrice":{"Amount":17.99,"Currency":"EUR","DisplayAmount":"17,99 €"}}]}},{"ASIN":"B087BQK8WV","DetailPageURL":"https://www.amazon.es/dp/B087BQK8WV?tag=topinalambricos-21&linkCode=osi&th=1&psc=1","Images":{"Primary":{"Small":{"Height":69,"URL":"https://m.media-amazon.com/images/I/51C0dGM3t8L._SL75_.jpg","Width":75}}},"ItemInfo":{"ByLineInfo":{"Brand":{"DisplayValue":"ilauke","Label":"Brand","Locale":"es_ES"},"Manufacturer":{"DisplayValue":"ilauke","Label":"Manufacturer","Locale":"es_ES"}},"Title":{"DisplayValue":"Hilo para Tejer a Crochet, ilauke 20 * 30g Ovillo de Lana con 2 Ganchos de Ganchillo, 2 Agujas, 8 Marcadores y Bolsos Verdes, Lana Acrílico Multicolor","Label":"Title","Locale":"es_ES"}},"Offers":{"Summaries":[{"Condition":{"Value":"New"},"LowestPrice":{"Amount":20.97,"Currency":"EUR","DisplayAmount":"20,97 € (34,95 € / kg)","PricePerUnit":34.95}}]}},{"ASIN":"B09SPWG4ZR","DetailPageURL":"https://www.amazon.es/dp/B09SPWG4ZR?tag=topinalambricos-21&linkCode=osi&th=1&psc=1","Images":{"Primary":{"Small":{"Height":75,"URL":"https://m.media-amazon.com/images/I/51QuOmbvIwL._SL75_.jpg","Width":61}}},"ItemInfo":{"ByLineInfo":{"Brand":{"DisplayValue":"Wollbiene","Label":"Brand","Locale":"es_ES"},"Manufacturer":{"DisplayValue":"Wollbiene","Label":"Manufacturer","Locale":"es_ES"}},"Title":{"DisplayValue":"5 ovillos de lana de abeja batik de 100 g, 500 g, con degradado, multicolor, lana de ganchillo (5040 arcoíris)","Label":"Title","Locale":"es_ES"}},"Offers":{"Summaries":[{"Condition":{"Value":"New"},"LowestPrice":{"Amount":22.36,"Currency":"EUR","DisplayAmount":"22,36 € (44,72 € / kg)","PricePerUnit":44.72}}]}},{"ASIN":"B0CL6FP8H3","DetailPageURL":"https://www.amazon.es/dp/B0CL6FP8H3?tag=topinalambricos-21&linkCode=osi&th=1&psc=1","Images":{"Primary":{"Small":{"Height":75,"URL":"https://m.media-amazon.com/images/I/51i1j79Jx3L._SL75_.jpg","Width":75}}},"ItemInfo":{"ByLineInfo":{"Brand":{"DisplayValue":"TYXHXTF","Label":"Brand","Locale":"es_ES"},"Manufacturer":{"DisplayValue":"TYXHXTF","Label":"Manufacturer","Locale":"es_ES"}},"Title":{"DisplayValue":"TYXHXTF 24 PCS Lanas para Crochet, Ovillos de Lana de Hilo Acrílico, Hilo para Tejer a Crochet, Hilo de Tejer Acrílico, Lana para Tejer para Tejer DIY y Tejido a Mano","Label":"Title","Locale":"es_ES"}},"Offers":{"Summaries":[{"Condition":{"Value":"New"},"LowestPrice":{"Amount":11.99,"Currency":"EUR","DisplayAmount":"11,99 €"}}]}},{"ASIN":"B0BML4JYYH","DetailPageURL":"https://www.amazon.es/dp/B0BML4JYYH?tag=topinalambricos-21&linkCode=osi&th=1&psc=1","Images":{"Primary":{"Small":{"Height":70,"URL":"https://m.media-amazon.com/images/I/51HAZmAo5bL._SL75_.jpg","Width":75}}},"ItemInfo":{"ByLineInfo":{"Brand":{"DisplayValue":"ilauke","Label":"Brand","Locale":"es_ES"},"Manufacturer":{"DisplayValue":"ilauke","Label":"Manufacturer","Locale":"es_ES"}},"Title":{"DisplayValue":"Kit de Ganchillos Multicolor,12 Multicolor 25g Ovillos Lanas Super Suave Algodón Leche Hilos Lana con 2 Piezas de Ganchillo,100% Acrílico para Ganchillo y Manualidades para Principiantes y Niños","Label":"Title","Locale":"es_ES"}},"Offers":{"Summaries":[{"Condition":{"Value":"New"},"LowestPrice":{"Amount":15.99,"Currency":"EUR","DisplayAmount":"15,99 €"}}]}},{"ASIN":"B0CFDMCN6X","DetailPageURL":"https://www.amazon.es/dp/B0CFDMCN6X?tag=topinalambricos-21&linkCode=osi&th=1&psc=1","Images":{"Primary":{"Small":{"Height":75,"URL":"https://m.media-amazon.com/images/I/51LNQzvSNpL._SL75_.jpg","Width":75}}},"ItemInfo":{"ByLineInfo":{"Brand":{"DisplayValue":"ZHHGOO","Label":"Brand","Locale":"es_ES"},"Manufacturer":{"DisplayValue":"ZHHGOO","Label":"Manufacturer","Locale":"es_ES"}},"Title":{"DisplayValue":"ZHHGOO Hilo para Tejer a Crochet,24 Colores,Ovillos de Lana Acrílica con 2 Ganchos de Ganchillo y Bolsa Organizadora,Lana para Tejer para DIY y Tejido a Mano","Label":"Title","Locale":"es_ES"}},"Offers":{"Summaries":[{"Condition":{"Value":"New"},"LowestPrice":{"Amount":15.99,"Currency":"EUR","DisplayAmount":"15,99 €"}}]}},{"ASIN":"B0CF57YCM6","DetailPageURL":"https://www.amazon.es/dp/B0CF57YCM6?tag=topinalambricos-21&linkCode=osi&th=1&psc=1","Images":{"Primary":{"Small":{"Height":75,"URL":"https://m.media-amazon.com/images/I/516VA1-qBhL._SL75_.jpg","Width":75}}},"ItemInfo":{"ByLineInfo":{"Brand":{"DisplayValue":"VORHOT","Label":"Brand","Locale":"es_ES"},"Manufacturer":{"DisplayValue":"VORHOT","Label":"Manufacturer","Locale":"es_ES"}},"Title":{"DisplayValue":"VORHOT Hilo para Tejer a Crochet, 300g Hilo Crochet, Lanas para Crochet Suave, Ovillos de Algodon para Crochet (Tamaño de la Aguja: 3,0-4,0 mm), Color Rosa","Label":"Title","Locale":"es_ES"}},"Offers":{"Summaries":[{"Condition":{"Value":"New"},"LowestPrice":{"Amount":7.98,"Currency":"EUR","DisplayAmount":"7,98 €"}}]}},{"ASIN":"B085J6TZT3","DetailPageURL":"https://www.amazon.es/dp/B085J6TZT3?tag=topinalambricos-21&linkCode=osi&th=1&psc=1","Images":{"Primary":{"Small":{"Height":75,"URL":"https://m.media-amazon.com/images/I/51vVJ0moHAL._SL75_.jpg","Width":75}}},"ItemInfo":{"ByLineInfo":{"Brand":{"DisplayValue":"Ursus","Label":"Brand","Locale":"es_ES"},"Manufacturer":{"DisplayValue":"Buntpapierfabrik Ludwig Bähr GmbH & Co. KG","Label":"Manufacturer","Locale":"es_ES"}},"Title":{"DisplayValue":"Ursus ovillos g / 29 m, 100% algodón, 10 Colores, para Tejer y Hacer Ganchillo y pequeños proyectos de Manualidades, Pastel, Talla única, 290","Label":"Title","Locale":"es_ES"}},"Offers":{"Summaries":[{"Condition":{"Value":"New"},"LowestPrice":{"Amount":9.99,"Currency":"EUR","DisplayAmount":"9,99 € (0,03 € / metro)","PricePerUnit":0.03}}]}},{"ASIN":"B0B1V9Q7H2","DetailPageURL":"https://www.amazon.es/dp/B0B1V9Q7H2?tag=topinalambricos-21&linkCode=osi&th=1&psc=1","Images":{"Primary":{"Small":{"Height":75,"URL":"https://m.media-amazon.com/images/I/41G1Q8ZzCLL._SL75_.jpg","Width":75}}},"ItemInfo":{"ByLineInfo":{"Brand":{"DisplayValue":"Lidia Crochet Tricot","Label":"Brand","Locale":"es_ES"},"Manufacturer":{"DisplayValue":"Lidia Crochet Tricot","Label":"Manufacturer","Locale":"es_ES"}},"Title":{"DisplayValue":"Classic- hilo de lana, lana acrílico, hilo de tejer, hilo de ganchillo (100 gr/ovillo ; 16 colores) (empresa española/envío desde España) (09)","Label":"Title","Locale":"es_ES"}},"Offers":{"Summaries":[{"Condition":{"Value":"New"},"LowestPrice":{"Amount":5.8,"Currency":"EUR","DisplayAmount":"5,80 €"}}]}}],"SearchURL":"https://www.amazon.es/s?k=ganchillo+lana&rh=n%3A4358113031%2Cp_n_availability%3A-1&tag=topinalambricos-21&linkCode=osi","TotalResultCount":1000}},"14":{"SearchResult":{"Items":[{"ASIN":"B0BJ1G7TS1","DetailPageURL":"https://www.amazon.es/dp/B0BJ1G7TS1?tag=topinalambricos-21&linkCode=osi&th=1&psc=1","Images":{"Primary":{"Small":{"Height":75,"URL":"https://m.media-amazon.com/images/I/61VhIYwJJAL._SL75_.jpg","Width":75}}},"ItemInfo":{"ByLineInfo":{"Brand":{"DisplayValue":"MOOING","Label":"Brand","Locale":"es_ES"}},"Title":{"DisplayValue":"MOOING Hilo para Tejer a Crochet, 24 colores, Ovillos de Lana Acrílica con 2 Ganchos de Ganchillo, para DIY y Tejido a Mano","Label":"Title","Locale":"es_ES"}},"Offers":{"Summaries":[{"Condition":{"Value":"New"},"LowestPrice":{"Amount":15.99,"Currency":"EUR","DisplayAmount":"15,99 €"}}]}},{"ASIN":"B0C9TV88MK","DetailPageURL":"https://www.amazon.es/dp/B0C9TV88MK?tag=topinalambricos-21&linkCode=osi&th=1&psc=1","Images":{"Primary":{"Small":{"Height":75,"URL":"https://m.media-amazon.com/images/I/612YK7y3LYL._SL75_.jpg","Width":75}}},"ItemInfo":{"ByLineInfo":{"Brand":{"DisplayValue":"LPAOIS","Label":"Brand","Locale":"es_ES"}},"Title":{"DisplayValue":"LPAOIS Hilo para Tejer a Crochet, 24 colores, con 2 Ganchos de Ganchillo, Ovillos Acrílicos de Lana para DIY y Tejido a Mano","Label":"Title","Locale":"es_ES"}},"Offers":{"Summaries":[{"Condition":{"Value":"New"},"LowestPrice":{"Amount":17.99,"Currency":"EUR","DisplayAmount":"17,99 €"}}]}},{"ASIN":"B087BQK8WV","DetailPageURL":"https://www.amazon.es/dp/B087BQK8WV?tag=topinalambricos-21&linkCode=osi&th=1&psc=1","Images":{"Primary":{"Small":{"Height":69,"URL":"https://m.media-amazon.com/images/I/51C0dGM3t8L._SL75_.jpg","Width":75}}},"ItemInfo":{"ByLineInfo":{"Brand":{"DisplayValue":"ilauke","Label":"Brand","Locale":"es_ES"},"Manufacturer":{"DisplayValue":"ilauke","Label":"Manufacturer","Locale":"es_ES"}},"Title":{"DisplayValue":"Hilo para Tejer a Crochet, ilauke 20 * 30g Ovillo de Lana con 2 Ganchos de Ganchillo, 2 Agujas, 8 Marcadores y Bolsos Verdes, Lana Acrílico Multicolor","Label":"Title","Locale":"es_ES"}},"Offers":{"Summaries":[{"Condition":{"Value":"New"},"LowestPrice":{"Amount":20.97,"Currency":"EUR","DisplayAmount":"20,97 € (34,95 € / kg)","PricePerUnit":34.95}}]}},{"ASIN":"B09SPWG4ZR","DetailPageURL":"https://www.amazon.es/dp/B09SPWG4ZR?tag=topinalambricos-21&linkCode=osi&th=1&psc=1","Images":{"Primary":{"Small":{"Height":75,"URL":"https://m.media-amazon.com/images/I/51QuOmbvIwL._SL75_.jpg","Width":61}}},"ItemInfo":{"ByLineInfo":{"Brand":{"DisplayValue":"Wollbiene","Label":"Brand","Locale":"es_ES"},"Manufacturer":{"DisplayValue":"Wollbiene","Label":"Manufacturer","Locale":"es_ES"}},"Title":{"DisplayValue":"5 ovillos de lana de abeja batik de 100 g, 500 g, con degradado, multicolor, lana de ganchillo (5040 arcoíris)","Label":"Title","Locale":"es_ES"}},"Offers":{"Summaries":[{"Condition":{"Value":"New"},"LowestPrice":{"Amount":22.36,"Currency":"EUR","DisplayAmount":"22,36 € (44,72 € / kg)","PricePerUnit":44.72}}]}},{"ASIN":"B0CL6FP8H3","DetailPageURL":"https://www.amazon.es/dp/B0CL6FP8H3?tag=topinalambricos-21&linkCode=osi&th=1&psc=1","Images":{"Primary":{"Small":{"Height":75,"URL":"https://m.media-amazon.com/images/I/51i1j79Jx3L._SL75_.jpg","Width":75}}},"ItemInfo":{"ByLineInfo":{"Brand":{"DisplayValue":"TYXHXTF","Label":"Brand","Locale":"es_ES"},"Manufacturer":{"DisplayValue":"TYXHXTF","Label":"Manufacturer","Locale":"es_ES"}},"Title":{"DisplayValue":"TYXHXTF 24 PCS Lanas para Crochet, Ovillos de Lana de Hilo Acrílico, Hilo para Tejer a Crochet, Hilo de Tejer Acrílico, Lana para Tejer para Tejer DIY y Tejido a Mano","Label":"Title","Locale":"es_ES"}},"Offers":{"Summaries":[{"Condition":{"Value":"New"},"LowestPrice":{"Amount":11.99,"Currency":"EUR","DisplayAmount":"11,99 €"}}]}},{"ASIN":"B0BML4JYYH","DetailPageURL":"https://www.amazon.es/dp/B0BML4JYYH?tag=topinalambricos-21&linkCode=osi&th=1&psc=1","Images":{"Primary":{"Small":{"Height":70,"URL":"https://m.media-amazon.com/images/I/51HAZmAo5bL._SL75_.jpg","Width":75}}},"ItemInfo":{"ByLineInfo":{"Brand":{"DisplayValue":"ilauke","Label":"Brand","Locale":"es_ES"},"Manufacturer":{"DisplayValue":"ilauke","Label":"Manufacturer","Locale":"es_ES"}},"Title":{"DisplayValue":"Kit de Ganchillos Multicolor,12 Multicolor 25g Ovillos Lanas Super Suave Algodón Leche Hilos Lana con 2 Piezas de Ganchillo,100% Acrílico para Ganchillo y Manualidades para Principiantes y Niños","Label":"Title","Locale":"es_ES"}},"Offers":{"Summaries":[{"Condition":{"Value":"New"},"LowestPrice":{"Amount":15.99,"Currency":"EUR","DisplayAmount":"15,99 €"}}]}},{"ASIN":"B0CFDMCN6X","DetailPageURL":"https://www.amazon.es/dp/B0CFDMCN6X?tag=topinalambricos-21&linkCode=osi&th=1&psc=1","Images":{"Primary":{"Small":{"Height":75,"URL":"https://m.media-amazon.com/images/I/51LNQzvSNpL._SL75_.jpg","Width":75}}},"ItemInfo":{"ByLineInfo":{"Brand":{"DisplayValue":"ZHHGOO","Label":"Brand","Locale":"es_ES"},"Manufacturer":{"DisplayValue":"ZHHGOO","Label":"Manufacturer","Locale":"es_ES"}},"Title":{"DisplayValue":"ZHHGOO Hilo para Tejer a Crochet,24 Colores,Ovillos de Lana Acrílica con 2 Ganchos de Ganchillo y Bolsa Organizadora,Lana para Tejer para DIY y Tejido a Mano","Label":"Title","Locale":"es_ES"}},"Offers":{"Summaries":[{"Condition":{"Value":"New"},"LowestPrice":{"Amount":15.99,"Currency":"EUR","DisplayAmount":"15,99 €"}}]}},{"ASIN":"B0CF57YCM6","DetailPageURL":"https://www.amazon.es/dp/B0CF57YCM6?tag=topinalambricos-21&linkCode=osi&th=1&psc=1","Images":{"Primary":{"Small":{"Height":75,"URL":"https://m.media-amazon.com/images/I/516VA1-qBhL._SL75_.jpg","Width":75}}},"ItemInfo":{"ByLineInfo":{"Brand":{"DisplayValue":"VORHOT","Label":"Brand","Locale":"es_ES"},"Manufacturer":{"DisplayValue":"VORHOT","Label":"Manufacturer","Locale":"es_ES"}},"Title":{"DisplayValue":"VORHOT Hilo para Tejer a Crochet, 300g Hilo Crochet, Lanas para Crochet Suave, Ovillos de Algodon para Crochet (Tamaño de la Aguja: 3,0-4,0 mm), Color Rosa","Label":"Title","Locale":"es_ES"}},"Offers":{"Summaries":[{"Condition":{"Value":"New"},"LowestPrice":{"Amount":7.98,"Currency":"EUR","DisplayAmount":"7,98 €"}}]}},{"ASIN":"B085J6TZT3","DetailPageURL":"https://www.amazon.es/dp/B085J6TZT3?tag=topinalambricos-21&linkCode=osi&th=1&psc=1","Images":{"Primary":{"Small":{"Height":75,"URL":"https://m.media-amazon.com/images/I/51vVJ0moHAL._SL75_.jpg","Width":75}}},"ItemInfo":{"ByLineInfo":{"Brand":{"DisplayValue":"Ursus","Label":"Brand","Locale":"es_ES"},"Manufacturer":{"DisplayValue":"Buntpapierfabrik Ludwig Bähr GmbH & Co. KG","Label":"Manufacturer","Locale":"es_ES"}},"Title":{"DisplayValue":"Ursus ovillos g / 29 m, 100% algodón, 10 Colores, para Tejer y Hacer Ganchillo y pequeños proyectos de Manualidades, Pastel, Talla única, 290","Label":"Title","Locale":"es_ES"}},"Offers":{"Summaries":[{"Condition":{"Value":"New"},"LowestPrice":{"Amount":9.99,"Currency":"EUR","DisplayAmount":"9,99 € (0,03 € / metro)","PricePerUnit":0.03}}]}},{"ASIN":"B0B1V9Q7H2","DetailPageURL":"https://www.amazon.es/dp/B0B1V9Q7H2?tag=topinalambricos-21&linkCode=osi&th=1&psc=1","Images":{"Primary":{"Small":{"Height":75,"URL":"https://m.media-amazon.com/images/I/41G1Q8ZzCLL._SL75_.jpg","Width":75}}},"ItemInfo":{"ByLineInfo":{"Brand":{"DisplayValue":"Lidia Crochet Tricot","Label":"Brand","Locale":"es_ES"},"Manufacturer":{"DisplayValue":"Lidia Crochet Tricot","Label":"Manufacturer","Locale":"es_ES"}},"Title":{"DisplayValue":"Classic- hilo de lana, lana acrílico, hilo de tejer, hilo de ganchillo (100 gr/ovillo ; 16 colores) (empresa española/envío desde España) (09)","Label":"Title","Locale":"es_ES"}},"Offers":{"Summaries":[{"Condition":{"Value":"New"},"LowestPrice":{"Amount":5.8,"Currency":"EUR","DisplayAmount":"5,80 €"}}]}}],"SearchURL":"https://www.amazon.es/s?k=ganchillo+lana&rh=n%3A4358113031%2Cp_n_availability%3A-1&tag=topinalambricos-21&linkCode=osi","TotalResultCount":1000}},"16":{"SearchResult":{"Items":[{"ASIN":"B0BJ1G7TS1","DetailPageURL":"https://www.amazon.es/dp/B0BJ1G7TS1?tag=topinalambricos-21&linkCode=osi&th=1&psc=1","Images":{"Primary":{"Small":{"Height":75,"URL":"https://m.media-amazon.com/images/I/61VhIYwJJAL._SL75_.jpg","Width":75}}},"ItemInfo":{"ByLineInfo":{"Brand":{"DisplayValue":"MOOING","Label":"Brand","Locale":"es_ES"}},"Title":{"DisplayValue":"MOOING Hilo para Tejer a Crochet, 24 colores, Ovillos de Lana Acrílica con 2 Ganchos de Ganchillo, para DIY y Tejido a Mano","Label":"Title","Locale":"es_ES"}},"Offers":{"Summaries":[{"Condition":{"Value":"New"},"LowestPrice":{"Amount":15.99,"Currency":"EUR","DisplayAmount":"15,99 €"}}]}},{"ASIN":"B0C9TV88MK","DetailPageURL":"https://www.amazon.es/dp/B0C9TV88MK?tag=topinalambricos-21&linkCode=osi&th=1&psc=1","Images":{"Primary":{"Small":{"Height":75,"URL":"https://m.media-amazon.com/images/I/612YK7y3LYL._SL75_.jpg","Width":75}}},"ItemInfo":{"ByLineInfo":{"Brand":{"DisplayValue":"LPAOIS","Label":"Brand","Locale":"es_ES"}},"Title":{"DisplayValue":"LPAOIS Hilo para Tejer a Crochet, 24 colores, con 2 Ganchos de Ganchillo, Ovillos Acrílicos de Lana para DIY y Tejido a Mano","Label":"Title","Locale":"es_ES"}},"Offers":{"Summaries":[{"Condition":{"Value":"New"},"LowestPrice":{"Amount":17.99,"Currency":"EUR","DisplayAmount":"17,99 €"}}]}},{"ASIN":"B087BQK8WV","DetailPageURL":"https://www.amazon.es/dp/B087BQK8WV?tag=topinalambricos-21&linkCode=osi&th=1&psc=1","Images":{"Primary":{"Small":{"Height":69,"URL":"https://m.media-amazon.com/images/I/51C0dGM3t8L._SL75_.jpg","Width":75}}},"ItemInfo":{"ByLineInfo":{"Brand":{"DisplayValue":"ilauke","Label":"Brand","Locale":"es_ES"},"Manufacturer":{"DisplayValue":"ilauke","Label":"Manufacturer","Locale":"es_ES"}},"Title":{"DisplayValue":"Hilo para Tejer a Crochet, ilauke 20 * 30g Ovillo de Lana con 2 Ganchos de Ganchillo, 2 Agujas, 8 Marcadores y Bolsos Verdes, Lana Acrílico Multicolor","Label":"Title","Locale":"es_ES"}},"Offers":{"Summaries":[{"Condition":{"Value":"New"},"LowestPrice":{"Amount":20.97,"Currency":"EUR","DisplayAmount":"20,97 € (34,95 € / kg)","PricePerUnit":34.95}}]}},{"ASIN":"B09SPWG4ZR","DetailPageURL":"https://www.amazon.es/dp/B09SPWG4ZR?tag=topinalambricos-21&linkCode=osi&th=1&psc=1","Images":{"Primary":{"Small":{"Height":75,"URL":"https://m.media-amazon.com/images/I/51QuOmbvIwL._SL75_.jpg","Width":61}}},"ItemInfo":{"ByLineInfo":{"Brand":{"DisplayValue":"Wollbiene","Label":"Brand","Locale":"es_ES"},"Manufacturer":{"DisplayValue":"Wollbiene","Label":"Manufacturer","Locale":"es_ES"}},"Title":{"DisplayValue":"5 ovillos de lana de abeja batik de 100 g, 500 g, con degradado, multicolor, lana de ganchillo (5040 arcoíris)","Label":"Title","Locale":"es_ES"}},"Offers":{"Summaries":[{"Condition":{"Value":"New"},"LowestPrice":{"Amount":22.36,"Currency":"EUR","DisplayAmount":"22,36 € (44,72 € / kg)","PricePerUnit":44.72}}]}},{"ASIN":"B0CL6FP8H3","DetailPageURL":"https://www.amazon.es/dp/B0CL6FP8H3?tag=topinalambricos-21&linkCode=osi&th=1&psc=1","Images":{"Primary":{"Small":{"Height":75,"URL":"https://m.media-amazon.com/images/I/51i1j79Jx3L._SL75_.jpg","Width":75}}},"ItemInfo":{"ByLineInfo":{"Brand":{"DisplayValue":"TYXHXTF","Label":"Brand","Locale":"es_ES"},"Manufacturer":{"DisplayValue":"TYXHXTF","Label":"Manufacturer","Locale":"es_ES"}},"Title":{"DisplayValue":"TYXHXTF 24 PCS Lanas para Crochet, Ovillos de Lana de Hilo Acrílico, Hilo para Tejer a Crochet, Hilo de Tejer Acrílico, Lana para Tejer para Tejer DIY y Tejido a Mano","Label":"Title","Locale":"es_ES"}},"Offers":{"Summaries":[{"Condition":{"Value":"New"},"LowestPrice":{"Amount":11.99,"Currency":"EUR","DisplayAmount":"11,99 €"}}]}},{"ASIN":"B0BML4JYYH","DetailPageURL":"https://www.amazon.es/dp/B0BML4JYYH?tag=topinalambricos-21&linkCode=osi&th=1&psc=1","Images":{"Primary":{"Small":{"Height":70,"URL":"https://m.media-amazon.com/images/I/51HAZmAo5bL._SL75_.jpg","Width":75}}},"ItemInfo":{"ByLineInfo":{"Brand":{"DisplayValue":"ilauke","Label":"Brand","Locale":"es_ES"},"Manufacturer":{"DisplayValue":"ilauke","Label":"Manufacturer","Locale":"es_ES"}},"Title":{"DisplayValue":"Kit de Ganchillos Multicolor,12 Multicolor 25g Ovillos Lanas Super Suave Algodón Leche Hilos Lana con 2 Piezas de Ganchillo,100% Acrílico para Ganchillo y Manualidades para Principiantes y Niños","Label":"Title","Locale":"es_ES"}},"Offers":{"Summaries":[{"Condition":{"Value":"New"},"LowestPrice":{"Amount":15.99,"Currency":"EUR","DisplayAmount":"15,99 €"}}]}},{"ASIN":"B0CFDMCN6X","DetailPageURL":"https://www.amazon.es/dp/B0CFDMCN6X?tag=topinalambricos-21&linkCode=osi&th=1&psc=1","Images":{"Primary":{"Small":{"Height":75,"URL":"https://m.media-amazon.com/images/I/51LNQzvSNpL._SL75_.jpg","Width":75}}},"ItemInfo":{"ByLineInfo":{"Brand":{"DisplayValue":"ZHHGOO","Label":"Brand","Locale":"es_ES"},"Manufacturer":{"DisplayValue":"ZHHGOO","Label":"Manufacturer","Locale":"es_ES"}},"Title":{"DisplayValue":"ZHHGOO Hilo para Tejer a Crochet,24 Colores,Ovillos de Lana Acrílica con 2 Ganchos de Ganchillo y Bolsa Organizadora,Lana para Tejer para DIY y Tejido a Mano","Label":"Title","Locale":"es_ES"}},"Offers":{"Summaries":[{"Condition":{"Value":"New"},"LowestPrice":{"Amount":15.99,"Currency":"EUR","DisplayAmount":"15,99 €"}}]}},{"ASIN":"B0CF57YCM6","DetailPageURL":"https://www.amazon.es/dp/B0CF57YCM6?tag=topinalambricos-21&linkCode=osi&th=1&psc=1","Images":{"Primary":{"Small":{"Height":75,"URL":"https://m.media-amazon.com/images/I/516VA1-qBhL._SL75_.jpg","Width":75}}},"ItemInfo":{"ByLineInfo":{"Brand":{"DisplayValue":"VORHOT","Label":"Brand","Locale":"es_ES"},"Manufacturer":{"DisplayValue":"VORHOT","Label":"Manufacturer","Locale":"es_ES"}},"Title":{"DisplayValue":"VORHOT Hilo para Tejer a Crochet, 300g Hilo Crochet, Lanas para Crochet Suave, Ovillos de Algodon para Crochet (Tamaño de la Aguja: 3,0-4,0 mm), Color Rosa","Label":"Title","Locale":"es_ES"}},"Offers":{"Summaries":[{"Condition":{"Value":"New"},"LowestPrice":{"Amount":7.98,"Currency":"EUR","DisplayAmount":"7,98 €"}}]}},{"ASIN":"B085J6TZT3","DetailPageURL":"https://www.amazon.es/dp/B085J6TZT3?tag=topinalambricos-21&linkCode=osi&th=1&psc=1","Images":{"Primary":{"Small":{"Height":75,"URL":"https://m.media-amazon.com/images/I/51vVJ0moHAL._SL75_.jpg","Width":75}}},"ItemInfo":{"ByLineInfo":{"Brand":{"DisplayValue":"Ursus","Label":"Brand","Locale":"es_ES"},"Manufacturer":{"DisplayValue":"Buntpapierfabrik Ludwig Bähr GmbH & Co. KG","Label":"Manufacturer","Locale":"es_ES"}},"Title":{"DisplayValue":"Ursus ovillos g / 29 m, 100% algodón, 10 Colores, para Tejer y Hacer Ganchillo y pequeños proyectos de Manualidades, Pastel, Talla única, 290","Label":"Title","Locale":"es_ES"}},"Offers":{"Summaries":[{"Condition":{"Value":"New"},"LowestPrice":{"Amount":9.99,"Currency":"EUR","DisplayAmount":"9,99 € (0,03 € / metro)","PricePerUnit":0.03}}]}},{"ASIN":"B0B1V9Q7H2","DetailPageURL":"https://www.amazon.es/dp/B0B1V9Q7H2?tag=topinalambricos-21&linkCode=osi&th=1&psc=1","Images":{"Primary":{"Small":{"Height":75,"URL":"https://m.media-amazon.com/images/I/41G1Q8ZzCLL._SL75_.jpg","Width":75}}},"ItemInfo":{"ByLineInfo":{"Brand":{"DisplayValue":"Lidia Crochet Tricot","Label":"Brand","Locale":"es_ES"},"Manufacturer":{"DisplayValue":"Lidia Crochet Tricot","Label":"Manufacturer","Locale":"es_ES"}},"Title":{"DisplayValue":"Classic- hilo de lana, lana acrílico, hilo de tejer, hilo de ganchillo (100 gr/ovillo ; 16 colores) (empresa española/envío desde España) (09)","Label":"Title","Locale":"es_ES"}},"Offers":{"Summaries":[{"Condition":{"Value":"New"},"LowestPrice":{"Amount":5.8,"Currency":"EUR","DisplayAmount":"5,80 €"}}]}}],"SearchURL":"https://www.amazon.es/s?k=ganchillo+lana&rh=n%3A4358113031%2Cp_n_availability%3A-1&tag=topinalambricos-21&linkCode=osi","TotalResultCount":1000}},"17":{"SearchResult":{"Items":[{"ASIN":"B0BJ1G7TS1","DetailPageURL":"https://www.amazon.es/dp/B0BJ1G7TS1?tag=topinalambricos-21&linkCode=osi&th=1&psc=1","Images":{"Primary":{"Small":{"Height":75,"URL":"https://m.media-amazon.com/images/I/61VhIYwJJAL._SL75_.jpg","Width":75}}},"ItemInfo":{"ByLineInfo":{"Brand":{"DisplayValue":"MOOING","Label":"Brand","Locale":"es_ES"}},"Title":{"DisplayValue":"MOOING Hilo para Tejer a Crochet, 24 colores, Ovillos de Lana Acrílica con 2 Ganchos de Ganchillo, para DIY y Tejido a Mano","Label":"Title","Locale":"es_ES"}},"Offers":{"Summaries":[{"Condition":{"Value":"New"},"LowestPrice":{"Amount":15.99,"Currency":"EUR","DisplayAmount":"15,99 €"}}]}},{"ASIN":"B0C9TV88MK","DetailPageURL":"https://www.amazon.es/dp/B0C9TV88MK?tag=topinalambricos-21&linkCode=osi&th=1&psc=1","Images":{"Primary":{"Small":{"Height":75,"URL":"https://m.media-amazon.com/images/I/612YK7y3LYL._SL75_.jpg","Width":75}}},"ItemInfo":{"ByLineInfo":{"Brand":{"DisplayValue":"LPAOIS","Label":"Brand","Locale":"es_ES"}},"Title":{"DisplayValue":"LPAOIS Hilo para Tejer a Crochet, 24 colores, con 2 Ganchos de Ganchillo, Ovillos Acrílicos de Lana para DIY y Tejido a Mano","Label":"Title","Locale":"es_ES"}},"Offers":{"Summaries":[{"Condition":{"Value":"New"},"LowestPrice":{"Amount":17.99,"Currency":"EUR","DisplayAmount":"17,99 €"}}]}},{"ASIN":"B087BQK8WV","DetailPageURL":"https://www.amazon.es/dp/B087BQK8WV?tag=topinalambricos-21&linkCode=osi&th=1&psc=1","Images":{"Primary":{"Small":{"Height":69,"URL":"https://m.media-amazon.com/images/I/51C0dGM3t8L._SL75_.jpg","Width":75}}},"ItemInfo":{"ByLineInfo":{"Brand":{"DisplayValue":"ilauke","Label":"Brand","Locale":"es_ES"},"Manufacturer":{"DisplayValue":"ilauke","Label":"Manufacturer","Locale":"es_ES"}},"Title":{"DisplayValue":"Hilo para Tejer a Crochet, ilauke 20 * 30g Ovillo de Lana con 2 Ganchos de Ganchillo, 2 Agujas, 8 Marcadores y Bolsos Verdes, Lana Acrílico Multicolor","Label":"Title","Locale":"es_ES"}},"Offers":{"Summaries":[{"Condition":{"Value":"New"},"LowestPrice":{"Amount":20.97,"Currency":"EUR","DisplayAmount":"20,97 € (34,95 € / kg)","PricePerUnit":34.95}}]}},{"ASIN":"B09SPWG4ZR","DetailPageURL":"https://www.amazon.es/dp/B09SPWG4ZR?tag=topinalambricos-21&linkCode=osi&th=1&psc=1","Images":{"Primary":{"Small":{"Height":75,"URL":"https://m.media-amazon.com/images/I/51QuOmbvIwL._SL75_.jpg","Width":61}}},"ItemInfo":{"ByLineInfo":{"Brand":{"DisplayValue":"Wollbiene","Label":"Brand","Locale":"es_ES"},"Manufacturer":{"DisplayValue":"Wollbiene","Label":"Manufacturer","Locale":"es_ES"}},"Title":{"DisplayValue":"5 ovillos de lana de abeja batik de 100 g, 500 g, con degradado, multicolor, lana de ganchillo (5040 arcoíris)","Label":"Title","Locale":"es_ES"}},"Offers":{"Summaries":[{"Condition":{"Value":"New"},"LowestPrice":{"Amount":22.36,"Currency":"EUR","DisplayAmount":"22,36 € (44,72 € / kg)","PricePerUnit":44.72}}]}},{"ASIN":"B0CL6FP8H3","DetailPageURL":"https://www.amazon.es/dp/B0CL6FP8H3?tag=topinalambricos-21&linkCode=osi&th=1&psc=1","Images":{"Primary":{"Small":{"Height":75,"URL":"https://m.media-amazon.com/images/I/51i1j79Jx3L._SL75_.jpg","Width":75}}},"ItemInfo":{"ByLineInfo":{"Brand":{"DisplayValue":"TYXHXTF","Label":"Brand","Locale":"es_ES"},"Manufacturer":{"DisplayValue":"TYXHXTF","Label":"Manufacturer","Locale":"es_ES"}},"Title":{"DisplayValue":"TYXHXTF 24 PCS Lanas para Crochet, Ovillos de Lana de Hilo Acrílico, Hilo para Tejer a Crochet, Hilo de Tejer Acrílico, Lana para Tejer para Tejer DIY y Tejido a Mano","Label":"Title","Locale":"es_ES"}},"Offers":{"Summaries":[{"Condition":{"Value":"New"},"LowestPrice":{"Amount":11.99,"Currency":"EUR","DisplayAmount":"11,99 €"}}]}},{"ASIN":"B0BML4JYYH","DetailPageURL":"https://www.amazon.es/dp/B0BML4JYYH?tag=topinalambricos-21&linkCode=osi&th=1&psc=1","Images":{"Primary":{"Small":{"Height":70,"URL":"https://m.media-amazon.com/images/I/51HAZmAo5bL._SL75_.jpg","Width":75}}},"ItemInfo":{"ByLineInfo":{"Brand":{"DisplayValue":"ilauke","Label":"Brand","Locale":"es_ES"},"Manufacturer":{"DisplayValue":"ilauke","Label":"Manufacturer","Locale":"es_ES"}},"Title":{"DisplayValue":"Kit de Ganchillos Multicolor,12 Multicolor 25g Ovillos Lanas Super Suave Algodón Leche Hilos Lana con 2 Piezas de Ganchillo,100% Acrílico para Ganchillo y Manualidades para Principiantes y Niños","Label":"Title","Locale":"es_ES"}},"Offers":{"Summaries":[{"Condition":{"Value":"New"},"LowestPrice":{"Amount":15.99,"Currency":"EUR","DisplayAmount":"15,99 €"}}]}},{"ASIN":"B0CFDMCN6X","DetailPageURL":"https://www.amazon.es/dp/B0CFDMCN6X?tag=topinalambricos-21&linkCode=osi&th=1&psc=1","Images":{"Primary":{"Small":{"Height":75,"URL":"https://m.media-amazon.com/images/I/51LNQzvSNpL._SL75_.jpg","Width":75}}},"ItemInfo":{"ByLineInfo":{"Brand":{"DisplayValue":"ZHHGOO","Label":"Brand","Locale":"es_ES"},"Manufacturer":{"DisplayValue":"ZHHGOO","Label":"Manufacturer","Locale":"es_ES"}},"Title":{"DisplayValue":"ZHHGOO Hilo para Tejer a Crochet,24 Colores,Ovillos de Lana Acrílica con 2 Ganchos de Ganchillo y Bolsa Organizadora,Lana para Tejer para DIY y Tejido a Mano","Label":"Title","Locale":"es_ES"}},"Offers":{"Summaries":[{"Condition":{"Value":"New"},"LowestPrice":{"Amount":15.99,"Currency":"EUR","DisplayAmount":"15,99 €"}}]}},{"ASIN":"B0CF57YCM6","DetailPageURL":"https://www.amazon.es/dp/B0CF57YCM6?tag=topinalambricos-21&linkCode=osi&th=1&psc=1","Images":{"Primary":{"Small":{"Height":75,"URL":"https://m.media-amazon.com/images/I/516VA1-qBhL._SL75_.jpg","Width":75}}},"ItemInfo":{"ByLineInfo":{"Brand":{"DisplayValue":"VORHOT","Label":"Brand","Locale":"es_ES"},"Manufacturer":{"DisplayValue":"VORHOT","Label":"Manufacturer","Locale":"es_ES"}},"Title":{"DisplayValue":"VORHOT Hilo para Tejer a Crochet, 300g Hilo Crochet, Lanas para Crochet Suave, Ovillos de Algodon para Crochet (Tamaño de la Aguja: 3,0-4,0 mm), Color Rosa","Label":"Title","Locale":"es_ES"}},"Offers":{"Summaries":[{"Condition":{"Value":"New"},"LowestPrice":{"Amount":7.98,"Currency":"EUR","DisplayAmount":"7,98 €"}}]}},{"ASIN":"B085J6TZT3","DetailPageURL":"https://www.amazon.es/dp/B085J6TZT3?tag=topinalambricos-21&linkCode=osi&th=1&psc=1","Images":{"Primary":{"Small":{"Height":75,"URL":"https://m.media-amazon.com/images/I/51vVJ0moHAL._SL75_.jpg","Width":75}}},"ItemInfo":{"ByLineInfo":{"Brand":{"DisplayValue":"Ursus","Label":"Brand","Locale":"es_ES"},"Manufacturer":{"DisplayValue":"Buntpapierfabrik Ludwig Bähr GmbH & Co. KG","Label":"Manufacturer","Locale":"es_ES"}},"Title":{"DisplayValue":"Ursus ovillos g / 29 m, 100% algodón, 10 Colores, para Tejer y Hacer Ganchillo y pequeños proyectos de Manualidades, Pastel, Talla única, 290","Label":"Title","Locale":"es_ES"}},"Offers":{"Summaries":[{"Condition":{"Value":"New"},"LowestPrice":{"Amount":9.99,"Currency":"EUR","DisplayAmount":"9,99 € (0,03 € / metro)","PricePerUnit":0.03}}]}},{"ASIN":"B0B1V9Q7H2","DetailPageURL":"https://www.amazon.es/dp/B0B1V9Q7H2?tag=topinalambricos-21&linkCode=osi&th=1&psc=1","Images":{"Primary":{"Small":{"Height":75,"URL":"https://m.media-amazon.com/images/I/41G1Q8ZzCLL._SL75_.jpg","Width":75}}},"ItemInfo":{"ByLineInfo":{"Brand":{"DisplayValue":"Lidia Crochet Tricot","Label":"Brand","Locale":"es_ES"},"Manufacturer":{"DisplayValue":"Lidia Crochet Tricot","Label":"Manufacturer","Locale":"es_ES"}},"Title":{"DisplayValue":"Classic- hilo de lana, lana acrílico, hilo de tejer, hilo de ganchillo (100 gr/ovillo ; 16 colores) (empresa española/envío desde España) (09)","Label":"Title","Locale":"es_ES"}},"Offers":{"Summaries":[{"Condition":{"Value":"New"},"LowestPrice":{"Amount":5.8,"Currency":"EUR","DisplayAmount":"5,80 €"}}]}}],"SearchURL":"https://www.amazon.es/s?k=ganchillo+lana&rh=n%3A4358113031%2Cp_n_availability%3A-1&tag=topinalambricos-21&linkCode=osi","TotalResultCount":1000}},"18":{"SearchResult":{"Items":[{"ASIN":"B0BJ1G7TS1","DetailPageURL":"https://www.amazon.es/dp/B0BJ1G7TS1?tag=topinalambricos-21&linkCode=osi&th=1&psc=1","Images":{"Primary":{"Small":{"Height":75,"URL":"https://m.media-amazon.com/images/I/61VhIYwJJAL._SL75_.jpg","Width":75}}},"ItemInfo":{"ByLineInfo":{"Brand":{"DisplayValue":"MOOING","Label":"Brand","Locale":"es_ES"}},"Title":{"DisplayValue":"MOOING Hilo para Tejer a Crochet, 24 colores, Ovillos de Lana Acrílica con 2 Ganchos de Ganchillo, para DIY y Tejido a Mano","Label":"Title","Locale":"es_ES"}},"Offers":{"Summaries":[{"Condition":{"Value":"New"},"LowestPrice":{"Amount":15.99,"Currency":"EUR","DisplayAmount":"15,99 €"}}]}},{"ASIN":"B0C9TV88MK","DetailPageURL":"https://www.amazon.es/dp/B0C9TV88MK?tag=topinalambricos-21&linkCode=osi&th=1&psc=1","Images":{"Primary":{"Small":{"Height":75,"URL":"https://m.media-amazon.com/images/I/612YK7y3LYL._SL75_.jpg","Width":75}}},"ItemInfo":{"ByLineInfo":{"Brand":{"DisplayValue":"LPAOIS","Label":"Brand","Locale":"es_ES"}},"Title":{"DisplayValue":"LPAOIS Hilo para Tejer a Crochet, 24 colores, con 2 Ganchos de Ganchillo, Ovillos Acrílicos de Lana para DIY y Tejido a Mano","Label":"Title","Locale":"es_ES"}},"Offers":{"Summaries":[{"Condition":{"Value":"New"},"LowestPrice":{"Amount":17.99,"Currency":"EUR","DisplayAmount":"17,99 €"}}]}},{"ASIN":"B087BQK8WV","DetailPageURL":"https://www.amazon.es/dp/B087BQK8WV?tag=topinalambricos-21&linkCode=osi&th=1&psc=1","Images":{"Primary":{"Small":{"Height":69,"URL":"https://m.media-amazon.com/images/I/51C0dGM3t8L._SL75_.jpg","Width":75}}},"ItemInfo":{"ByLineInfo":{"Brand":{"DisplayValue":"ilauke","Label":"Brand","Locale":"es_ES"},"Manufacturer":{"DisplayValue":"ilauke","Label":"Manufacturer","Locale":"es_ES"}},"Title":{"DisplayValue":"Hilo para Tejer a Crochet, ilauke 20 * 30g Ovillo de Lana con 2 Ganchos de Ganchillo, 2 Agujas, 8 Marcadores y Bolsos Verdes, Lana Acrílico Multicolor","Label":"Title","Locale":"es_ES"}},"Offers":{"Summaries":[{"Condition":{"Value":"New"},"LowestPrice":{"Amount":20.97,"Currency":"EUR","DisplayAmount":"20,97 € (34,95 € / kg)","PricePerUnit":34.95}}]}},{"ASIN":"B09SPWG4ZR","DetailPageURL":"https://www.amazon.es/dp/B09SPWG4ZR?tag=topinalambricos-21&linkCode=osi&th=1&psc=1","Images":{"Primary":{"Small":{"Height":75,"URL":"https://m.media-amazon.com/images/I/51QuOmbvIwL._SL75_.jpg","Width":61}}},"ItemInfo":{"ByLineInfo":{"Brand":{"DisplayValue":"Wollbiene","Label":"Brand","Locale":"es_ES"},"Manufacturer":{"DisplayValue":"Wollbiene","Label":"Manufacturer","Locale":"es_ES"}},"Title":{"DisplayValue":"5 ovillos de lana de abeja batik de 100 g, 500 g, con degradado, multicolor, lana de ganchillo (5040 arcoíris)","Label":"Title","Locale":"es_ES"}},"Offers":{"Summaries":[{"Condition":{"Value":"New"},"LowestPrice":{"Amount":22.36,"Currency":"EUR","DisplayAmount":"22,36 € (44,72 € / kg)","PricePerUnit":44.72}}]}},{"ASIN":"B0CL6FP8H3","DetailPageURL":"https://www.amazon.es/dp/B0CL6FP8H3?tag=topinalambricos-21&linkCode=osi&th=1&psc=1","Images":{"Primary":{"Small":{"Height":75,"URL":"https://m.media-amazon.com/images/I/51i1j79Jx3L._SL75_.jpg","Width":75}}},"ItemInfo":{"ByLineInfo":{"Brand":{"DisplayValue":"TYXHXTF","Label":"Brand","Locale":"es_ES"},"Manufacturer":{"DisplayValue":"TYXHXTF","Label":"Manufacturer","Locale":"es_ES"}},"Title":{"DisplayValue":"TYXHXTF 24 PCS Lanas para Crochet, Ovillos de Lana de Hilo Acrílico, Hilo para Tejer a Crochet, Hilo de Tejer Acrílico, Lana para Tejer para Tejer DIY y Tejido a Mano","Label":"Title","Locale":"es_ES"}},"Offers":{"Summaries":[{"Condition":{"Value":"New"},"LowestPrice":{"Amount":11.99,"Currency":"EUR","DisplayAmount":"11,99 €"}}]}},{"ASIN":"B0BML4JYYH","DetailPageURL":"https://www.amazon.es/dp/B0BML4JYYH?tag=topinalambricos-21&linkCode=osi&th=1&psc=1","Images":{"Primary":{"Small":{"Height":70,"URL":"https://m.media-amazon.com/images/I/51HAZmAo5bL._SL75_.jpg","Width":75}}},"ItemInfo":{"ByLineInfo":{"Brand":{"DisplayValue":"ilauke","Label":"Brand","Locale":"es_ES"},"Manufacturer":{"DisplayValue":"ilauke","Label":"Manufacturer","Locale":"es_ES"}},"Title":{"DisplayValue":"Kit de Ganchillos Multicolor,12 Multicolor 25g Ovillos Lanas Super Suave Algodón Leche Hilos Lana con 2 Piezas de Ganchillo,100% Acrílico para Ganchillo y Manualidades para Principiantes y Niños","Label":"Title","Locale":"es_ES"}},"Offers":{"Summaries":[{"Condition":{"Value":"New"},"LowestPrice":{"Amount":15.99,"Currency":"EUR","DisplayAmount":"15,99 €"}}]}},{"ASIN":"B0CFDMCN6X","DetailPageURL":"https://www.amazon.es/dp/B0CFDMCN6X?tag=topinalambricos-21&linkCode=osi&th=1&psc=1","Images":{"Primary":{"Small":{"Height":75,"URL":"https://m.media-amazon.com/images/I/51LNQzvSNpL._SL75_.jpg","Width":75}}},"ItemInfo":{"ByLineInfo":{"Brand":{"DisplayValue":"ZHHGOO","Label":"Brand","Locale":"es_ES"},"Manufacturer":{"DisplayValue":"ZHHGOO","Label":"Manufacturer","Locale":"es_ES"}},"Title":{"DisplayValue":"ZHHGOO Hilo para Tejer a Crochet,24 Colores,Ovillos de Lana Acrílica con 2 Ganchos de Ganchillo y Bolsa Organizadora,Lana para Tejer para DIY y Tejido a Mano","Label":"Title","Locale":"es_ES"}},"Offers":{"Summaries":[{"Condition":{"Value":"New"},"LowestPrice":{"Amount":15.99,"Currency":"EUR","DisplayAmount":"15,99 €"}}]}},{"ASIN":"B0CF57YCM6","DetailPageURL":"https://www.amazon.es/dp/B0CF57YCM6?tag=topinalambricos-21&linkCode=osi&th=1&psc=1","Images":{"Primary":{"Small":{"Height":75,"URL":"https://m.media-amazon.com/images/I/516VA1-qBhL._SL75_.jpg","Width":75}}},"ItemInfo":{"ByLineInfo":{"Brand":{"DisplayValue":"VORHOT","Label":"Brand","Locale":"es_ES"},"Manufacturer":{"DisplayValue":"VORHOT","Label":"Manufacturer","Locale":"es_ES"}},"Title":{"DisplayValue":"VORHOT Hilo para Tejer a Crochet, 300g Hilo Crochet, Lanas para Crochet Suave, Ovillos de Algodon para Crochet (Tamaño de la Aguja: 3,0-4,0 mm), Color Rosa","Label":"Title","Locale":"es_ES"}},"Offers":{"Summaries":[{"Condition":{"Value":"New"},"LowestPrice":{"Amount":7.98,"Currency":"EUR","DisplayAmount":"7,98 €"}}]}},{"ASIN":"B085J6TZT3","DetailPageURL":"https://www.amazon.es/dp/B085J6TZT3?tag=topinalambricos-21&linkCode=osi&th=1&psc=1","Images":{"Primary":{"Small":{"Height":75,"URL":"https://m.media-amazon.com/images/I/51vVJ0moHAL._SL75_.jpg","Width":75}}},"ItemInfo":{"ByLineInfo":{"Brand":{"DisplayValue":"Ursus","Label":"Brand","Locale":"es_ES"},"Manufacturer":{"DisplayValue":"Buntpapierfabrik Ludwig Bähr GmbH & Co. KG","Label":"Manufacturer","Locale":"es_ES"}},"Title":{"DisplayValue":"Ursus ovillos g / 29 m, 100% algodón, 10 Colores, para Tejer y Hacer Ganchillo y pequeños proyectos de Manualidades, Pastel, Talla única, 290","Label":"Title","Locale":"es_ES"}},"Offers":{"Summaries":[{"Condition":{"Value":"New"},"LowestPrice":{"Amount":9.99,"Currency":"EUR","DisplayAmount":"9,99 € (0,03 € / metro)","PricePerUnit":0.03}}]}},{"ASIN":"B0B1V9Q7H2","DetailPageURL":"https://www.amazon.es/dp/B0B1V9Q7H2?tag=topinalambricos-21&linkCode=osi&th=1&psc=1","Images":{"Primary":{"Small":{"Height":75,"URL":"https://m.media-amazon.com/images/I/41G1Q8ZzCLL._SL75_.jpg","Width":75}}},"ItemInfo":{"ByLineInfo":{"Brand":{"DisplayValue":"Lidia Crochet Tricot","Label":"Brand","Locale":"es_ES"},"Manufacturer":{"DisplayValue":"Lidia Crochet Tricot","Label":"Manufacturer","Locale":"es_ES"}},"Title":{"DisplayValue":"Classic- hilo de lana, lana acrílico, hilo de tejer, hilo de ganchillo (100 gr/ovillo ; 16 colores) (empresa española/envío desde España) (09)","Label":"Title","Locale":"es_ES"}},"Offers":{"Summaries":[{"Condition":{"Value":"New"},"LowestPrice":{"Amount":5.8,"Currency":"EUR","DisplayAmount":"5,80 €"}}]}}],"SearchURL":"https://www.amazon.es/s?k=ganchillo+lana&rh=n%3A4358113031%2Cp_n_availability%3A-1&tag=topinalambricos-21&linkCode=osi","TotalResultCount":1000}},"20":{"SearchResult":{"Items":[{"ASIN":"B0BJ1G7TS1","DetailPageURL":"https://www.amazon.es/dp/B0BJ1G7TS1?tag=topinalambricos-21&linkCode=osi&th=1&psc=1","Images":{"Primary":{"Small":{"Height":75,"URL":"https://m.media-amazon.com/images/I/61VhIYwJJAL._SL75_.jpg","Width":75}}},"ItemInfo":{"ByLineInfo":{"Brand":{"DisplayValue":"MOOING","Label":"Brand","Locale":"es_ES"}},"Title":{"DisplayValue":"MOOING Hilo para Tejer a Crochet, 24 colores, Ovillos de Lana Acrílica con 2 Ganchos de Ganchillo, para DIY y Tejido a Mano","Label":"Title","Locale":"es_ES"}},"Offers":{"Summaries":[{"Condition":{"Value":"New"},"LowestPrice":{"Amount":15.99,"Currency":"EUR","DisplayAmount":"15,99 €"}}]}},{"ASIN":"B0C9TV88MK","DetailPageURL":"https://www.amazon.es/dp/B0C9TV88MK?tag=topinalambricos-21&linkCode=osi&th=1&psc=1","Images":{"Primary":{"Small":{"Height":75,"URL":"https://m.media-amazon.com/images/I/612YK7y3LYL._SL75_.jpg","Width":75}}},"ItemInfo":{"ByLineInfo":{"Brand":{"DisplayValue":"LPAOIS","Label":"Brand","Locale":"es_ES"}},"Title":{"DisplayValue":"LPAOIS Hilo para Tejer a Crochet, 24 colores, con 2 Ganchos de Ganchillo, Ovillos Acrílicos de Lana para DIY y Tejido a Mano","Label":"Title","Locale":"es_ES"}},"Offers":{"Summaries":[{"Condition":{"Value":"New"},"LowestPrice":{"Amount":17.99,"Currency":"EUR","DisplayAmount":"17,99 €"}}]}},{"ASIN":"B087BQK8WV","DetailPageURL":"https://www.amazon.es/dp/B087BQK8WV?tag=topinalambricos-21&linkCode=osi&th=1&psc=1","Images":{"Primary":{"Small":{"Height":69,"URL":"https://m.media-amazon.com/images/I/51C0dGM3t8L._SL75_.jpg","Width":75}}},"ItemInfo":{"ByLineInfo":{"Brand":{"DisplayValue":"ilauke","Label":"Brand","Locale":"es_ES"},"Manufacturer":{"DisplayValue":"ilauke","Label":"Manufacturer","Locale":"es_ES"}},"Title":{"DisplayValue":"Hilo para Tejer a Crochet, ilauke 20 * 30g Ovillo de Lana con 2 Ganchos de Ganchillo, 2 Agujas, 8 Marcadores y Bolsos Verdes, Lana Acrílico Multicolor","Label":"Title","Locale":"es_ES"}},"Offers":{"Summaries":[{"Condition":{"Value":"New"},"LowestPrice":{"Amount":20.97,"Currency":"EUR","DisplayAmount":"20,97 € (34,95 € / kg)","PricePerUnit":34.95}}]}},{"ASIN":"B09SPWG4ZR","DetailPageURL":"https://www.amazon.es/dp/B09SPWG4ZR?tag=topinalambricos-21&linkCode=osi&th=1&psc=1","Images":{"Primary":{"Small":{"Height":75,"URL":"https://m.media-amazon.com/images/I/51QuOmbvIwL._SL75_.jpg","Width":61}}},"ItemInfo":{"ByLineInfo":{"Brand":{"DisplayValue":"Wollbiene","Label":"Brand","Locale":"es_ES"},"Manufacturer":{"DisplayValue":"Wollbiene","Label":"Manufacturer","Locale":"es_ES"}},"Title":{"DisplayValue":"5 ovillos de lana de abeja batik de 100 g, 500 g, con degradado, multicolor, lana de ganchillo (5040 arcoíris)","Label":"Title","Locale":"es_ES"}},"Offers":{"Summaries":[{"Condition":{"Value":"New"},"LowestPrice":{"Amount":22.36,"Currency":"EUR","DisplayAmount":"22,36 € (44,72 € / kg)","PricePerUnit":44.72}}]}},{"ASIN":"B0CL6FP8H3","DetailPageURL":"https://www.amazon.es/dp/B0CL6FP8H3?tag=topinalambricos-21&linkCode=osi&th=1&psc=1","Images":{"Primary":{"Small":{"Height":75,"URL":"https://m.media-amazon.com/images/I/51i1j79Jx3L._SL75_.jpg","Width":75}}},"ItemInfo":{"ByLineInfo":{"Brand":{"DisplayValue":"TYXHXTF","Label":"Brand","Locale":"es_ES"},"Manufacturer":{"DisplayValue":"TYXHXTF","Label":"Manufacturer","Locale":"es_ES"}},"Title":{"DisplayValue":"TYXHXTF 24 PCS Lanas para Crochet, Ovillos de Lana de Hilo Acrílico, Hilo para Tejer a Crochet, Hilo de Tejer Acrílico, Lana para Tejer para Tejer DIY y Tejido a Mano","Label":"Title","Locale":"es_ES"}},"Offers":{"Summaries":[{"Condition":{"Value":"New"},"LowestPrice":{"Amount":11.99,"Currency":"EUR","DisplayAmount":"11,99 €"}}]}},{"ASIN":"B0BML4JYYH","DetailPageURL":"https://www.amazon.es/dp/B0BML4JYYH?tag=topinalambricos-21&linkCode=osi&th=1&psc=1","Images":{"Primary":{"Small":{"Height":70,"URL":"https://m.media-amazon.com/images/I/51HAZmAo5bL._SL75_.jpg","Width":75}}},"ItemInfo":{"ByLineInfo":{"Brand":{"DisplayValue":"ilauke","Label":"Brand","Locale":"es_ES"},"Manufacturer":{"DisplayValue":"ilauke","Label":"Manufacturer","Locale":"es_ES"}},"Title":{"DisplayValue":"Kit de Ganchillos Multicolor,12 Multicolor 25g Ovillos Lanas Super Suave Algodón Leche Hilos Lana con 2 Piezas de Ganchillo,100% Acrílico para Ganchillo y Manualidades para Principiantes y Niños","Label":"Title","Locale":"es_ES"}},"Offers":{"Summaries":[{"Condition":{"Value":"New"},"LowestPrice":{"Amount":15.99,"Currency":"EUR","DisplayAmount":"15,99 €"}}]}},{"ASIN":"B0CFDMCN6X","DetailPageURL":"https://www.amazon.es/dp/B0CFDMCN6X?tag=topinalambricos-21&linkCode=osi&th=1&psc=1","Images":{"Primary":{"Small":{"Height":75,"URL":"https://m.media-amazon.com/images/I/51LNQzvSNpL._SL75_.jpg","Width":75}}},"ItemInfo":{"ByLineInfo":{"Brand":{"DisplayValue":"ZHHGOO","Label":"Brand","Locale":"es_ES"},"Manufacturer":{"DisplayValue":"ZHHGOO","Label":"Manufacturer","Locale":"es_ES"}},"Title":{"DisplayValue":"ZHHGOO Hilo para Tejer a Crochet,24 Colores,Ovillos de Lana Acrílica con 2 Ganchos de Ganchillo y Bolsa Organizadora,Lana para Tejer para DIY y Tejido a Mano","Label":"Title","Locale":"es_ES"}},"Offers":{"Summaries":[{"Condition":{"Value":"New"},"LowestPrice":{"Amount":15.99,"Currency":"EUR","DisplayAmount":"15,99 €"}}]}},{"ASIN":"B0CF57YCM6","DetailPageURL":"https://www.amazon.es/dp/B0CF57YCM6?tag=topinalambricos-21&linkCode=osi&th=1&psc=1","Images":{"Primary":{"Small":{"Height":75,"URL":"https://m.media-amazon.com/images/I/516VA1-qBhL._SL75_.jpg","Width":75}}},"ItemInfo":{"ByLineInfo":{"Brand":{"DisplayValue":"VORHOT","Label":"Brand","Locale":"es_ES"},"Manufacturer":{"DisplayValue":"VORHOT","Label":"Manufacturer","Locale":"es_ES"}},"Title":{"DisplayValue":"VORHOT Hilo para Tejer a Crochet, 300g Hilo Crochet, Lanas para Crochet Suave, Ovillos de Algodon para Crochet (Tamaño de la Aguja: 3,0-4,0 mm), Color Rosa","Label":"Title","Locale":"es_ES"}},"Offers":{"Summaries":[{"Condition":{"Value":"New"},"LowestPrice":{"Amount":7.98,"Currency":"EUR","DisplayAmount":"7,98 €"}}]}},{"ASIN":"B085J6TZT3","DetailPageURL":"https://www.amazon.es/dp/B085J6TZT3?tag=topinalambricos-21&linkCode=osi&th=1&psc=1","Images":{"Primary":{"Small":{"Height":75,"URL":"https://m.media-amazon.com/images/I/51vVJ0moHAL._SL75_.jpg","Width":75}}},"ItemInfo":{"ByLineInfo":{"Brand":{"DisplayValue":"Ursus","Label":"Brand","Locale":"es_ES"},"Manufacturer":{"DisplayValue":"Buntpapierfabrik Ludwig Bähr GmbH & Co. KG","Label":"Manufacturer","Locale":"es_ES"}},"Title":{"DisplayValue":"Ursus ovillos g / 29 m, 100% algodón, 10 Colores, para Tejer y Hacer Ganchillo y pequeños proyectos de Manualidades, Pastel, Talla única, 290","Label":"Title","Locale":"es_ES"}},"Offers":{"Summaries":[{"Condition":{"Value":"New"},"LowestPrice":{"Amount":9.99,"Currency":"EUR","DisplayAmount":"9,99 € (0,03 € / metro)","PricePerUnit":0.03}}]}},{"ASIN":"B0B1V9Q7H2","DetailPageURL":"https://www.amazon.es/dp/B0B1V9Q7H2?tag=topinalambricos-21&linkCode=osi&th=1&psc=1","Images":{"Primary":{"Small":{"Height":75,"URL":"https://m.media-amazon.com/images/I/41G1Q8ZzCLL._SL75_.jpg","Width":75}}},"ItemInfo":{"ByLineInfo":{"Brand":{"DisplayValue":"Lidia Crochet Tricot","Label":"Brand","Locale":"es_ES"},"Manufacturer":{"DisplayValue":"Lidia Crochet Tricot","Label":"Manufacturer","Locale":"es_ES"}},"Title":{"DisplayValue":"Classic- hilo de lana, lana acrílico, hilo de tejer, hilo de ganchillo (100 gr/ovillo ; 16 colores) (empresa española/envío desde España) (09)","Label":"Title","Locale":"es_ES"}},"Offers":{"Summaries":[{"Condition":{"Value":"New"},"LowestPrice":{"Amount":5.8,"Currency":"EUR","DisplayAmount":"5,80 €"}}]}}],"SearchURL":"https://www.amazon.es/s?k=ganchillo+lana&rh=n%3A4358113031%2Cp_n_availability%3A-1&tag=topinalambricos-21&linkCode=osi","TotalResultCount":1000}},"21":{"SearchResult":{"Items":[{"ASIN":"B0BJ1G7TS1","DetailPageURL":"https://www.amazon.es/dp/B0BJ1G7TS1?tag=topinalambricos-21&linkCode=osi&th=1&psc=1","Images":{"Primary":{"Small":{"Height":75,"URL":"https://m.media-amazon.com/images/I/61VhIYwJJAL._SL75_.jpg","Width":75}}},"ItemInfo":{"ByLineInfo":{"Brand":{"DisplayValue":"MOOING","Label":"Brand","Locale":"es_ES"}},"Title":{"DisplayValue":"MOOING Hilo para Tejer a Crochet, 24 colores, Ovillos de Lana Acrílica con 2 Ganchos de Ganchillo, para DIY y Tejido a Mano","Label":"Title","Locale":"es_ES"}},"Offers":{"Summaries":[{"Condition":{"Value":"New"},"LowestPrice":{"Amount":15.99,"Currency":"EUR","DisplayAmount":"15,99 €"}}]}},{"ASIN":"B0C9TV88MK","DetailPageURL":"https://www.amazon.es/dp/B0C9TV88MK?tag=topinalambricos-21&linkCode=osi&th=1&psc=1","Images":{"Primary":{"Small":{"Height":75,"URL":"https://m.media-amazon.com/images/I/612YK7y3LYL._SL75_.jpg","Width":75}}},"ItemInfo":{"ByLineInfo":{"Brand":{"DisplayValue":"LPAOIS","Label":"Brand","Locale":"es_ES"}},"Title":{"DisplayValue":"LPAOIS Hilo para Tejer a Crochet, 24 colores, con 2 Ganchos de Ganchillo, Ovillos Acrílicos de Lana para DIY y Tejido a Mano","Label":"Title","Locale":"es_ES"}},"Offers":{"Summaries":[{"Condition":{"Value":"New"},"LowestPrice":{"Amount":17.99,"Currency":"EUR","DisplayAmount":"17,99 €"}}]}},{"ASIN":"B087BQK8WV","DetailPageURL":"https://www.amazon.es/dp/B087BQK8WV?tag=topinalambricos-21&linkCode=osi&th=1&psc=1","Images":{"Primary":{"Small":{"Height":69,"URL":"https://m.media-amazon.com/images/I/51C0dGM3t8L._SL75_.jpg","Width":75}}},"ItemInfo":{"ByLineInfo":{"Brand":{"DisplayValue":"ilauke","Label":"Brand","Locale":"es_ES"},"Manufacturer":{"DisplayValue":"ilauke","Label":"Manufacturer","Locale":"es_ES"}},"Title":{"DisplayValue":"Hilo para Tejer a Crochet, ilauke 20 * 30g Ovillo de Lana con 2 Ganchos de Ganchillo, 2 Agujas, 8 Marcadores y Bolsos Verdes, Lana Acrílico Multicolor","Label":"Title","Locale":"es_ES"}},"Offers":{"Summaries":[{"Condition":{"Value":"New"},"LowestPrice":{"Amount":20.97,"Currency":"EUR","DisplayAmount":"20,97 € (34,95 € / kg)","PricePerUnit":34.95}}]}},{"ASIN":"B09SPWG4ZR","DetailPageURL":"https://www.amazon.es/dp/B09SPWG4ZR?tag=topinalambricos-21&linkCode=osi&th=1&psc=1","Images":{"Primary":{"Small":{"Height":75,"URL":"https://m.media-amazon.com/images/I/51QuOmbvIwL._SL75_.jpg","Width":61}}},"ItemInfo":{"ByLineInfo":{"Brand":{"DisplayValue":"Wollbiene","Label":"Brand","Locale":"es_ES"},"Manufacturer":{"DisplayValue":"Wollbiene","Label":"Manufacturer","Locale":"es_ES"}},"Title":{"DisplayValue":"5 ovillos de lana de abeja batik de 100 g, 500 g, con degradado, multicolor, lana de ganchillo (5040 arcoíris)","Label":"Title","Locale":"es_ES"}},"Offers":{"Summaries":[{"Condition":{"Value":"New"},"LowestPrice":{"Amount":22.36,"Currency":"EUR","DisplayAmount":"22,36 € (44,72 € / kg)","PricePerUnit":44.72}}]}},{"ASIN":"B0CL6FP8H3","DetailPageURL":"https://www.amazon.es/dp/B0CL6FP8H3?tag=topinalambricos-21&linkCode=osi&th=1&psc=1","Images":{"Primary":{"Small":{"Height":75,"URL":"https://m.media-amazon.com/images/I/51i1j79Jx3L._SL75_.jpg","Width":75}}},"ItemInfo":{"ByLineInfo":{"Brand":{"DisplayValue":"TYXHXTF","Label":"Brand","Locale":"es_ES"},"Manufacturer":{"DisplayValue":"TYXHXTF","Label":"Manufacturer","Locale":"es_ES"}},"Title":{"DisplayValue":"TYXHXTF 24 PCS Lanas para Crochet, Ovillos de Lana de Hilo Acrílico, Hilo para Tejer a Crochet, Hilo de Tejer Acrílico, Lana para Tejer para Tejer DIY y Tejido a Mano","Label":"Title","Locale":"es_ES"}},"Offers":{"Summaries":[{"Condition":{"Value":"New"},"LowestPrice":{"Amount":11.99,"Currency":"EUR","DisplayAmount":"11,99 €"}}]}},{"ASIN":"B0BML4JYYH","DetailPageURL":"https://www.amazon.es/dp/B0BML4JYYH?tag=topinalambricos-21&linkCode=osi&th=1&psc=1","Images":{"Primary":{"Small":{"Height":70,"URL":"https://m.media-amazon.com/images/I/51HAZmAo5bL._SL75_.jpg","Width":75}}},"ItemInfo":{"ByLineInfo":{"Brand":{"DisplayValue":"ilauke","Label":"Brand","Locale":"es_ES"},"Manufacturer":{"DisplayValue":"ilauke","Label":"Manufacturer","Locale":"es_ES"}},"Title":{"DisplayValue":"Kit de Ganchillos Multicolor,12 Multicolor 25g Ovillos Lanas Super Suave Algodón Leche Hilos Lana con 2 Piezas de Ganchillo,100% Acrílico para Ganchillo y Manualidades para Principiantes y Niños","Label":"Title","Locale":"es_ES"}},"Offers":{"Summaries":[{"Condition":{"Value":"New"},"LowestPrice":{"Amount":15.99,"Currency":"EUR","DisplayAmount":"15,99 €"}}]}},{"ASIN":"B0CFDMCN6X","DetailPageURL":"https://www.amazon.es/dp/B0CFDMCN6X?tag=topinalambricos-21&linkCode=osi&th=1&psc=1","Images":{"Primary":{"Small":{"Height":75,"URL":"https://m.media-amazon.com/images/I/51LNQzvSNpL._SL75_.jpg","Width":75}}},"ItemInfo":{"ByLineInfo":{"Brand":{"DisplayValue":"ZHHGOO","Label":"Brand","Locale":"es_ES"},"Manufacturer":{"DisplayValue":"ZHHGOO","Label":"Manufacturer","Locale":"es_ES"}},"Title":{"DisplayValue":"ZHHGOO Hilo para Tejer a Crochet,24 Colores,Ovillos de Lana Acrílica con 2 Ganchos de Ganchillo y Bolsa Organizadora,Lana para Tejer para DIY y Tejido a Mano","Label":"Title","Locale":"es_ES"}},"Offers":{"Summaries":[{"Condition":{"Value":"New"},"LowestPrice":{"Amount":15.99,"Currency":"EUR","DisplayAmount":"15,99 €"}}]}},{"ASIN":"B0CF57YCM6","DetailPageURL":"https://www.amazon.es/dp/B0CF57YCM6?tag=topinalambricos-21&linkCode=osi&th=1&psc=1","Images":{"Primary":{"Small":{"Height":75,"URL":"https://m.media-amazon.com/images/I/516VA1-qBhL._SL75_.jpg","Width":75}}},"ItemInfo":{"ByLineInfo":{"Brand":{"DisplayValue":"VORHOT","Label":"Brand","Locale":"es_ES"},"Manufacturer":{"DisplayValue":"VORHOT","Label":"Manufacturer","Locale":"es_ES"}},"Title":{"DisplayValue":"VORHOT Hilo para Tejer a Crochet, 300g Hilo Crochet, Lanas para Crochet Suave, Ovillos de Algodon para Crochet (Tamaño de la Aguja: 3,0-4,0 mm), Color Rosa","Label":"Title","Locale":"es_ES"}},"Offers":{"Summaries":[{"Condition":{"Value":"New"},"LowestPrice":{"Amount":7.98,"Currency":"EUR","DisplayAmount":"7,98 €"}}]}},{"ASIN":"B085J6TZT3","DetailPageURL":"https://www.amazon.es/dp/B085J6TZT3?tag=topinalambricos-21&linkCode=osi&th=1&psc=1","Images":{"Primary":{"Small":{"Height":75,"URL":"https://m.media-amazon.com/images/I/51vVJ0moHAL._SL75_.jpg","Width":75}}},"ItemInfo":{"ByLineInfo":{"Brand":{"DisplayValue":"Ursus","Label":"Brand","Locale":"es_ES"},"Manufacturer":{"DisplayValue":"Buntpapierfabrik Ludwig Bähr GmbH & Co. KG","Label":"Manufacturer","Locale":"es_ES"}},"Title":{"DisplayValue":"Ursus ovillos g / 29 m, 100% algodón, 10 Colores, para Tejer y Hacer Ganchillo y pequeños proyectos de Manualidades, Pastel, Talla única, 290","Label":"Title","Locale":"es_ES"}},"Offers":{"Summaries":[{"Condition":{"Value":"New"},"LowestPrice":{"Amount":9.99,"Currency":"EUR","DisplayAmount":"9,99 € (0,03 € / metro)","PricePerUnit":0.03}}]}},{"ASIN":"B0B1V9Q7H2","DetailPageURL":"https://www.amazon.es/dp/B0B1V9Q7H2?tag=topinalambricos-21&linkCode=osi&th=1&psc=1","Images":{"Primary":{"Small":{"Height":75,"URL":"https://m.media-amazon.com/images/I/41G1Q8ZzCLL._SL75_.jpg","Width":75}}},"ItemInfo":{"ByLineInfo":{"Brand":{"DisplayValue":"Lidia Crochet Tricot","Label":"Brand","Locale":"es_ES"},"Manufacturer":{"DisplayValue":"Lidia Crochet Tricot","Label":"Manufacturer","Locale":"es_ES"}},"Title":{"DisplayValue":"Classic- hilo de lana, lana acrílico, hilo de tejer, hilo de ganchillo (100 gr/ovillo ; 16 colores) (empresa española/envío desde España) (09)","Label":"Title","Locale":"es_ES"}},"Offers":{"Summaries":[{"Condition":{"Value":"New"},"LowestPrice":{"Amount":5.8,"Currency":"EUR","DisplayAmount":"5,80 €"}}]}}],"SearchURL":"https://www.amazon.es/s?k=ganchillo+lana&rh=n%3A4358113031%2Cp_n_availability%3A-1&tag=topinalambricos-21&linkCode=osi","TotalResultCount":1000}},"22":{"SearchResult":{"Items":[{"ASIN":"B0BJ1G7TS1","DetailPageURL":"https://www.amazon.es/dp/B0BJ1G7TS1?tag=topinalambricos-21&linkCode=osi&th=1&psc=1","Images":{"Primary":{"Small":{"Height":75,"URL":"https://m.media-amazon.com/images/I/61VhIYwJJAL._SL75_.jpg","Width":75}}},"ItemInfo":{"ByLineInfo":{"Brand":{"DisplayValue":"MOOING","Label":"Brand","Locale":"es_ES"}},"Title":{"DisplayValue":"MOOING Hilo para Tejer a Crochet, 24 colores, Ovillos de Lana Acrílica con 2 Ganchos de Ganchillo, para DIY y Tejido a Mano","Label":"Title","Locale":"es_ES"}},"Offers":{"Summaries":[{"Condition":{"Value":"New"},"LowestPrice":{"Amount":15.99,"Currency":"EUR","DisplayAmount":"15,99 €"}}]}},{"ASIN":"B0C9TV88MK","DetailPageURL":"https://www.amazon.es/dp/B0C9TV88MK?tag=topinalambricos-21&linkCode=osi&th=1&psc=1","Images":{"Primary":{"Small":{"Height":75,"URL":"https://m.media-amazon.com/images/I/612YK7y3LYL._SL75_.jpg","Width":75}}},"ItemInfo":{"ByLineInfo":{"Brand":{"DisplayValue":"LPAOIS","Label":"Brand","Locale":"es_ES"}},"Title":{"DisplayValue":"LPAOIS Hilo para Tejer a Crochet, 24 colores, con 2 Ganchos de Ganchillo, Ovillos Acrílicos de Lana para DIY y Tejido a Mano","Label":"Title","Locale":"es_ES"}},"Offers":{"Summaries":[{"Condition":{"Value":"New"},"LowestPrice":{"Amount":17.99,"Currency":"EUR","DisplayAmount":"17,99 €"}}]}},{"ASIN":"B087BQK8WV","DetailPageURL":"https://www.amazon.es/dp/B087BQK8WV?tag=topinalambricos-21&linkCode=osi&th=1&psc=1","Images":{"Primary":{"Small":{"Height":69,"URL":"https://m.media-amazon.com/images/I/51C0dGM3t8L._SL75_.jpg","Width":75}}},"ItemInfo":{"ByLineInfo":{"Brand":{"DisplayValue":"ilauke","Label":"Brand","Locale":"es_ES"},"Manufacturer":{"DisplayValue":"ilauke","Label":"Manufacturer","Locale":"es_ES"}},"Title":{"DisplayValue":"Hilo para Tejer a Crochet, ilauke 20 * 30g Ovillo de Lana con 2 Ganchos de Ganchillo, 2 Agujas, 8 Marcadores y Bolsos Verdes, Lana Acrílico Multicolor","Label":"Title","Locale":"es_ES"}},"Offers":{"Summaries":[{"Condition":{"Value":"New"},"LowestPrice":{"Amount":20.97,"Currency":"EUR","DisplayAmount":"20,97 € (34,95 € / kg)","PricePerUnit":34.95}}]}},{"ASIN":"B09SPWG4ZR","DetailPageURL":"https://www.amazon.es/dp/B09SPWG4ZR?tag=topinalambricos-21&linkCode=osi&th=1&psc=1","Images":{"Primary":{"Small":{"Height":75,"URL":"https://m.media-amazon.com/images/I/51QuOmbvIwL._SL75_.jpg","Width":61}}},"ItemInfo":{"ByLineInfo":{"Brand":{"DisplayValue":"Wollbiene","Label":"Brand","Locale":"es_ES"},"Manufacturer":{"DisplayValue":"Wollbiene","Label":"Manufacturer","Locale":"es_ES"}},"Title":{"DisplayValue":"5 ovillos de lana de abeja batik de 100 g, 500 g, con degradado, multicolor, lana de ganchillo (5040 arcoíris)","Label":"Title","Locale":"es_ES"}},"Offers":{"Summaries":[{"Condition":{"Value":"New"},"LowestPrice":{"Amount":22.36,"Currency":"EUR","DisplayAmount":"22,36 € (44,72 € / kg)","PricePerUnit":44.72}}]}},{"ASIN":"B0CL6FP8H3","DetailPageURL":"https://www.amazon.es/dp/B0CL6FP8H3?tag=topinalambricos-21&linkCode=osi&th=1&psc=1","Images":{"Primary":{"Small":{"Height":75,"URL":"https://m.media-amazon.com/images/I/51i1j79Jx3L._SL75_.jpg","Width":75}}},"ItemInfo":{"ByLineInfo":{"Brand":{"DisplayValue":"TYXHXTF","Label":"Brand","Locale":"es_ES"},"Manufacturer":{"DisplayValue":"TYXHXTF","Label":"Manufacturer","Locale":"es_ES"}},"Title":{"DisplayValue":"TYXHXTF 24 PCS Lanas para Crochet, Ovillos de Lana de Hilo Acrílico, Hilo para Tejer a Crochet, Hilo de Tejer Acrílico, Lana para Tejer para Tejer DIY y Tejido a Mano","Label":"Title","Locale":"es_ES"}},"Offers":{"Summaries":[{"Condition":{"Value":"New"},"LowestPrice":{"Amount":11.99,"Currency":"EUR","DisplayAmount":"11,99 €"}}]}},{"ASIN":"B0BML4JYYH","DetailPageURL":"https://www.amazon.es/dp/B0BML4JYYH?tag=topinalambricos-21&linkCode=osi&th=1&psc=1","Images":{"Primary":{"Small":{"Height":70,"URL":"https://m.media-amazon.com/images/I/51HAZmAo5bL._SL75_.jpg","Width":75}}},"ItemInfo":{"ByLineInfo":{"Brand":{"DisplayValue":"ilauke","Label":"Brand","Locale":"es_ES"},"Manufacturer":{"DisplayValue":"ilauke","Label":"Manufacturer","Locale":"es_ES"}},"Title":{"DisplayValue":"Kit de Ganchillos Multicolor,12 Multicolor 25g Ovillos Lanas Super Suave Algodón Leche Hilos Lana con 2 Piezas de Ganchillo,100% Acrílico para Ganchillo y Manualidades para Principiantes y Niños","Label":"Title","Locale":"es_ES"}},"Offers":{"Summaries":[{"Condition":{"Value":"New"},"LowestPrice":{"Amount":15.99,"Currency":"EUR","DisplayAmount":"15,99 €"}}]}},{"ASIN":"B0CFDMCN6X","DetailPageURL":"https://www.amazon.es/dp/B0CFDMCN6X?tag=topinalambricos-21&linkCode=osi&th=1&psc=1","Images":{"Primary":{"Small":{"Height":75,"URL":"https://m.media-amazon.com/images/I/51LNQzvSNpL._SL75_.jpg","Width":75}}},"ItemInfo":{"ByLineInfo":{"Brand":{"DisplayValue":"ZHHGOO","Label":"Brand","Locale":"es_ES"},"Manufacturer":{"DisplayValue":"ZHHGOO","Label":"Manufacturer","Locale":"es_ES"}},"Title":{"DisplayValue":"ZHHGOO Hilo para Tejer a Crochet,24 Colores,Ovillos de Lana Acrílica con 2 Ganchos de Ganchillo y Bolsa Organizadora,Lana para Tejer para DIY y Tejido a Mano","Label":"Title","Locale":"es_ES"}},"Offers":{"Summaries":[{"Condition":{"Value":"New"},"LowestPrice":{"Amount":15.99,"Currency":"EUR","DisplayAmount":"15,99 €"}}]}},{"ASIN":"B0CF57YCM6","DetailPageURL":"https://www.amazon.es/dp/B0CF57YCM6?tag=topinalambricos-21&linkCode=osi&th=1&psc=1","Images":{"Primary":{"Small":{"Height":75,"URL":"https://m.media-amazon.com/images/I/516VA1-qBhL._SL75_.jpg","Width":75}}},"ItemInfo":{"ByLineInfo":{"Brand":{"DisplayValue":"VORHOT","Label":"Brand","Locale":"es_ES"},"Manufacturer":{"DisplayValue":"VORHOT","Label":"Manufacturer","Locale":"es_ES"}},"Title":{"DisplayValue":"VORHOT Hilo para Tejer a Crochet, 300g Hilo Crochet, Lanas para Crochet Suave, Ovillos de Algodon para Crochet (Tamaño de la Aguja: 3,0-4,0 mm), Color Rosa","Label":"Title","Locale":"es_ES"}},"Offers":{"Summaries":[{"Condition":{"Value":"New"},"LowestPrice":{"Amount":7.98,"Currency":"EUR","DisplayAmount":"7,98 €"}}]}},{"ASIN":"B085J6TZT3","DetailPageURL":"https://www.amazon.es/dp/B085J6TZT3?tag=topinalambricos-21&linkCode=osi&th=1&psc=1","Images":{"Primary":{"Small":{"Height":75,"URL":"https://m.media-amazon.com/images/I/51vVJ0moHAL._SL75_.jpg","Width":75}}},"ItemInfo":{"ByLineInfo":{"Brand":{"DisplayValue":"Ursus","Label":"Brand","Locale":"es_ES"},"Manufacturer":{"DisplayValue":"Buntpapierfabrik Ludwig Bähr GmbH & Co. KG","Label":"Manufacturer","Locale":"es_ES"}},"Title":{"DisplayValue":"Ursus ovillos g / 29 m, 100% algodón, 10 Colores, para Tejer y Hacer Ganchillo y pequeños proyectos de Manualidades, Pastel, Talla única, 290","Label":"Title","Locale":"es_ES"}},"Offers":{"Summaries":[{"Condition":{"Value":"New"},"LowestPrice":{"Amount":9.99,"Currency":"EUR","DisplayAmount":"9,99 € (0,03 € / metro)","PricePerUnit":0.03}}]}},{"ASIN":"B0B1V9Q7H2","DetailPageURL":"https://www.amazon.es/dp/B0B1V9Q7H2?tag=topinalambricos-21&linkCode=osi&th=1&psc=1","Images":{"Primary":{"Small":{"Height":75,"URL":"https://m.media-amazon.com/images/I/41G1Q8ZzCLL._SL75_.jpg","Width":75}}},"ItemInfo":{"ByLineInfo":{"Brand":{"DisplayValue":"Lidia Crochet Tricot","Label":"Brand","Locale":"es_ES"},"Manufacturer":{"DisplayValue":"Lidia Crochet Tricot","Label":"Manufacturer","Locale":"es_ES"}},"Title":{"DisplayValue":"Classic- hilo de lana, lana acrílico, hilo de tejer, hilo de ganchillo (100 gr/ovillo ; 16 colores) (empresa española/envío desde España) (09)","Label":"Title","Locale":"es_ES"}},"Offers":{"Summaries":[{"Condition":{"Value":"New"},"LowestPrice":{"Amount":5.8,"Currency":"EUR","DisplayAmount":"5,80 €"}}]}}],"SearchURL":"https://www.amazon.es/s?k=ganchillo+lana&rh=n%3A4358113031%2Cp_n_availability%3A-1&tag=topinalambricos-21&linkCode=osi","TotalResultCount":1000}},"23":{"SearchResult":{"Items":[{"ASIN":"B0BJ1G7TS1","DetailPageURL":"https://www.amazon.es/dp/B0BJ1G7TS1?tag=topinalambricos-21&linkCode=osi&th=1&psc=1","Images":{"Primary":{"Small":{"Height":75,"URL":"https://m.media-amazon.com/images/I/61VhIYwJJAL._SL75_.jpg","Width":75}}},"ItemInfo":{"ByLineInfo":{"Brand":{"DisplayValue":"MOOING","Label":"Brand","Locale":"es_ES"}},"Title":{"DisplayValue":"MOOING Hilo para Tejer a Crochet, 24 colores, Ovillos de Lana Acrílica con 2 Ganchos de Ganchillo, para DIY y Tejido a Mano","Label":"Title","Locale":"es_ES"}},"Offers":{"Summaries":[{"Condition":{"Value":"New"},"LowestPrice":{"Amount":15.99,"Currency":"EUR","DisplayAmount":"15,99 €"}}]}},{"ASIN":"B0C9TV88MK","DetailPageURL":"https://www.amazon.es/dp/B0C9TV88MK?tag=topinalambricos-21&linkCode=osi&th=1&psc=1","Images":{"Primary":{"Small":{"Height":75,"URL":"https://m.media-amazon.com/images/I/612YK7y3LYL._SL75_.jpg","Width":75}}},"ItemInfo":{"ByLineInfo":{"Brand":{"DisplayValue":"LPAOIS","Label":"Brand","Locale":"es_ES"}},"Title":{"DisplayValue":"LPAOIS Hilo para Tejer a Crochet, 24 colores, con 2 Ganchos de Ganchillo, Ovillos Acrílicos de Lana para DIY y Tejido a Mano","Label":"Title","Locale":"es_ES"}},"Offers":{"Summaries":[{"Condition":{"Value":"New"},"LowestPrice":{"Amount":17.99,"Currency":"EUR","DisplayAmount":"17,99 €"}}]}},{"ASIN":"B087BQK8WV","DetailPageURL":"https://www.amazon.es/dp/B087BQK8WV?tag=topinalambricos-21&linkCode=osi&th=1&psc=1","Images":{"Primary":{"Small":{"Height":69,"URL":"https://m.media-amazon.com/images/I/51C0dGM3t8L._SL75_.jpg","Width":75}}},"ItemInfo":{"ByLineInfo":{"Brand":{"DisplayValue":"ilauke","Label":"Brand","Locale":"es_ES"},"Manufacturer":{"DisplayValue":"ilauke","Label":"Manufacturer","Locale":"es_ES"}},"Title":{"DisplayValue":"Hilo para Tejer a Crochet, ilauke 20 * 30g Ovillo de Lana con 2 Ganchos de Ganchillo, 2 Agujas, 8 Marcadores y Bolsos Verdes, Lana Acrílico Multicolor","Label":"Title","Locale":"es_ES"}},"Offers":{"Summaries":[{"Condition":{"Value":"New"},"LowestPrice":{"Amount":20.97,"Currency":"EUR","DisplayAmount":"20,97 € (34,95 € / kg)","PricePerUnit":34.95}}]}},{"ASIN":"B09SPWG4ZR","DetailPageURL":"https://www.amazon.es/dp/B09SPWG4ZR?tag=topinalambricos-21&linkCode=osi&th=1&psc=1","Images":{"Primary":{"Small":{"Height":75,"URL":"https://m.media-amazon.com/images/I/51QuOmbvIwL._SL75_.jpg","Width":61}}},"ItemInfo":{"ByLineInfo":{"Brand":{"DisplayValue":"Wollbiene","Label":"Brand","Locale":"es_ES"},"Manufacturer":{"DisplayValue":"Wollbiene","Label":"Manufacturer","Locale":"es_ES"}},"Title":{"DisplayValue":"5 ovillos de lana de abeja batik de 100 g, 500 g, con degradado, multicolor, lana de ganchillo (5040 arcoíris)","Label":"Title","Locale":"es_ES"}},"Offers":{"Summaries":[{"Condition":{"Value":"New"},"LowestPrice":{"Amount":22.36,"Currency":"EUR","DisplayAmount":"22,36 € (44,72 € / kg)","PricePerUnit":44.72}}]}},{"ASIN":"B0CL6FP8H3","DetailPageURL":"https://www.amazon.es/dp/B0CL6FP8H3?tag=topinalambricos-21&linkCode=osi&th=1&psc=1","Images":{"Primary":{"Small":{"Height":75,"URL":"https://m.media-amazon.com/images/I/51i1j79Jx3L._SL75_.jpg","Width":75}}},"ItemInfo":{"ByLineInfo":{"Brand":{"DisplayValue":"TYXHXTF","Label":"Brand","Locale":"es_ES"},"Manufacturer":{"DisplayValue":"TYXHXTF","Label":"Manufacturer","Locale":"es_ES"}},"Title":{"DisplayValue":"TYXHXTF 24 PCS Lanas para Crochet, Ovillos de Lana de Hilo Acrílico, Hilo para Tejer a Crochet, Hilo de Tejer Acrílico, Lana para Tejer para Tejer DIY y Tejido a Mano","Label":"Title","Locale":"es_ES"}},"Offers":{"Summaries":[{"Condition":{"Value":"New"},"LowestPrice":{"Amount":11.99,"Currency":"EUR","DisplayAmount":"11,99 €"}}]}},{"ASIN":"B0BML4JYYH","DetailPageURL":"https://www.amazon.es/dp/B0BML4JYYH?tag=topinalambricos-21&linkCode=osi&th=1&psc=1","Images":{"Primary":{"Small":{"Height":70,"URL":"https://m.media-amazon.com/images/I/51HAZmAo5bL._SL75_.jpg","Width":75}}},"ItemInfo":{"ByLineInfo":{"Brand":{"DisplayValue":"ilauke","Label":"Brand","Locale":"es_ES"},"Manufacturer":{"DisplayValue":"ilauke","Label":"Manufacturer","Locale":"es_ES"}},"Title":{"DisplayValue":"Kit de Ganchillos Multicolor,12 Multicolor 25g Ovillos Lanas Super Suave Algodón Leche Hilos Lana con 2 Piezas de Ganchillo,100% Acrílico para Ganchillo y Manualidades para Principiantes y Niños","Label":"Title","Locale":"es_ES"}},"Offers":{"Summaries":[{"Condition":{"Value":"New"},"LowestPrice":{"Amount":15.99,"Currency":"EUR","DisplayAmount":"15,99 €"}}]}},{"ASIN":"B0CFDMCN6X","DetailPageURL":"https://www.amazon.es/dp/B0CFDMCN6X?tag=topinalambricos-21&linkCode=osi&th=1&psc=1","Images":{"Primary":{"Small":{"Height":75,"URL":"https://m.media-amazon.com/images/I/51LNQzvSNpL._SL75_.jpg","Width":75}}},"ItemInfo":{"ByLineInfo":{"Brand":{"DisplayValue":"ZHHGOO","Label":"Brand","Locale":"es_ES"},"Manufacturer":{"DisplayValue":"ZHHGOO","Label":"Manufacturer","Locale":"es_ES"}},"Title":{"DisplayValue":"ZHHGOO Hilo para Tejer a Crochet,24 Colores,Ovillos de Lana Acrílica con 2 Ganchos de Ganchillo y Bolsa Organizadora,Lana para Tejer para DIY y Tejido a Mano","Label":"Title","Locale":"es_ES"}},"Offers":{"Summaries":[{"Condition":{"Value":"New"},"LowestPrice":{"Amount":15.99,"Currency":"EUR","DisplayAmount":"15,99 €"}}]}},{"ASIN":"B0CF57YCM6","DetailPageURL":"https://www.amazon.es/dp/B0CF57YCM6?tag=topinalambricos-21&linkCode=osi&th=1&psc=1","Images":{"Primary":{"Small":{"Height":75,"URL":"https://m.media-amazon.com/images/I/516VA1-qBhL._SL75_.jpg","Width":75}}},"ItemInfo":{"ByLineInfo":{"Brand":{"DisplayValue":"VORHOT","Label":"Brand","Locale":"es_ES"},"Manufacturer":{"DisplayValue":"VORHOT","Label":"Manufacturer","Locale":"es_ES"}},"Title":{"DisplayValue":"VORHOT Hilo para Tejer a Crochet, 300g Hilo Crochet, Lanas para Crochet Suave, Ovillos de Algodon para Crochet (Tamaño de la Aguja: 3,0-4,0 mm), Color Rosa","Label":"Title","Locale":"es_ES"}},"Offers":{"Summaries":[{"Condition":{"Value":"New"},"LowestPrice":{"Amount":7.98,"Currency":"EUR","DisplayAmount":"7,98 €"}}]}},{"ASIN":"B085J6TZT3","DetailPageURL":"https://www.amazon.es/dp/B085J6TZT3?tag=topinalambricos-21&linkCode=osi&th=1&psc=1","Images":{"Primary":{"Small":{"Height":75,"URL":"https://m.media-amazon.com/images/I/51vVJ0moHAL._SL75_.jpg","Width":75}}},"ItemInfo":{"ByLineInfo":{"Brand":{"DisplayValue":"Ursus","Label":"Brand","Locale":"es_ES"},"Manufacturer":{"DisplayValue":"Buntpapierfabrik Ludwig Bähr GmbH & Co. KG","Label":"Manufacturer","Locale":"es_ES"}},"Title":{"DisplayValue":"Ursus ovillos g / 29 m, 100% algodón, 10 Colores, para Tejer y Hacer Ganchillo y pequeños proyectos de Manualidades, Pastel, Talla única, 290","Label":"Title","Locale":"es_ES"}},"Offers":{"Summaries":[{"Condition":{"Value":"New"},"LowestPrice":{"Amount":9.99,"Currency":"EUR","DisplayAmount":"9,99 € (0,03 € / metro)","PricePerUnit":0.03}}]}},{"ASIN":"B0B1V9Q7H2","DetailPageURL":"https://www.amazon.es/dp/B0B1V9Q7H2?tag=topinalambricos-21&linkCode=osi&th=1&psc=1","Images":{"Primary":{"Small":{"Height":75,"URL":"https://m.media-amazon.com/images/I/41G1Q8ZzCLL._SL75_.jpg","Width":75}}},"ItemInfo":{"ByLineInfo":{"Brand":{"DisplayValue":"Lidia Crochet Tricot","Label":"Brand","Locale":"es_ES"},"Manufacturer":{"DisplayValue":"Lidia Crochet Tricot","Label":"Manufacturer","Locale":"es_ES"}},"Title":{"DisplayValue":"Classic- hilo de lana, lana acrílico, hilo de tejer, hilo de ganchillo (100 gr/ovillo ; 16 colores) (empresa española/envío desde España) (09)","Label":"Title","Locale":"es_ES"}},"Offers":{"Summaries":[{"Condition":{"Value":"New"},"LowestPrice":{"Amount":5.8,"Currency":"EUR","DisplayAmount":"5,80 €"}}]}}],"SearchURL":"https://www.amazon.es/s?k=ganchillo+lana&rh=n%3A4358113031%2Cp_n_availability%3A-1&tag=topinalambricos-21&linkCode=osi","TotalResultCount":1000}},"24":{"SearchResult":{"Items":[{"ASIN":"B0BJ1G7TS1","DetailPageURL":"https://www.amazon.es/dp/B0BJ1G7TS1?tag=topinalambricos-21&linkCode=osi&th=1&psc=1","Images":{"Primary":{"Small":{"Height":75,"URL":"https://m.media-amazon.com/images/I/61VhIYwJJAL._SL75_.jpg","Width":75}}},"ItemInfo":{"ByLineInfo":{"Brand":{"DisplayValue":"MOOING","Label":"Brand","Locale":"es_ES"}},"Title":{"DisplayValue":"MOOING Hilo para Tejer a Crochet, 24 colores, Ovillos de Lana Acrílica con 2 Ganchos de Ganchillo, para DIY y Tejido a Mano","Label":"Title","Locale":"es_ES"}},"Offers":{"Summaries":[{"Condition":{"Value":"New"},"LowestPrice":{"Amount":15.99,"Currency":"EUR","DisplayAmount":"15,99 €"}}]}},{"ASIN":"B0C9TV88MK","DetailPageURL":"https://www.amazon.es/dp/B0C9TV88MK?tag=topinalambricos-21&linkCode=osi&th=1&psc=1","Images":{"Primary":{"Small":{"Height":75,"URL":"https://m.media-amazon.com/images/I/612YK7y3LYL._SL75_.jpg","Width":75}}},"ItemInfo":{"ByLineInfo":{"Brand":{"DisplayValue":"LPAOIS","Label":"Brand","Locale":"es_ES"}},"Title":{"DisplayValue":"LPAOIS Hilo para Tejer a Crochet, 24 colores, con 2 Ganchos de Ganchillo, Ovillos Acrílicos de Lana para DIY y Tejido a Mano","Label":"Title","Locale":"es_ES"}},"Offers":{"Summaries":[{"Condition":{"Value":"New"},"LowestPrice":{"Amount":17.99,"Currency":"EUR","DisplayAmount":"17,99 €"}}]}},{"ASIN":"B087BQK8WV","DetailPageURL":"https://www.amazon.es/dp/B087BQK8WV?tag=topinalambricos-21&linkCode=osi&th=1&psc=1","Images":{"Primary":{"Small":{"Height":69,"URL":"https://m.media-amazon.com/images/I/51C0dGM3t8L._SL75_.jpg","Width":75}}},"ItemInfo":{"ByLineInfo":{"Brand":{"DisplayValue":"ilauke","Label":"Brand","Locale":"es_ES"},"Manufacturer":{"DisplayValue":"ilauke","Label":"Manufacturer","Locale":"es_ES"}},"Title":{"DisplayValue":"Hilo para Tejer a Crochet, ilauke 20 * 30g Ovillo de Lana con 2 Ganchos de Ganchillo, 2 Agujas, 8 Marcadores y Bolsos Verdes, Lana Acrílico Multicolor","Label":"Title","Locale":"es_ES"}},"Offers":{"Summaries":[{"Condition":{"Value":"New"},"LowestPrice":{"Amount":20.97,"Currency":"EUR","DisplayAmount":"20,97 € (34,95 € / kg)","PricePerUnit":34.95}}]}},{"ASIN":"B09SPWG4ZR","DetailPageURL":"https://www.amazon.es/dp/B09SPWG4ZR?tag=topinalambricos-21&linkCode=osi&th=1&psc=1","Images":{"Primary":{"Small":{"Height":75,"URL":"https://m.media-amazon.com/images/I/51QuOmbvIwL._SL75_.jpg","Width":61}}},"ItemInfo":{"ByLineInfo":{"Brand":{"DisplayValue":"Wollbiene","Label":"Brand","Locale":"es_ES"},"Manufacturer":{"DisplayValue":"Wollbiene","Label":"Manufacturer","Locale":"es_ES"}},"Title":{"DisplayValue":"5 ovillos de lana de abeja batik de 100 g, 500 g, con degradado, multicolor, lana de ganchillo (5040 arcoíris)","Label":"Title","Locale":"es_ES"}},"Offers":{"Summaries":[{"Condition":{"Value":"New"},"LowestPrice":{"Amount":22.36,"Currency":"EUR","DisplayAmount":"22,36 € (44,72 € / kg)","PricePerUnit":44.72}}]}},{"ASIN":"B0CL6FP8H3","DetailPageURL":"https://www.amazon.es/dp/B0CL6FP8H3?tag=topinalambricos-21&linkCode=osi&th=1&psc=1","Images":{"Primary":{"Small":{"Height":75,"URL":"https://m.media-amazon.com/images/I/51i1j79Jx3L._SL75_.jpg","Width":75}}},"ItemInfo":{"ByLineInfo":{"Brand":{"DisplayValue":"TYXHXTF","Label":"Brand","Locale":"es_ES"},"Manufacturer":{"DisplayValue":"TYXHXTF","Label":"Manufacturer","Locale":"es_ES"}},"Title":{"DisplayValue":"TYXHXTF 24 PCS Lanas para Crochet, Ovillos de Lana de Hilo Acrílico, Hilo para Tejer a Crochet, Hilo de Tejer Acrílico, Lana para Tejer para Tejer DIY y Tejido a Mano","Label":"Title","Locale":"es_ES"}},"Offers":{"Summaries":[{"Condition":{"Value":"New"},"LowestPrice":{"Amount":11.99,"Currency":"EUR","DisplayAmount":"11,99 €"}}]}},{"ASIN":"B0BML4JYYH","DetailPageURL":"https://www.amazon.es/dp/B0BML4JYYH?tag=topinalambricos-21&linkCode=osi&th=1&psc=1","Images":{"Primary":{"Small":{"Height":70,"URL":"https://m.media-amazon.com/images/I/51HAZmAo5bL._SL75_.jpg","Width":75}}},"ItemInfo":{"ByLineInfo":{"Brand":{"DisplayValue":"ilauke","Label":"Brand","Locale":"es_ES"},"Manufacturer":{"DisplayValue":"ilauke","Label":"Manufacturer","Locale":"es_ES"}},"Title":{"DisplayValue":"Kit de Ganchillos Multicolor,12 Multicolor 25g Ovillos Lanas Super Suave Algodón Leche Hilos Lana con 2 Piezas de Ganchillo,100% Acrílico para Ganchillo y Manualidades para Principiantes y Niños","Label":"Title","Locale":"es_ES"}},"Offers":{"Summaries":[{"Condition":{"Value":"New"},"LowestPrice":{"Amount":15.99,"Currency":"EUR","DisplayAmount":"15,99 €"}}]}},{"ASIN":"B0CFDMCN6X","DetailPageURL":"https://www.amazon.es/dp/B0CFDMCN6X?tag=topinalambricos-21&linkCode=osi&th=1&psc=1","Images":{"Primary":{"Small":{"Height":75,"URL":"https://m.media-amazon.com/images/I/51LNQzvSNpL._SL75_.jpg","Width":75}}},"ItemInfo":{"ByLineInfo":{"Brand":{"DisplayValue":"ZHHGOO","Label":"Brand","Locale":"es_ES"},"Manufacturer":{"DisplayValue":"ZHHGOO","Label":"Manufacturer","Locale":"es_ES"}},"Title":{"DisplayValue":"ZHHGOO Hilo para Tejer a Crochet,24 Colores,Ovillos de Lana Acrílica con 2 Ganchos de Ganchillo y Bolsa Organizadora,Lana para Tejer para DIY y Tejido a Mano","Label":"Title","Locale":"es_ES"}},"Offers":{"Summaries":[{"Condition":{"Value":"New"},"LowestPrice":{"Amount":15.99,"Currency":"EUR","DisplayAmount":"15,99 €"}}]}},{"ASIN":"B0CF57YCM6","DetailPageURL":"https://www.amazon.es/dp/B0CF57YCM6?tag=topinalambricos-21&linkCode=osi&th=1&psc=1","Images":{"Primary":{"Small":{"Height":75,"URL":"https://m.media-amazon.com/images/I/516VA1-qBhL._SL75_.jpg","Width":75}}},"ItemInfo":{"ByLineInfo":{"Brand":{"DisplayValue":"VORHOT","Label":"Brand","Locale":"es_ES"},"Manufacturer":{"DisplayValue":"VORHOT","Label":"Manufacturer","Locale":"es_ES"}},"Title":{"DisplayValue":"VORHOT Hilo para Tejer a Crochet, 300g Hilo Crochet, Lanas para Crochet Suave, Ovillos de Algodon para Crochet (Tamaño de la Aguja: 3,0-4,0 mm), Color Rosa","Label":"Title","Locale":"es_ES"}},"Offers":{"Summaries":[{"Condition":{"Value":"New"},"LowestPrice":{"Amount":7.98,"Currency":"EUR","DisplayAmount":"7,98 €"}}]}},{"ASIN":"B085J6TZT3","DetailPageURL":"https://www.amazon.es/dp/B085J6TZT3?tag=topinalambricos-21&linkCode=osi&th=1&psc=1","Images":{"Primary":{"Small":{"Height":75,"URL":"https://m.media-amazon.com/images/I/51vVJ0moHAL._SL75_.jpg","Width":75}}},"ItemInfo":{"ByLineInfo":{"Brand":{"DisplayValue":"Ursus","Label":"Brand","Locale":"es_ES"},"Manufacturer":{"DisplayValue":"Buntpapierfabrik Ludwig Bähr GmbH & Co. KG","Label":"Manufacturer","Locale":"es_ES"}},"Title":{"DisplayValue":"Ursus ovillos g / 29 m, 100% algodón, 10 Colores, para Tejer y Hacer Ganchillo y pequeños proyectos de Manualidades, Pastel, Talla única, 290","Label":"Title","Locale":"es_ES"}},"Offers":{"Summaries":[{"Condition":{"Value":"New"},"LowestPrice":{"Amount":9.99,"Currency":"EUR","DisplayAmount":"9,99 € (0,03 € / metro)","PricePerUnit":0.03}}]}},{"ASIN":"B0B1V9Q7H2","DetailPageURL":"https://www.amazon.es/dp/B0B1V9Q7H2?tag=topinalambricos-21&linkCode=osi&th=1&psc=1","Images":{"Primary":{"Small":{"Height":75,"URL":"https://m.media-amazon.com/images/I/41G1Q8ZzCLL._SL75_.jpg","Width":75}}},"ItemInfo":{"ByLineInfo":{"Brand":{"DisplayValue":"Lidia Crochet Tricot","Label":"Brand","Locale":"es_ES"},"Manufacturer":{"DisplayValue":"Lidia Crochet Tricot","Label":"Manufacturer","Locale":"es_ES"}},"Title":{"DisplayValue":"Classic- hilo de lana, lana acrílico, hilo de tejer, hilo de ganchillo (100 gr/ovillo ; 16 colores) (empresa española/envío desde España) (09)","Label":"Title","Locale":"es_ES"}},"Offers":{"Summaries":[{"Condition":{"Value":"New"},"LowestPrice":{"Amount":5.8,"Currency":"EUR","DisplayAmount":"5,80 €"}}]}}],"SearchURL":"https://www.amazon.es/s?k=ganchillo+lana&rh=n%3A4358113031%2Cp_n_availability%3A-1&tag=topinalambricos-21&linkCode=osi","TotalResultCount":1000}},"25":{"SearchResult":{"Items":[{"ASIN":"B0BJ1G7TS1","DetailPageURL":"https://www.amazon.es/dp/B0BJ1G7TS1?tag=topinalambricos-21&linkCode=osi&th=1&psc=1","Images":{"Primary":{"Small":{"Height":75,"URL":"https://m.media-amazon.com/images/I/61VhIYwJJAL._SL75_.jpg","Width":75}}},"ItemInfo":{"ByLineInfo":{"Brand":{"DisplayValue":"MOOING","Label":"Brand","Locale":"es_ES"}},"Title":{"DisplayValue":"MOOING Hilo para Tejer a Crochet, 24 colores, Ovillos de Lana Acrílica con 2 Ganchos de Ganchillo, para DIY y Tejido a Mano","Label":"Title","Locale":"es_ES"}},"Offers":{"Summaries":[{"Condition":{"Value":"New"},"LowestPrice":{"Amount":15.99,"Currency":"EUR","DisplayAmount":"15,99 €"}}]}},{"ASIN":"B0C9TV88MK","DetailPageURL":"https://www.amazon.es/dp/B0C9TV88MK?tag=topinalambricos-21&linkCode=osi&th=1&psc=1","Images":{"Primary":{"Small":{"Height":75,"URL":"https://m.media-amazon.com/images/I/612YK7y3LYL._SL75_.jpg","Width":75}}},"ItemInfo":{"ByLineInfo":{"Brand":{"DisplayValue":"LPAOIS","Label":"Brand","Locale":"es_ES"}},"Title":{"DisplayValue":"LPAOIS Hilo para Tejer a Crochet, 24 colores, con 2 Ganchos de Ganchillo, Ovillos Acrílicos de Lana para DIY y Tejido a Mano","Label":"Title","Locale":"es_ES"}},"Offers":{"Summaries":[{"Condition":{"Value":"New"},"LowestPrice":{"Amount":17.99,"Currency":"EUR","DisplayAmount":"17,99 €"}}]}},{"ASIN":"B087BQK8WV","DetailPageURL":"https://www.amazon.es/dp/B087BQK8WV?tag=topinalambricos-21&linkCode=osi&th=1&psc=1","Images":{"Primary":{"Small":{"Height":69,"URL":"https://m.media-amazon.com/images/I/51C0dGM3t8L._SL75_.jpg","Width":75}}},"ItemInfo":{"ByLineInfo":{"Brand":{"DisplayValue":"ilauke","Label":"Brand","Locale":"es_ES"},"Manufacturer":{"DisplayValue":"ilauke","Label":"Manufacturer","Locale":"es_ES"}},"Title":{"DisplayValue":"Hilo para Tejer a Crochet, ilauke 20 * 30g Ovillo de Lana con 2 Ganchos de Ganchillo, 2 Agujas, 8 Marcadores y Bolsos Verdes, Lana Acrílico Multicolor","Label":"Title","Locale":"es_ES"}},"Offers":{"Summaries":[{"Condition":{"Value":"New"},"LowestPrice":{"Amount":20.97,"Currency":"EUR","DisplayAmount":"20,97 € (34,95 € / kg)","PricePerUnit":34.95}}]}},{"ASIN":"B09SPWG4ZR","DetailPageURL":"https://www.amazon.es/dp/B09SPWG4ZR?tag=topinalambricos-21&linkCode=osi&th=1&psc=1","Images":{"Primary":{"Small":{"Height":75,"URL":"https://m.media-amazon.com/images/I/51QuOmbvIwL._SL75_.jpg","Width":61}}},"ItemInfo":{"ByLineInfo":{"Brand":{"DisplayValue":"Wollbiene","Label":"Brand","Locale":"es_ES"},"Manufacturer":{"DisplayValue":"Wollbiene","Label":"Manufacturer","Locale":"es_ES"}},"Title":{"DisplayValue":"5 ovillos de lana de abeja batik de 100 g, 500 g, con degradado, multicolor, lana de ganchillo (5040 arcoíris)","Label":"Title","Locale":"es_ES"}},"Offers":{"Summaries":[{"Condition":{"Value":"New"},"LowestPrice":{"Amount":22.36,"Currency":"EUR","DisplayAmount":"22,36 € (44,72 € / kg)","PricePerUnit":44.72}}]}},{"ASIN":"B0CL6FP8H3","DetailPageURL":"https://www.amazon.es/dp/B0CL6FP8H3?tag=topinalambricos-21&linkCode=osi&th=1&psc=1","Images":{"Primary":{"Small":{"Height":75,"URL":"https://m.media-amazon.com/images/I/51i1j79Jx3L._SL75_.jpg","Width":75}}},"ItemInfo":{"ByLineInfo":{"Brand":{"DisplayValue":"TYXHXTF","Label":"Brand","Locale":"es_ES"},"Manufacturer":{"DisplayValue":"TYXHXTF","Label":"Manufacturer","Locale":"es_ES"}},"Title":{"DisplayValue":"TYXHXTF 24 PCS Lanas para Crochet, Ovillos de Lana de Hilo Acrílico, Hilo para Tejer a Crochet, Hilo de Tejer Acrílico, Lana para Tejer para Tejer DIY y Tejido a Mano","Label":"Title","Locale":"es_ES"}},"Offers":{"Summaries":[{"Condition":{"Value":"New"},"LowestPrice":{"Amount":11.99,"Currency":"EUR","DisplayAmount":"11,99 €"}}]}},{"ASIN":"B0BML4JYYH","DetailPageURL":"https://www.amazon.es/dp/B0BML4JYYH?tag=topinalambricos-21&linkCode=osi&th=1&psc=1","Images":{"Primary":{"Small":{"Height":70,"URL":"https://m.media-amazon.com/images/I/51HAZmAo5bL._SL75_.jpg","Width":75}}},"ItemInfo":{"ByLineInfo":{"Brand":{"DisplayValue":"ilauke","Label":"Brand","Locale":"es_ES"},"Manufacturer":{"DisplayValue":"ilauke","Label":"Manufacturer","Locale":"es_ES"}},"Title":{"DisplayValue":"Kit de Ganchillos Multicolor,12 Multicolor 25g Ovillos Lanas Super Suave Algodón Leche Hilos Lana con 2 Piezas de Ganchillo,100% Acrílico para Ganchillo y Manualidades para Principiantes y Niños","Label":"Title","Locale":"es_ES"}},"Offers":{"Summaries":[{"Condition":{"Value":"New"},"LowestPrice":{"Amount":15.99,"Currency":"EUR","DisplayAmount":"15,99 €"}}]}},{"ASIN":"B0CFDMCN6X","DetailPageURL":"https://www.amazon.es/dp/B0CFDMCN6X?tag=topinalambricos-21&linkCode=osi&th=1&psc=1","Images":{"Primary":{"Small":{"Height":75,"URL":"https://m.media-amazon.com/images/I/51LNQzvSNpL._SL75_.jpg","Width":75}}},"ItemInfo":{"ByLineInfo":{"Brand":{"DisplayValue":"ZHHGOO","Label":"Brand","Locale":"es_ES"},"Manufacturer":{"DisplayValue":"ZHHGOO","Label":"Manufacturer","Locale":"es_ES"}},"Title":{"DisplayValue":"ZHHGOO Hilo para Tejer a Crochet,24 Colores,Ovillos de Lana Acrílica con 2 Ganchos de Ganchillo y Bolsa Organizadora,Lana para Tejer para DIY y Tejido a Mano","Label":"Title","Locale":"es_ES"}},"Offers":{"Summaries":[{"Condition":{"Value":"New"},"LowestPrice":{"Amount":15.99,"Currency":"EUR","DisplayAmount":"15,99 €"}}]}},{"ASIN":"B0CF57YCM6","DetailPageURL":"https://www.amazon.es/dp/B0CF57YCM6?tag=topinalambricos-21&linkCode=osi&th=1&psc=1","Images":{"Primary":{"Small":{"Height":75,"URL":"https://m.media-amazon.com/images/I/516VA1-qBhL._SL75_.jpg","Width":75}}},"ItemInfo":{"ByLineInfo":{"Brand":{"DisplayValue":"VORHOT","Label":"Brand","Locale":"es_ES"},"Manufacturer":{"DisplayValue":"VORHOT","Label":"Manufacturer","Locale":"es_ES"}},"Title":{"DisplayValue":"VORHOT Hilo para Tejer a Crochet, 300g Hilo Crochet, Lanas para Crochet Suave, Ovillos de Algodon para Crochet (Tamaño de la Aguja: 3,0-4,0 mm), Color Rosa","Label":"Title","Locale":"es_ES"}},"Offers":{"Summaries":[{"Condition":{"Value":"New"},"LowestPrice":{"Amount":7.98,"Currency":"EUR","DisplayAmount":"7,98 €"}}]}},{"ASIN":"B085J6TZT3","DetailPageURL":"https://www.amazon.es/dp/B085J6TZT3?tag=topinalambricos-21&linkCode=osi&th=1&psc=1","Images":{"Primary":{"Small":{"Height":75,"URL":"https://m.media-amazon.com/images/I/51vVJ0moHAL._SL75_.jpg","Width":75}}},"ItemInfo":{"ByLineInfo":{"Brand":{"DisplayValue":"Ursus","Label":"Brand","Locale":"es_ES"},"Manufacturer":{"DisplayValue":"Buntpapierfabrik Ludwig Bähr GmbH & Co. KG","Label":"Manufacturer","Locale":"es_ES"}},"Title":{"DisplayValue":"Ursus ovillos g / 29 m, 100% algodón, 10 Colores, para Tejer y Hacer Ganchillo y pequeños proyectos de Manualidades, Pastel, Talla única, 290","Label":"Title","Locale":"es_ES"}},"Offers":{"Summaries":[{"Condition":{"Value":"New"},"LowestPrice":{"Amount":9.99,"Currency":"EUR","DisplayAmount":"9,99 € (0,03 € / metro)","PricePerUnit":0.03}}]}},{"ASIN":"B0B1V9Q7H2","DetailPageURL":"https://www.amazon.es/dp/B0B1V9Q7H2?tag=topinalambricos-21&linkCode=osi&th=1&psc=1","Images":{"Primary":{"Small":{"Height":75,"URL":"https://m.media-amazon.com/images/I/41G1Q8ZzCLL._SL75_.jpg","Width":75}}},"ItemInfo":{"ByLineInfo":{"Brand":{"DisplayValue":"Lidia Crochet Tricot","Label":"Brand","Locale":"es_ES"},"Manufacturer":{"DisplayValue":"Lidia Crochet Tricot","Label":"Manufacturer","Locale":"es_ES"}},"Title":{"DisplayValue":"Classic- hilo de lana, lana acrílico, hilo de tejer, hilo de ganchillo (100 gr/ovillo ; 16 colores) (empresa española/envío desde España) (09)","Label":"Title","Locale":"es_ES"}},"Offers":{"Summaries":[{"Condition":{"Value":"New"},"LowestPrice":{"Amount":5.8,"Currency":"EUR","DisplayAmount":"5,80 €"}}]}}],"SearchURL":"https://www.amazon.es/s?k=ganchillo+lana&rh=n%3A4358113031%2Cp_n_availability%3A-1&tag=topinalambricos-21&linkCode=osi","TotalResultCount":1000}},"26":{"SearchResult":{"Items":[{"ASIN":"B0BJ1G7TS1","DetailPageURL":"https://www.amazon.es/dp/B0BJ1G7TS1?tag=topinalambricos-21&linkCode=osi&th=1&psc=1","Images":{"Primary":{"Small":{"Height":75,"URL":"https://m.media-amazon.com/images/I/61VhIYwJJAL._SL75_.jpg","Width":75}}},"ItemInfo":{"ByLineInfo":{"Brand":{"DisplayValue":"MOOING","Label":"Brand","Locale":"es_ES"}},"Title":{"DisplayValue":"MOOING Hilo para Tejer a Crochet, 24 colores, Ovillos de Lana Acrílica con 2 Ganchos de Ganchillo, para DIY y Tejido a Mano","Label":"Title","Locale":"es_ES"}},"Offers":{"Summaries":[{"Condition":{"Value":"New"},"LowestPrice":{"Amount":15.99,"Currency":"EUR","DisplayAmount":"15,99 €"}}]}},{"ASIN":"B0C9TV88MK","DetailPageURL":"https://www.amazon.es/dp/B0C9TV88MK?tag=topinalambricos-21&linkCode=osi&th=1&psc=1","Images":{"Primary":{"Small":{"Height":75,"URL":"https://m.media-amazon.com/images/I/612YK7y3LYL._SL75_.jpg","Width":75}}},"ItemInfo":{"ByLineInfo":{"Brand":{"DisplayValue":"LPAOIS","Label":"Brand","Locale":"es_ES"}},"Title":{"DisplayValue":"LPAOIS Hilo para Tejer a Crochet, 24 colores, con 2 Ganchos de Ganchillo, Ovillos Acrílicos de Lana para DIY y Tejido a Mano","Label":"Title","Locale":"es_ES"}},"Offers":{"Summaries":[{"Condition":{"Value":"New"},"LowestPrice":{"Amount":17.99,"Currency":"EUR","DisplayAmount":"17,99 €"}}]}},{"ASIN":"B087BQK8WV","DetailPageURL":"https://www.amazon.es/dp/B087BQK8WV?tag=topinalambricos-21&linkCode=osi&th=1&psc=1","Images":{"Primary":{"Small":{"Height":69,"URL":"https://m.media-amazon.com/images/I/51C0dGM3t8L._SL75_.jpg","Width":75}}},"ItemInfo":{"ByLineInfo":{"Brand":{"DisplayValue":"ilauke","Label":"Brand","Locale":"es_ES"},"Manufacturer":{"DisplayValue":"ilauke","Label":"Manufacturer","Locale":"es_ES"}},"Title":{"DisplayValue":"Hilo para Tejer a Crochet, ilauke 20 * 30g Ovillo de Lana con 2 Ganchos de Ganchillo, 2 Agujas, 8 Marcadores y Bolsos Verdes, Lana Acrílico Multicolor","Label":"Title","Locale":"es_ES"}},"Offers":{"Summaries":[{"Condition":{"Value":"New"},"LowestPrice":{"Amount":20.97,"Currency":"EUR","DisplayAmount":"20,97 € (34,95 € / kg)","PricePerUnit":34.95}}]}},{"ASIN":"B09SPWG4ZR","DetailPageURL":"https://www.amazon.es/dp/B09SPWG4ZR?tag=topinalambricos-21&linkCode=osi&th=1&psc=1","Images":{"Primary":{"Small":{"Height":75,"URL":"https://m.media-amazon.com/images/I/51QuOmbvIwL._SL75_.jpg","Width":61}}},"ItemInfo":{"ByLineInfo":{"Brand":{"DisplayValue":"Wollbiene","Label":"Brand","Locale":"es_ES"},"Manufacturer":{"DisplayValue":"Wollbiene","Label":"Manufacturer","Locale":"es_ES"}},"Title":{"DisplayValue":"5 ovillos de lana de abeja batik de 100 g, 500 g, con degradado, multicolor, lana de ganchillo (5040 arcoíris)","Label":"Title","Locale":"es_ES"}},"Offers":{"Summaries":[{"Condition":{"Value":"New"},"LowestPrice":{"Amount":22.36,"Currency":"EUR","DisplayAmount":"22,36 € (44,72 € / kg)","PricePerUnit":44.72}}]}},{"ASIN":"B0CL6FP8H3","DetailPageURL":"https://www.amazon.es/dp/B0CL6FP8H3?tag=topinalambricos-21&linkCode=osi&th=1&psc=1","Images":{"Primary":{"Small":{"Height":75,"URL":"https://m.media-amazon.com/images/I/51i1j79Jx3L._SL75_.jpg","Width":75}}},"ItemInfo":{"ByLineInfo":{"Brand":{"DisplayValue":"TYXHXTF","Label":"Brand","Locale":"es_ES"},"Manufacturer":{"DisplayValue":"TYXHXTF","Label":"Manufacturer","Locale":"es_ES"}},"Title":{"DisplayValue":"TYXHXTF 24 PCS Lanas para Crochet, Ovillos de Lana de Hilo Acrílico, Hilo para Tejer a Crochet, Hilo de Tejer Acrílico, Lana para Tejer para Tejer DIY y Tejido a Mano","Label":"Title","Locale":"es_ES"}},"Offers":{"Summaries":[{"Condition":{"Value":"New"},"LowestPrice":{"Amount":11.99,"Currency":"EUR","DisplayAmount":"11,99 €"}}]}},{"ASIN":"B0BML4JYYH","DetailPageURL":"https://www.amazon.es/dp/B0BML4JYYH?tag=topinalambricos-21&linkCode=osi&th=1&psc=1","Images":{"Primary":{"Small":{"Height":70,"URL":"https://m.media-amazon.com/images/I/51HAZmAo5bL._SL75_.jpg","Width":75}}},"ItemInfo":{"ByLineInfo":{"Brand":{"DisplayValue":"ilauke","Label":"Brand","Locale":"es_ES"},"Manufacturer":{"DisplayValue":"ilauke","Label":"Manufacturer","Locale":"es_ES"}},"Title":{"DisplayValue":"Kit de Ganchillos Multicolor,12 Multicolor 25g Ovillos Lanas Super Suave Algodón Leche Hilos Lana con 2 Piezas de Ganchillo,100% Acrílico para Ganchillo y Manualidades para Principiantes y Niños","Label":"Title","Locale":"es_ES"}},"Offers":{"Summaries":[{"Condition":{"Value":"New"},"LowestPrice":{"Amount":15.99,"Currency":"EUR","DisplayAmount":"15,99 €"}}]}},{"ASIN":"B0CFDMCN6X","DetailPageURL":"https://www.amazon.es/dp/B0CFDMCN6X?tag=topinalambricos-21&linkCode=osi&th=1&psc=1","Images":{"Primary":{"Small":{"Height":75,"URL":"https://m.media-amazon.com/images/I/51LNQzvSNpL._SL75_.jpg","Width":75}}},"ItemInfo":{"ByLineInfo":{"Brand":{"DisplayValue":"ZHHGOO","Label":"Brand","Locale":"es_ES"},"Manufacturer":{"DisplayValue":"ZHHGOO","Label":"Manufacturer","Locale":"es_ES"}},"Title":{"DisplayValue":"ZHHGOO Hilo para Tejer a Crochet,24 Colores,Ovillos de Lana Acrílica con 2 Ganchos de Ganchillo y Bolsa Organizadora,Lana para Tejer para DIY y Tejido a Mano","Label":"Title","Locale":"es_ES"}},"Offers":{"Summaries":[{"Condition":{"Value":"New"},"LowestPrice":{"Amount":15.99,"Currency":"EUR","DisplayAmount":"15,99 €"}}]}},{"ASIN":"B0CF57YCM6","DetailPageURL":"https://www.amazon.es/dp/B0CF57YCM6?tag=topinalambricos-21&linkCode=osi&th=1&psc=1","Images":{"Primary":{"Small":{"Height":75,"URL":"https://m.media-amazon.com/images/I/516VA1-qBhL._SL75_.jpg","Width":75}}},"ItemInfo":{"ByLineInfo":{"Brand":{"DisplayValue":"VORHOT","Label":"Brand","Locale":"es_ES"},"Manufacturer":{"DisplayValue":"VORHOT","Label":"Manufacturer","Locale":"es_ES"}},"Title":{"DisplayValue":"VORHOT Hilo para Tejer a Crochet, 300g Hilo Crochet, Lanas para Crochet Suave, Ovillos de Algodon para Crochet (Tamaño de la Aguja: 3,0-4,0 mm), Color Rosa","Label":"Title","Locale":"es_ES"}},"Offers":{"Summaries":[{"Condition":{"Value":"New"},"LowestPrice":{"Amount":7.98,"Currency":"EUR","DisplayAmount":"7,98 €"}}]}},{"ASIN":"B085J6TZT3","DetailPageURL":"https://www.amazon.es/dp/B085J6TZT3?tag=topinalambricos-21&linkCode=osi&th=1&psc=1","Images":{"Primary":{"Small":{"Height":75,"URL":"https://m.media-amazon.com/images/I/51vVJ0moHAL._SL75_.jpg","Width":75}}},"ItemInfo":{"ByLineInfo":{"Brand":{"DisplayValue":"Ursus","Label":"Brand","Locale":"es_ES"},"Manufacturer":{"DisplayValue":"Buntpapierfabrik Ludwig Bähr GmbH & Co. KG","Label":"Manufacturer","Locale":"es_ES"}},"Title":{"DisplayValue":"Ursus ovillos g / 29 m, 100% algodón, 10 Colores, para Tejer y Hacer Ganchillo y pequeños proyectos de Manualidades, Pastel, Talla única, 290","Label":"Title","Locale":"es_ES"}},"Offers":{"Summaries":[{"Condition":{"Value":"New"},"LowestPrice":{"Amount":9.99,"Currency":"EUR","DisplayAmount":"9,99 € (0,03 € / metro)","PricePerUnit":0.03}}]}},{"ASIN":"B0B1V9Q7H2","DetailPageURL":"https://www.amazon.es/dp/B0B1V9Q7H2?tag=topinalambricos-21&linkCode=osi&th=1&psc=1","Images":{"Primary":{"Small":{"Height":75,"URL":"https://m.media-amazon.com/images/I/41G1Q8ZzCLL._SL75_.jpg","Width":75}}},"ItemInfo":{"ByLineInfo":{"Brand":{"DisplayValue":"Lidia Crochet Tricot","Label":"Brand","Locale":"es_ES"},"Manufacturer":{"DisplayValue":"Lidia Crochet Tricot","Label":"Manufacturer","Locale":"es_ES"}},"Title":{"DisplayValue":"Classic- hilo de lana, lana acrílico, hilo de tejer, hilo de ganchillo (100 gr/ovillo ; 16 colores) (empresa española/envío desde España) (09)","Label":"Title","Locale":"es_ES"}},"Offers":{"Summaries":[{"Condition":{"Value":"New"},"LowestPrice":{"Amount":5.8,"Currency":"EUR","DisplayAmount":"5,80 €"}}]}}],"SearchURL":"https://www.amazon.es/s?k=ganchillo+lana&rh=n%3A4358113031%2Cp_n_availability%3A-1&tag=topinalambricos-21&linkCode=osi","TotalResultCount":1000}},"27":{"SearchResult":{"Items":[{"ASIN":"B0BJ1G7TS1","DetailPageURL":"https://www.amazon.es/dp/B0BJ1G7TS1?tag=topinalambricos-21&linkCode=osi&th=1&psc=1","Images":{"Primary":{"Small":{"Height":75,"URL":"https://m.media-amazon.com/images/I/61VhIYwJJAL._SL75_.jpg","Width":75}}},"ItemInfo":{"ByLineInfo":{"Brand":{"DisplayValue":"MOOING","Label":"Brand","Locale":"es_ES"}},"Title":{"DisplayValue":"MOOING Hilo para Tejer a Crochet, 24 colores, Ovillos de Lana Acrílica con 2 Ganchos de Ganchillo, para DIY y Tejido a Mano","Label":"Title","Locale":"es_ES"}},"Offers":{"Summaries":[{"Condition":{"Value":"New"},"LowestPrice":{"Amount":15.99,"Currency":"EUR","DisplayAmount":"15,99 €"}}]}},{"ASIN":"B0C9TV88MK","DetailPageURL":"https://www.amazon.es/dp/B0C9TV88MK?tag=topinalambricos-21&linkCode=osi&th=1&psc=1","Images":{"Primary":{"Small":{"Height":75,"URL":"https://m.media-amazon.com/images/I/612YK7y3LYL._SL75_.jpg","Width":75}}},"ItemInfo":{"ByLineInfo":{"Brand":{"DisplayValue":"LPAOIS","Label":"Brand","Locale":"es_ES"}},"Title":{"DisplayValue":"LPAOIS Hilo para Tejer a Crochet, 24 colores, con 2 Ganchos de Ganchillo, Ovillos Acrílicos de Lana para DIY y Tejido a Mano","Label":"Title","Locale":"es_ES"}},"Offers":{"Summaries":[{"Condition":{"Value":"New"},"LowestPrice":{"Amount":17.99,"Currency":"EUR","DisplayAmount":"17,99 €"}}]}},{"ASIN":"B087BQK8WV","DetailPageURL":"https://www.amazon.es/dp/B087BQK8WV?tag=topinalambricos-21&linkCode=osi&th=1&psc=1","Images":{"Primary":{"Small":{"Height":69,"URL":"https://m.media-amazon.com/images/I/51C0dGM3t8L._SL75_.jpg","Width":75}}},"ItemInfo":{"ByLineInfo":{"Brand":{"DisplayValue":"ilauke","Label":"Brand","Locale":"es_ES"},"Manufacturer":{"DisplayValue":"ilauke","Label":"Manufacturer","Locale":"es_ES"}},"Title":{"DisplayValue":"Hilo para Tejer a Crochet, ilauke 20 * 30g Ovillo de Lana con 2 Ganchos de Ganchillo, 2 Agujas, 8 Marcadores y Bolsos Verdes, Lana Acrílico Multicolor","Label":"Title","Locale":"es_ES"}},"Offers":{"Summaries":[{"Condition":{"Value":"New"},"LowestPrice":{"Amount":20.97,"Currency":"EUR","DisplayAmount":"20,97 € (34,95 € / kg)","PricePerUnit":34.95}}]}},{"ASIN":"B09SPWG4ZR","DetailPageURL":"https://www.amazon.es/dp/B09SPWG4ZR?tag=topinalambricos-21&linkCode=osi&th=1&psc=1","Images":{"Primary":{"Small":{"Height":75,"URL":"https://m.media-amazon.com/images/I/51QuOmbvIwL._SL75_.jpg","Width":61}}},"ItemInfo":{"ByLineInfo":{"Brand":{"DisplayValue":"Wollbiene","Label":"Brand","Locale":"es_ES"},"Manufacturer":{"DisplayValue":"Wollbiene","Label":"Manufacturer","Locale":"es_ES"}},"Title":{"DisplayValue":"5 ovillos de lana de abeja batik de 100 g, 500 g, con degradado, multicolor, lana de ganchillo (5040 arcoíris)","Label":"Title","Locale":"es_ES"}},"Offers":{"Summaries":[{"Condition":{"Value":"New"},"LowestPrice":{"Amount":22.36,"Currency":"EUR","DisplayAmount":"22,36 € (44,72 € / kg)","PricePerUnit":44.72}}]}},{"ASIN":"B0CL6FP8H3","DetailPageURL":"https://www.amazon.es/dp/B0CL6FP8H3?tag=topinalambricos-21&linkCode=osi&th=1&psc=1","Images":{"Primary":{"Small":{"Height":75,"URL":"https://m.media-amazon.com/images/I/51i1j79Jx3L._SL75_.jpg","Width":75}}},"ItemInfo":{"ByLineInfo":{"Brand":{"DisplayValue":"TYXHXTF","Label":"Brand","Locale":"es_ES"},"Manufacturer":{"DisplayValue":"TYXHXTF","Label":"Manufacturer","Locale":"es_ES"}},"Title":{"DisplayValue":"TYXHXTF 24 PCS Lanas para Crochet, Ovillos de Lana de Hilo Acrílico, Hilo para Tejer a Crochet, Hilo de Tejer Acrílico, Lana para Tejer para Tejer DIY y Tejido a Mano","Label":"Title","Locale":"es_ES"}},"Offers":{"Summaries":[{"Condition":{"Value":"New"},"LowestPrice":{"Amount":11.99,"Currency":"EUR","DisplayAmount":"11,99 €"}}]}},{"ASIN":"B0BML4JYYH","DetailPageURL":"https://www.amazon.es/dp/B0BML4JYYH?tag=topinalambricos-21&linkCode=osi&th=1&psc=1","Images":{"Primary":{"Small":{"Height":70,"URL":"https://m.media-amazon.com/images/I/51HAZmAo5bL._SL75_.jpg","Width":75}}},"ItemInfo":{"ByLineInfo":{"Brand":{"DisplayValue":"ilauke","Label":"Brand","Locale":"es_ES"},"Manufacturer":{"DisplayValue":"ilauke","Label":"Manufacturer","Locale":"es_ES"}},"Title":{"DisplayValue":"Kit de Ganchillos Multicolor,12 Multicolor 25g Ovillos Lanas Super Suave Algodón Leche Hilos Lana con 2 Piezas de Ganchillo,100% Acrílico para Ganchillo y Manualidades para Principiantes y Niños","Label":"Title","Locale":"es_ES"}},"Offers":{"Summaries":[{"Condition":{"Value":"New"},"LowestPrice":{"Amount":15.99,"Currency":"EUR","DisplayAmount":"15,99 €"}}]}},{"ASIN":"B0CFDMCN6X","DetailPageURL":"https://www.amazon.es/dp/B0CFDMCN6X?tag=topinalambricos-21&linkCode=osi&th=1&psc=1","Images":{"Primary":{"Small":{"Height":75,"URL":"https://m.media-amazon.com/images/I/51LNQzvSNpL._SL75_.jpg","Width":75}}},"ItemInfo":{"ByLineInfo":{"Brand":{"DisplayValue":"ZHHGOO","Label":"Brand","Locale":"es_ES"},"Manufacturer":{"DisplayValue":"ZHHGOO","Label":"Manufacturer","Locale":"es_ES"}},"Title":{"DisplayValue":"ZHHGOO Hilo para Tejer a Crochet,24 Colores,Ovillos de Lana Acrílica con 2 Ganchos de Ganchillo y Bolsa Organizadora,Lana para Tejer para DIY y Tejido a Mano","Label":"Title","Locale":"es_ES"}},"Offers":{"Summaries":[{"Condition":{"Value":"New"},"LowestPrice":{"Amount":15.99,"Currency":"EUR","DisplayAmount":"15,99 €"}}]}},{"ASIN":"B0CF57YCM6","DetailPageURL":"https://www.amazon.es/dp/B0CF57YCM6?tag=topinalambricos-21&linkCode=osi&th=1&psc=1","Images":{"Primary":{"Small":{"Height":75,"URL":"https://m.media-amazon.com/images/I/516VA1-qBhL._SL75_.jpg","Width":75}}},"ItemInfo":{"ByLineInfo":{"Brand":{"DisplayValue":"VORHOT","Label":"Brand","Locale":"es_ES"},"Manufacturer":{"DisplayValue":"VORHOT","Label":"Manufacturer","Locale":"es_ES"}},"Title":{"DisplayValue":"VORHOT Hilo para Tejer a Crochet, 300g Hilo Crochet, Lanas para Crochet Suave, Ovillos de Algodon para Crochet (Tamaño de la Aguja: 3,0-4,0 mm), Color Rosa","Label":"Title","Locale":"es_ES"}},"Offers":{"Summaries":[{"Condition":{"Value":"New"},"LowestPrice":{"Amount":7.98,"Currency":"EUR","DisplayAmount":"7,98 €"}}]}},{"ASIN":"B085J6TZT3","DetailPageURL":"https://www.amazon.es/dp/B085J6TZT3?tag=topinalambricos-21&linkCode=osi&th=1&psc=1","Images":{"Primary":{"Small":{"Height":75,"URL":"https://m.media-amazon.com/images/I/51vVJ0moHAL._SL75_.jpg","Width":75}}},"ItemInfo":{"ByLineInfo":{"Brand":{"DisplayValue":"Ursus","Label":"Brand","Locale":"es_ES"},"Manufacturer":{"DisplayValue":"Buntpapierfabrik Ludwig Bähr GmbH & Co. KG","Label":"Manufacturer","Locale":"es_ES"}},"Title":{"DisplayValue":"Ursus ovillos g / 29 m, 100% algodón, 10 Colores, para Tejer y Hacer Ganchillo y pequeños proyectos de Manualidades, Pastel, Talla única, 290","Label":"Title","Locale":"es_ES"}},"Offers":{"Summaries":[{"Condition":{"Value":"New"},"LowestPrice":{"Amount":9.99,"Currency":"EUR","DisplayAmount":"9,99 € (0,03 € / metro)","PricePerUnit":0.03}}]}},{"ASIN":"B0B1V9Q7H2","DetailPageURL":"https://www.amazon.es/dp/B0B1V9Q7H2?tag=topinalambricos-21&linkCode=osi&th=1&psc=1","Images":{"Primary":{"Small":{"Height":75,"URL":"https://m.media-amazon.com/images/I/41G1Q8ZzCLL._SL75_.jpg","Width":75}}},"ItemInfo":{"ByLineInfo":{"Brand":{"DisplayValue":"Lidia Crochet Tricot","Label":"Brand","Locale":"es_ES"},"Manufacturer":{"DisplayValue":"Lidia Crochet Tricot","Label":"Manufacturer","Locale":"es_ES"}},"Title":{"DisplayValue":"Classic- hilo de lana, lana acrílico, hilo de tejer, hilo de ganchillo (100 gr/ovillo ; 16 colores) (empresa española/envío desde España) (09)","Label":"Title","Locale":"es_ES"}},"Offers":{"Summaries":[{"Condition":{"Value":"New"},"LowestPrice":{"Amount":5.8,"Currency":"EUR","DisplayAmount":"5,80 €"}}]}}],"SearchURL":"https://www.amazon.es/s?k=ganchillo+lana&rh=n%3A4358113031%2Cp_n_availability%3A-1&tag=topinalambricos-21&linkCode=osi","TotalResultCount":1000}},"28":{"SearchResult":{"Items":[{"ASIN":"B0BJ1G7TS1","DetailPageURL":"https://www.amazon.es/dp/B0BJ1G7TS1?tag=topinalambricos-21&linkCode=osi&th=1&psc=1","Images":{"Primary":{"Small":{"Height":75,"URL":"https://m.media-amazon.com/images/I/61VhIYwJJAL._SL75_.jpg","Width":75}}},"ItemInfo":{"ByLineInfo":{"Brand":{"DisplayValue":"MOOING","Label":"Brand","Locale":"es_ES"}},"Title":{"DisplayValue":"MOOING Hilo para Tejer a Crochet, 24 colores, Ovillos de Lana Acrílica con 2 Ganchos de Ganchillo, para DIY y Tejido a Mano","Label":"Title","Locale":"es_ES"}},"Offers":{"Summaries":[{"Condition":{"Value":"New"},"LowestPrice":{"Amount":15.99,"Currency":"EUR","DisplayAmount":"15,99 €"}}]}},{"ASIN":"B0C9TV88MK","DetailPageURL":"https://www.amazon.es/dp/B0C9TV88MK?tag=topinalambricos-21&linkCode=osi&th=1&psc=1","Images":{"Primary":{"Small":{"Height":75,"URL":"https://m.media-amazon.com/images/I/612YK7y3LYL._SL75_.jpg","Width":75}}},"ItemInfo":{"ByLineInfo":{"Brand":{"DisplayValue":"LPAOIS","Label":"Brand","Locale":"es_ES"}},"Title":{"DisplayValue":"LPAOIS Hilo para Tejer a Crochet, 24 colores, con 2 Ganchos de Ganchillo, Ovillos Acrílicos de Lana para DIY y Tejido a Mano","Label":"Title","Locale":"es_ES"}},"Offers":{"Summaries":[{"Condition":{"Value":"New"},"LowestPrice":{"Amount":17.99,"Currency":"EUR","DisplayAmount":"17,99 €"}}]}},{"ASIN":"B087BQK8WV","DetailPageURL":"https://www.amazon.es/dp/B087BQK8WV?tag=topinalambricos-21&linkCode=osi&th=1&psc=1","Images":{"Primary":{"Small":{"Height":69,"URL":"https://m.media-amazon.com/images/I/51C0dGM3t8L._SL75_.jpg","Width":75}}},"ItemInfo":{"ByLineInfo":{"Brand":{"DisplayValue":"ilauke","Label":"Brand","Locale":"es_ES"},"Manufacturer":{"DisplayValue":"ilauke","Label":"Manufacturer","Locale":"es_ES"}},"Title":{"DisplayValue":"Hilo para Tejer a Crochet, ilauke 20 * 30g Ovillo de Lana con 2 Ganchos de Ganchillo, 2 Agujas, 8 Marcadores y Bolsos Verdes, Lana Acrílico Multicolor","Label":"Title","Locale":"es_ES"}},"Offers":{"Summaries":[{"Condition":{"Value":"New"},"LowestPrice":{"Amount":20.97,"Currency":"EUR","DisplayAmount":"20,97 € (34,95 € / kg)","PricePerUnit":34.95}}]}},{"ASIN":"B09SPWG4ZR","DetailPageURL":"https://www.amazon.es/dp/B09SPWG4ZR?tag=topinalambricos-21&linkCode=osi&th=1&psc=1","Images":{"Primary":{"Small":{"Height":75,"URL":"https://m.media-amazon.com/images/I/51QuOmbvIwL._SL75_.jpg","Width":61}}},"ItemInfo":{"ByLineInfo":{"Brand":{"DisplayValue":"Wollbiene","Label":"Brand","Locale":"es_ES"},"Manufacturer":{"DisplayValue":"Wollbiene","Label":"Manufacturer","Locale":"es_ES"}},"Title":{"DisplayValue":"5 ovillos de lana de abeja batik de 100 g, 500 g, con degradado, multicolor, lana de ganchillo (5040 arcoíris)","Label":"Title","Locale":"es_ES"}},"Offers":{"Summaries":[{"Condition":{"Value":"New"},"LowestPrice":{"Amount":22.36,"Currency":"EUR","DisplayAmount":"22,36 € (44,72 € / kg)","PricePerUnit":44.72}}]}},{"ASIN":"B0CL6FP8H3","DetailPageURL":"https://www.amazon.es/dp/B0CL6FP8H3?tag=topinalambricos-21&linkCode=osi&th=1&psc=1","Images":{"Primary":{"Small":{"Height":75,"URL":"https://m.media-amazon.com/images/I/51i1j79Jx3L._SL75_.jpg","Width":75}}},"ItemInfo":{"ByLineInfo":{"Brand":{"DisplayValue":"TYXHXTF","Label":"Brand","Locale":"es_ES"},"Manufacturer":{"DisplayValue":"TYXHXTF","Label":"Manufacturer","Locale":"es_ES"}},"Title":{"DisplayValue":"TYXHXTF 24 PCS Lanas para Crochet, Ovillos de Lana de Hilo Acrílico, Hilo para Tejer a Crochet, Hilo de Tejer Acrílico, Lana para Tejer para Tejer DIY y Tejido a Mano","Label":"Title","Locale":"es_ES"}},"Offers":{"Summaries":[{"Condition":{"Value":"New"},"LowestPrice":{"Amount":11.99,"Currency":"EUR","DisplayAmount":"11,99 €"}}]}},{"ASIN":"B0BML4JYYH","DetailPageURL":"https://www.amazon.es/dp/B0BML4JYYH?tag=topinalambricos-21&linkCode=osi&th=1&psc=1","Images":{"Primary":{"Small":{"Height":70,"URL":"https://m.media-amazon.com/images/I/51HAZmAo5bL._SL75_.jpg","Width":75}}},"ItemInfo":{"ByLineInfo":{"Brand":{"DisplayValue":"ilauke","Label":"Brand","Locale":"es_ES"},"Manufacturer":{"DisplayValue":"ilauke","Label":"Manufacturer","Locale":"es_ES"}},"Title":{"DisplayValue":"Kit de Ganchillos Multicolor,12 Multicolor 25g Ovillos Lanas Super Suave Algodón Leche Hilos Lana con 2 Piezas de Ganchillo,100% Acrílico para Ganchillo y Manualidades para Principiantes y Niños","Label":"Title","Locale":"es_ES"}},"Offers":{"Summaries":[{"Condition":{"Value":"New"},"LowestPrice":{"Amount":15.99,"Currency":"EUR","DisplayAmount":"15,99 €"}}]}},{"ASIN":"B0CFDMCN6X","DetailPageURL":"https://www.amazon.es/dp/B0CFDMCN6X?tag=topinalambricos-21&linkCode=osi&th=1&psc=1","Images":{"Primary":{"Small":{"Height":75,"URL":"https://m.media-amazon.com/images/I/51LNQzvSNpL._SL75_.jpg","Width":75}}},"ItemInfo":{"ByLineInfo":{"Brand":{"DisplayValue":"ZHHGOO","Label":"Brand","Locale":"es_ES"},"Manufacturer":{"DisplayValue":"ZHHGOO","Label":"Manufacturer","Locale":"es_ES"}},"Title":{"DisplayValue":"ZHHGOO Hilo para Tejer a Crochet,24 Colores,Ovillos de Lana Acrílica con 2 Ganchos de Ganchillo y Bolsa Organizadora,Lana para Tejer para DIY y Tejido a Mano","Label":"Title","Locale":"es_ES"}},"Offers":{"Summaries":[{"Condition":{"Value":"New"},"LowestPrice":{"Amount":15.99,"Currency":"EUR","DisplayAmount":"15,99 €"}}]}},{"ASIN":"B0CF57YCM6","DetailPageURL":"https://www.amazon.es/dp/B0CF57YCM6?tag=topinalambricos-21&linkCode=osi&th=1&psc=1","Images":{"Primary":{"Small":{"Height":75,"URL":"https://m.media-amazon.com/images/I/516VA1-qBhL._SL75_.jpg","Width":75}}},"ItemInfo":{"ByLineInfo":{"Brand":{"DisplayValue":"VORHOT","Label":"Brand","Locale":"es_ES"},"Manufacturer":{"DisplayValue":"VORHOT","Label":"Manufacturer","Locale":"es_ES"}},"Title":{"DisplayValue":"VORHOT Hilo para Tejer a Crochet, 300g Hilo Crochet, Lanas para Crochet Suave, Ovillos de Algodon para Crochet (Tamaño de la Aguja: 3,0-4,0 mm), Color Rosa","Label":"Title","Locale":"es_ES"}},"Offers":{"Summaries":[{"Condition":{"Value":"New"},"LowestPrice":{"Amount":7.98,"Currency":"EUR","DisplayAmount":"7,98 €"}}]}},{"ASIN":"B085J6TZT3","DetailPageURL":"https://www.amazon.es/dp/B085J6TZT3?tag=topinalambricos-21&linkCode=osi&th=1&psc=1","Images":{"Primary":{"Small":{"Height":75,"URL":"https://m.media-amazon.com/images/I/51vVJ0moHAL._SL75_.jpg","Width":75}}},"ItemInfo":{"ByLineInfo":{"Brand":{"DisplayValue":"Ursus","Label":"Brand","Locale":"es_ES"},"Manufacturer":{"DisplayValue":"Buntpapierfabrik Ludwig Bähr GmbH & Co. KG","Label":"Manufacturer","Locale":"es_ES"}},"Title":{"DisplayValue":"Ursus ovillos g / 29 m, 100% algodón, 10 Colores, para Tejer y Hacer Ganchillo y pequeños proyectos de Manualidades, Pastel, Talla única, 290","Label":"Title","Locale":"es_ES"}},"Offers":{"Summaries":[{"Condition":{"Value":"New"},"LowestPrice":{"Amount":9.99,"Currency":"EUR","DisplayAmount":"9,99 € (0,03 € / metro)","PricePerUnit":0.03}}]}},{"ASIN":"B0B1V9Q7H2","DetailPageURL":"https://www.amazon.es/dp/B0B1V9Q7H2?tag=topinalambricos-21&linkCode=osi&th=1&psc=1","Images":{"Primary":{"Small":{"Height":75,"URL":"https://m.media-amazon.com/images/I/41G1Q8ZzCLL._SL75_.jpg","Width":75}}},"ItemInfo":{"ByLineInfo":{"Brand":{"DisplayValue":"Lidia Crochet Tricot","Label":"Brand","Locale":"es_ES"},"Manufacturer":{"DisplayValue":"Lidia Crochet Tricot","Label":"Manufacturer","Locale":"es_ES"}},"Title":{"DisplayValue":"Classic- hilo de lana, lana acrílico, hilo de tejer, hilo de ganchillo (100 gr/ovillo ; 16 colores) (empresa española/envío desde España) (09)","Label":"Title","Locale":"es_ES"}},"Offers":{"Summaries":[{"Condition":{"Value":"New"},"LowestPrice":{"Amount":5.8,"Currency":"EUR","DisplayAmount":"5,80 €"}}]}}],"SearchURL":"https://www.amazon.es/s?k=ganchillo+lana&rh=n%3A4358113031%2Cp_n_availability%3A-1&tag=topinalambricos-21&linkCode=osi","TotalResultCount":1000}},"29":{"SearchResult":{"Items":[{"ASIN":"B0BJ1G7TS1","DetailPageURL":"https://www.amazon.es/dp/B0BJ1G7TS1?tag=topinalambricos-21&linkCode=osi&th=1&psc=1","Images":{"Primary":{"Small":{"Height":75,"URL":"https://m.media-amazon.com/images/I/61VhIYwJJAL._SL75_.jpg","Width":75}}},"ItemInfo":{"ByLineInfo":{"Brand":{"DisplayValue":"MOOING","Label":"Brand","Locale":"es_ES"}},"Title":{"DisplayValue":"MOOING Hilo para Tejer a Crochet, 24 colores, Ovillos de Lana Acrílica con 2 Ganchos de Ganchillo, para DIY y Tejido a Mano","Label":"Title","Locale":"es_ES"}},"Offers":{"Summaries":[{"Condition":{"Value":"New"},"LowestPrice":{"Amount":15.99,"Currency":"EUR","DisplayAmount":"15,99 €"}}]}},{"ASIN":"B0C9TV88MK","DetailPageURL":"https://www.amazon.es/dp/B0C9TV88MK?tag=topinalambricos-21&linkCode=osi&th=1&psc=1","Images":{"Primary":{"Small":{"Height":75,"URL":"https://m.media-amazon.com/images/I/612YK7y3LYL._SL75_.jpg","Width":75}}},"ItemInfo":{"ByLineInfo":{"Brand":{"DisplayValue":"LPAOIS","Label":"Brand","Locale":"es_ES"}},"Title":{"DisplayValue":"LPAOIS Hilo para Tejer a Crochet, 24 colores, con 2 Ganchos de Ganchillo, Ovillos Acrílicos de Lana para DIY y Tejido a Mano","Label":"Title","Locale":"es_ES"}},"Offers":{"Summaries":[{"Condition":{"Value":"New"},"LowestPrice":{"Amount":17.99,"Currency":"EUR","DisplayAmount":"17,99 €"}}]}},{"ASIN":"B087BQK8WV","DetailPageURL":"https://www.amazon.es/dp/B087BQK8WV?tag=topinalambricos-21&linkCode=osi&th=1&psc=1","Images":{"Primary":{"Small":{"Height":69,"URL":"https://m.media-amazon.com/images/I/51C0dGM3t8L._SL75_.jpg","Width":75}}},"ItemInfo":{"ByLineInfo":{"Brand":{"DisplayValue":"ilauke","Label":"Brand","Locale":"es_ES"},"Manufacturer":{"DisplayValue":"ilauke","Label":"Manufacturer","Locale":"es_ES"}},"Title":{"DisplayValue":"Hilo para Tejer a Crochet, ilauke 20 * 30g Ovillo de Lana con 2 Ganchos de Ganchillo, 2 Agujas, 8 Marcadores y Bolsos Verdes, Lana Acrílico Multicolor","Label":"Title","Locale":"es_ES"}},"Offers":{"Summaries":[{"Condition":{"Value":"New"},"LowestPrice":{"Amount":20.97,"Currency":"EUR","DisplayAmount":"20,97 € (34,95 € / kg)","PricePerUnit":34.95}}]}},{"ASIN":"B09SPWG4ZR","DetailPageURL":"https://www.amazon.es/dp/B09SPWG4ZR?tag=topinalambricos-21&linkCode=osi&th=1&psc=1","Images":{"Primary":{"Small":{"Height":75,"URL":"https://m.media-amazon.com/images/I/51QuOmbvIwL._SL75_.jpg","Width":61}}},"ItemInfo":{"ByLineInfo":{"Brand":{"DisplayValue":"Wollbiene","Label":"Brand","Locale":"es_ES"},"Manufacturer":{"DisplayValue":"Wollbiene","Label":"Manufacturer","Locale":"es_ES"}},"Title":{"DisplayValue":"5 ovillos de lana de abeja batik de 100 g, 500 g, con degradado, multicolor, lana de ganchillo (5040 arcoíris)","Label":"Title","Locale":"es_ES"}},"Offers":{"Summaries":[{"Condition":{"Value":"New"},"LowestPrice":{"Amount":22.36,"Currency":"EUR","DisplayAmount":"22,36 € (44,72 € / kg)","PricePerUnit":44.72}}]}},{"ASIN":"B0CL6FP8H3","DetailPageURL":"https://www.amazon.es/dp/B0CL6FP8H3?tag=topinalambricos-21&linkCode=osi&th=1&psc=1","Images":{"Primary":{"Small":{"Height":75,"URL":"https://m.media-amazon.com/images/I/51i1j79Jx3L._SL75_.jpg","Width":75}}},"ItemInfo":{"ByLineInfo":{"Brand":{"DisplayValue":"TYXHXTF","Label":"Brand","Locale":"es_ES"},"Manufacturer":{"DisplayValue":"TYXHXTF","Label":"Manufacturer","Locale":"es_ES"}},"Title":{"DisplayValue":"TYXHXTF 24 PCS Lanas para Crochet, Ovillos de Lana de Hilo Acrílico, Hilo para Tejer a Crochet, Hilo de Tejer Acrílico, Lana para Tejer para Tejer DIY y Tejido a Mano","Label":"Title","Locale":"es_ES"}},"Offers":{"Summaries":[{"Condition":{"Value":"New"},"LowestPrice":{"Amount":11.99,"Currency":"EUR","DisplayAmount":"11,99 €"}}]}},{"ASIN":"B0BML4JYYH","DetailPageURL":"https://www.amazon.es/dp/B0BML4JYYH?tag=topinalambricos-21&linkCode=osi&th=1&psc=1","Images":{"Primary":{"Small":{"Height":70,"URL":"https://m.media-amazon.com/images/I/51HAZmAo5bL._SL75_.jpg","Width":75}}},"ItemInfo":{"ByLineInfo":{"Brand":{"DisplayValue":"ilauke","Label":"Brand","Locale":"es_ES"},"Manufacturer":{"DisplayValue":"ilauke","Label":"Manufacturer","Locale":"es_ES"}},"Title":{"DisplayValue":"Kit de Ganchillos Multicolor,12 Multicolor 25g Ovillos Lanas Super Suave Algodón Leche Hilos Lana con 2 Piezas de Ganchillo,100% Acrílico para Ganchillo y Manualidades para Principiantes y Niños","Label":"Title","Locale":"es_ES"}},"Offers":{"Summaries":[{"Condition":{"Value":"New"},"LowestPrice":{"Amount":15.99,"Currency":"EUR","DisplayAmount":"15,99 €"}}]}},{"ASIN":"B0CFDMCN6X","DetailPageURL":"https://www.amazon.es/dp/B0CFDMCN6X?tag=topinalambricos-21&linkCode=osi&th=1&psc=1","Images":{"Primary":{"Small":{"Height":75,"URL":"https://m.media-amazon.com/images/I/51LNQzvSNpL._SL75_.jpg","Width":75}}},"ItemInfo":{"ByLineInfo":{"Brand":{"DisplayValue":"ZHHGOO","Label":"Brand","Locale":"es_ES"},"Manufacturer":{"DisplayValue":"ZHHGOO","Label":"Manufacturer","Locale":"es_ES"}},"Title":{"DisplayValue":"ZHHGOO Hilo para Tejer a Crochet,24 Colores,Ovillos de Lana Acrílica con 2 Ganchos de Ganchillo y Bolsa Organizadora,Lana para Tejer para DIY y Tejido a Mano","Label":"Title","Locale":"es_ES"}},"Offers":{"Summaries":[{"Condition":{"Value":"New"},"LowestPrice":{"Amount":15.99,"Currency":"EUR","DisplayAmount":"15,99 €"}}]}},{"ASIN":"B0CF57YCM6","DetailPageURL":"https://www.amazon.es/dp/B0CF57YCM6?tag=topinalambricos-21&linkCode=osi&th=1&psc=1","Images":{"Primary":{"Small":{"Height":75,"URL":"https://m.media-amazon.com/images/I/516VA1-qBhL._SL75_.jpg","Width":75}}},"ItemInfo":{"ByLineInfo":{"Brand":{"DisplayValue":"VORHOT","Label":"Brand","Locale":"es_ES"},"Manufacturer":{"DisplayValue":"VORHOT","Label":"Manufacturer","Locale":"es_ES"}},"Title":{"DisplayValue":"VORHOT Hilo para Tejer a Crochet, 300g Hilo Crochet, Lanas para Crochet Suave, Ovillos de Algodon para Crochet (Tamaño de la Aguja: 3,0-4,0 mm), Color Rosa","Label":"Title","Locale":"es_ES"}},"Offers":{"Summaries":[{"Condition":{"Value":"New"},"LowestPrice":{"Amount":7.98,"Currency":"EUR","DisplayAmount":"7,98 €"}}]}},{"ASIN":"B085J6TZT3","DetailPageURL":"https://www.amazon.es/dp/B085J6TZT3?tag=topinalambricos-21&linkCode=osi&th=1&psc=1","Images":{"Primary":{"Small":{"Height":75,"URL":"https://m.media-amazon.com/images/I/51vVJ0moHAL._SL75_.jpg","Width":75}}},"ItemInfo":{"ByLineInfo":{"Brand":{"DisplayValue":"Ursus","Label":"Brand","Locale":"es_ES"},"Manufacturer":{"DisplayValue":"Buntpapierfabrik Ludwig Bähr GmbH & Co. KG","Label":"Manufacturer","Locale":"es_ES"}},"Title":{"DisplayValue":"Ursus ovillos g / 29 m, 100% algodón, 10 Colores, para Tejer y Hacer Ganchillo y pequeños proyectos de Manualidades, Pastel, Talla única, 290","Label":"Title","Locale":"es_ES"}},"Offers":{"Summaries":[{"Condition":{"Value":"New"},"LowestPrice":{"Amount":9.99,"Currency":"EUR","DisplayAmount":"9,99 € (0,03 € / metro)","PricePerUnit":0.03}}]}},{"ASIN":"B0B1V9Q7H2","DetailPageURL":"https://www.amazon.es/dp/B0B1V9Q7H2?tag=topinalambricos-21&linkCode=osi&th=1&psc=1","Images":{"Primary":{"Small":{"Height":75,"URL":"https://m.media-amazon.com/images/I/41G1Q8ZzCLL._SL75_.jpg","Width":75}}},"ItemInfo":{"ByLineInfo":{"Brand":{"DisplayValue":"Lidia Crochet Tricot","Label":"Brand","Locale":"es_ES"},"Manufacturer":{"DisplayValue":"Lidia Crochet Tricot","Label":"Manufacturer","Locale":"es_ES"}},"Title":{"DisplayValue":"Classic- hilo de lana, lana acrílico, hilo de tejer, hilo de ganchillo (100 gr/ovillo ; 16 colores) (empresa española/envío desde España) (09)","Label":"Title","Locale":"es_ES"}},"Offers":{"Summaries":[{"Condition":{"Value":"New"},"LowestPrice":{"Amount":5.8,"Currency":"EUR","DisplayAmount":"5,80 €"}}]}}],"SearchURL":"https://www.amazon.es/s?k=ganchillo+lana&rh=n%3A4358113031%2Cp_n_availability%3A-1&tag=topinalambricos-21&linkCode=osi","TotalResultCount":1000}},"30":{"SearchResult":{"Items":[{"ASIN":"B0BJ1G7TS1","DetailPageURL":"https://www.amazon.es/dp/B0BJ1G7TS1?tag=topinalambricos-21&linkCode=osi&th=1&psc=1","Images":{"Primary":{"Small":{"Height":75,"URL":"https://m.media-amazon.com/images/I/61VhIYwJJAL._SL75_.jpg","Width":75}}},"ItemInfo":{"ByLineInfo":{"Brand":{"DisplayValue":"MOOING","Label":"Brand","Locale":"es_ES"}},"Title":{"DisplayValue":"MOOING Hilo para Tejer a Crochet, 24 colores, Ovillos de Lana Acrílica con 2 Ganchos de Ganchillo, para DIY y Tejido a Mano","Label":"Title","Locale":"es_ES"}},"Offers":{"Summaries":[{"Condition":{"Value":"New"},"LowestPrice":{"Amount":15.99,"Currency":"EUR","DisplayAmount":"15,99 €"}}]}},{"ASIN":"B0C9TV88MK","DetailPageURL":"https://www.amazon.es/dp/B0C9TV88MK?tag=topinalambricos-21&linkCode=osi&th=1&psc=1","Images":{"Primary":{"Small":{"Height":75,"URL":"https://m.media-amazon.com/images/I/612YK7y3LYL._SL75_.jpg","Width":75}}},"ItemInfo":{"ByLineInfo":{"Brand":{"DisplayValue":"LPAOIS","Label":"Brand","Locale":"es_ES"}},"Title":{"DisplayValue":"LPAOIS Hilo para Tejer a Crochet, 24 colores, con 2 Ganchos de Ganchillo, Ovillos Acrílicos de Lana para DIY y Tejido a Mano","Label":"Title","Locale":"es_ES"}},"Offers":{"Summaries":[{"Condition":{"Value":"New"},"LowestPrice":{"Amount":17.99,"Currency":"EUR","DisplayAmount":"17,99 €"}}]}},{"ASIN":"B087BQK8WV","DetailPageURL":"https://www.amazon.es/dp/B087BQK8WV?tag=topinalambricos-21&linkCode=osi&th=1&psc=1","Images":{"Primary":{"Small":{"Height":69,"URL":"https://m.media-amazon.com/images/I/51C0dGM3t8L._SL75_.jpg","Width":75}}},"ItemInfo":{"ByLineInfo":{"Brand":{"DisplayValue":"ilauke","Label":"Brand","Locale":"es_ES"},"Manufacturer":{"DisplayValue":"ilauke","Label":"Manufacturer","Locale":"es_ES"}},"Title":{"DisplayValue":"Hilo para Tejer a Crochet, ilauke 20 * 30g Ovillo de Lana con 2 Ganchos de Ganchillo, 2 Agujas, 8 Marcadores y Bolsos Verdes, Lana Acrílico Multicolor","Label":"Title","Locale":"es_ES"}},"Offers":{"Summaries":[{"Condition":{"Value":"New"},"LowestPrice":{"Amount":20.97,"Currency":"EUR","DisplayAmount":"20,97 € (34,95 € / kg)","PricePerUnit":34.95}}]}},{"ASIN":"B09SPWG4ZR","DetailPageURL":"https://www.amazon.es/dp/B09SPWG4ZR?tag=topinalambricos-21&linkCode=osi&th=1&psc=1","Images":{"Primary":{"Small":{"Height":75,"URL":"https://m.media-amazon.com/images/I/51QuOmbvIwL._SL75_.jpg","Width":61}}},"ItemInfo":{"ByLineInfo":{"Brand":{"DisplayValue":"Wollbiene","Label":"Brand","Locale":"es_ES"},"Manufacturer":{"DisplayValue":"Wollbiene","Label":"Manufacturer","Locale":"es_ES"}},"Title":{"DisplayValue":"5 ovillos de lana de abeja batik de 100 g, 500 g, con degradado, multicolor, lana de ganchillo (5040 arcoíris)","Label":"Title","Locale":"es_ES"}},"Offers":{"Summaries":[{"Condition":{"Value":"New"},"LowestPrice":{"Amount":22.36,"Currency":"EUR","DisplayAmount":"22,36 € (44,72 € / kg)","PricePerUnit":44.72}}]}},{"ASIN":"B0CL6FP8H3","DetailPageURL":"https://www.amazon.es/dp/B0CL6FP8H3?tag=topinalambricos-21&linkCode=osi&th=1&psc=1","Images":{"Primary":{"Small":{"Height":75,"URL":"https://m.media-amazon.com/images/I/51i1j79Jx3L._SL75_.jpg","Width":75}}},"ItemInfo":{"ByLineInfo":{"Brand":{"DisplayValue":"TYXHXTF","Label":"Brand","Locale":"es_ES"},"Manufacturer":{"DisplayValue":"TYXHXTF","Label":"Manufacturer","Locale":"es_ES"}},"Title":{"DisplayValue":"TYXHXTF 24 PCS Lanas para Crochet, Ovillos de Lana de Hilo Acrílico, Hilo para Tejer a Crochet, Hilo de Tejer Acrílico, Lana para Tejer para Tejer DIY y Tejido a Mano","Label":"Title","Locale":"es_ES"}},"Offers":{"Summaries":[{"Condition":{"Value":"New"},"LowestPrice":{"Amount":11.99,"Currency":"EUR","DisplayAmount":"11,99 €"}}]}},{"ASIN":"B0BML4JYYH","DetailPageURL":"https://www.amazon.es/dp/B0BML4JYYH?tag=topinalambricos-21&linkCode=osi&th=1&psc=1","Images":{"Primary":{"Small":{"Height":70,"URL":"https://m.media-amazon.com/images/I/51HAZmAo5bL._SL75_.jpg","Width":75}}},"ItemInfo":{"ByLineInfo":{"Brand":{"DisplayValue":"ilauke","Label":"Brand","Locale":"es_ES"},"Manufacturer":{"DisplayValue":"ilauke","Label":"Manufacturer","Locale":"es_ES"}},"Title":{"DisplayValue":"Kit de Ganchillos Multicolor,12 Multicolor 25g Ovillos Lanas Super Suave Algodón Leche Hilos Lana con 2 Piezas de Ganchillo,100% Acrílico para Ganchillo y Manualidades para Principiantes y Niños","Label":"Title","Locale":"es_ES"}},"Offers":{"Summaries":[{"Condition":{"Value":"New"},"LowestPrice":{"Amount":15.99,"Currency":"EUR","DisplayAmount":"15,99 €"}}]}},{"ASIN":"B0CFDMCN6X","DetailPageURL":"https://www.amazon.es/dp/B0CFDMCN6X?tag=topinalambricos-21&linkCode=osi&th=1&psc=1","Images":{"Primary":{"Small":{"Height":75,"URL":"https://m.media-amazon.com/images/I/51LNQzvSNpL._SL75_.jpg","Width":75}}},"ItemInfo":{"ByLineInfo":{"Brand":{"DisplayValue":"ZHHGOO","Label":"Brand","Locale":"es_ES"},"Manufacturer":{"DisplayValue":"ZHHGOO","Label":"Manufacturer","Locale":"es_ES"}},"Title":{"DisplayValue":"ZHHGOO Hilo para Tejer a Crochet,24 Colores,Ovillos de Lana Acrílica con 2 Ganchos de Ganchillo y Bolsa Organizadora,Lana para Tejer para DIY y Tejido a Mano","Label":"Title","Locale":"es_ES"}},"Offers":{"Summaries":[{"Condition":{"Value":"New"},"LowestPrice":{"Amount":15.99,"Currency":"EUR","DisplayAmount":"15,99 €"}}]}},{"ASIN":"B0CF57YCM6","DetailPageURL":"https://www.amazon.es/dp/B0CF57YCM6?tag=topinalambricos-21&linkCode=osi&th=1&psc=1","Images":{"Primary":{"Small":{"Height":75,"URL":"https://m.media-amazon.com/images/I/516VA1-qBhL._SL75_.jpg","Width":75}}},"ItemInfo":{"ByLineInfo":{"Brand":{"DisplayValue":"VORHOT","Label":"Brand","Locale":"es_ES"},"Manufacturer":{"DisplayValue":"VORHOT","Label":"Manufacturer","Locale":"es_ES"}},"Title":{"DisplayValue":"VORHOT Hilo para Tejer a Crochet, 300g Hilo Crochet, Lanas para Crochet Suave, Ovillos de Algodon para Crochet (Tamaño de la Aguja: 3,0-4,0 mm), Color Rosa","Label":"Title","Locale":"es_ES"}},"Offers":{"Summaries":[{"Condition":{"Value":"New"},"LowestPrice":{"Amount":7.98,"Currency":"EUR","DisplayAmount":"7,98 €"}}]}},{"ASIN":"B085J6TZT3","DetailPageURL":"https://www.amazon.es/dp/B085J6TZT3?tag=topinalambricos-21&linkCode=osi&th=1&psc=1","Images":{"Primary":{"Small":{"Height":75,"URL":"https://m.media-amazon.com/images/I/51vVJ0moHAL._SL75_.jpg","Width":75}}},"ItemInfo":{"ByLineInfo":{"Brand":{"DisplayValue":"Ursus","Label":"Brand","Locale":"es_ES"},"Manufacturer":{"DisplayValue":"Buntpapierfabrik Ludwig Bähr GmbH & Co. KG","Label":"Manufacturer","Locale":"es_ES"}},"Title":{"DisplayValue":"Ursus ovillos g / 29 m, 100% algodón, 10 Colores, para Tejer y Hacer Ganchillo y pequeños proyectos de Manualidades, Pastel, Talla única, 290","Label":"Title","Locale":"es_ES"}},"Offers":{"Summaries":[{"Condition":{"Value":"New"},"LowestPrice":{"Amount":9.99,"Currency":"EUR","DisplayAmount":"9,99 € (0,03 € / metro)","PricePerUnit":0.03}}]}},{"ASIN":"B0B1V9Q7H2","DetailPageURL":"https://www.amazon.es/dp/B0B1V9Q7H2?tag=topinalambricos-21&linkCode=osi&th=1&psc=1","Images":{"Primary":{"Small":{"Height":75,"URL":"https://m.media-amazon.com/images/I/41G1Q8ZzCLL._SL75_.jpg","Width":75}}},"ItemInfo":{"ByLineInfo":{"Brand":{"DisplayValue":"Lidia Crochet Tricot","Label":"Brand","Locale":"es_ES"},"Manufacturer":{"DisplayValue":"Lidia Crochet Tricot","Label":"Manufacturer","Locale":"es_ES"}},"Title":{"DisplayValue":"Classic- hilo de lana, lana acrílico, hilo de tejer, hilo de ganchillo (100 gr/ovillo ; 16 colores) (empresa española/envío desde España) (09)","Label":"Title","Locale":"es_ES"}},"Offers":{"Summaries":[{"Condition":{"Value":"New"},"LowestPrice":{"Amount":5.8,"Currency":"EUR","DisplayAmount":"5,80 €"}}]}}],"SearchURL":"https://www.amazon.es/s?k=ganchillo+lana&rh=n%3A4358113031%2Cp_n_availability%3A-1&tag=topinalambricos-21&linkCode=osi","TotalResultCount":1000}},"31":{"SearchResult":{"Items":[{"ASIN":"B0BJ1G7TS1","DetailPageURL":"https://www.amazon.es/dp/B0BJ1G7TS1?tag=topinalambricos-21&linkCode=osi&th=1&psc=1","Images":{"Primary":{"Small":{"Height":75,"URL":"https://m.media-amazon.com/images/I/61VhIYwJJAL._SL75_.jpg","Width":75}}},"ItemInfo":{"ByLineInfo":{"Brand":{"DisplayValue":"MOOING","Label":"Brand","Locale":"es_ES"}},"Title":{"DisplayValue":"MOOING Hilo para Tejer a Crochet, 24 colores, Ovillos de Lana Acrílica con 2 Ganchos de Ganchillo, para DIY y Tejido a Mano","Label":"Title","Locale":"es_ES"}},"Offers":{"Summaries":[{"Condition":{"Value":"New"},"LowestPrice":{"Amount":15.99,"Currency":"EUR","DisplayAmount":"15,99 €"}}]}},{"ASIN":"B0C9TV88MK","DetailPageURL":"https://www.amazon.es/dp/B0C9TV88MK?tag=topinalambricos-21&linkCode=osi&th=1&psc=1","Images":{"Primary":{"Small":{"Height":75,"URL":"https://m.media-amazon.com/images/I/612YK7y3LYL._SL75_.jpg","Width":75}}},"ItemInfo":{"ByLineInfo":{"Brand":{"DisplayValue":"LPAOIS","Label":"Brand","Locale":"es_ES"}},"Title":{"DisplayValue":"LPAOIS Hilo para Tejer a Crochet, 24 colores, con 2 Ganchos de Ganchillo, Ovillos Acrílicos de Lana para DIY y Tejido a Mano","Label":"Title","Locale":"es_ES"}},"Offers":{"Summaries":[{"Condition":{"Value":"New"},"LowestPrice":{"Amount":17.99,"Currency":"EUR","DisplayAmount":"17,99 €"}}]}},{"ASIN":"B087BQK8WV","DetailPageURL":"https://www.amazon.es/dp/B087BQK8WV?tag=topinalambricos-21&linkCode=osi&th=1&psc=1","Images":{"Primary":{"Small":{"Height":69,"URL":"https://m.media-amazon.com/images/I/51C0dGM3t8L._SL75_.jpg","Width":75}}},"ItemInfo":{"ByLineInfo":{"Brand":{"DisplayValue":"ilauke","Label":"Brand","Locale":"es_ES"},"Manufacturer":{"DisplayValue":"ilauke","Label":"Manufacturer","Locale":"es_ES"}},"Title":{"DisplayValue":"Hilo para Tejer a Crochet, ilauke 20 * 30g Ovillo de Lana con 2 Ganchos de Ganchillo, 2 Agujas, 8 Marcadores y Bolsos Verdes, Lana Acrílico Multicolor","Label":"Title","Locale":"es_ES"}},"Offers":{"Summaries":[{"Condition":{"Value":"New"},"LowestPrice":{"Amount":20.97,"Currency":"EUR","DisplayAmount":"20,97 € (34,95 € / kg)","PricePerUnit":34.95}}]}},{"ASIN":"B09SPWG4ZR","DetailPageURL":"https://www.amazon.es/dp/B09SPWG4ZR?tag=topinalambricos-21&linkCode=osi&th=1&psc=1","Images":{"Primary":{"Small":{"Height":75,"URL":"https://m.media-amazon.com/images/I/51QuOmbvIwL._SL75_.jpg","Width":61}}},"ItemInfo":{"ByLineInfo":{"Brand":{"DisplayValue":"Wollbiene","Label":"Brand","Locale":"es_ES"},"Manufacturer":{"DisplayValue":"Wollbiene","Label":"Manufacturer","Locale":"es_ES"}},"Title":{"DisplayValue":"5 ovillos de lana de abeja batik de 100 g, 500 g, con degradado, multicolor, lana de ganchillo (5040 arcoíris)","Label":"Title","Locale":"es_ES"}},"Offers":{"Summaries":[{"Condition":{"Value":"New"},"LowestPrice":{"Amount":22.36,"Currency":"EUR","DisplayAmount":"22,36 € (44,72 € / kg)","PricePerUnit":44.72}}]}},{"ASIN":"B0CL6FP8H3","DetailPageURL":"https://www.amazon.es/dp/B0CL6FP8H3?tag=topinalambricos-21&linkCode=osi&th=1&psc=1","Images":{"Primary":{"Small":{"Height":75,"URL":"https://m.media-amazon.com/images/I/51i1j79Jx3L._SL75_.jpg","Width":75}}},"ItemInfo":{"ByLineInfo":{"Brand":{"DisplayValue":"TYXHXTF","Label":"Brand","Locale":"es_ES"},"Manufacturer":{"DisplayValue":"TYXHXTF","Label":"Manufacturer","Locale":"es_ES"}},"Title":{"DisplayValue":"TYXHXTF 24 PCS Lanas para Crochet, Ovillos de Lana de Hilo Acrílico, Hilo para Tejer a Crochet, Hilo de Tejer Acrílico, Lana para Tejer para Tejer DIY y Tejido a Mano","Label":"Title","Locale":"es_ES"}},"Offers":{"Summaries":[{"Condition":{"Value":"New"},"LowestPrice":{"Amount":11.99,"Currency":"EUR","DisplayAmount":"11,99 €"}}]}},{"ASIN":"B0BML4JYYH","DetailPageURL":"https://www.amazon.es/dp/B0BML4JYYH?tag=topinalambricos-21&linkCode=osi&th=1&psc=1","Images":{"Primary":{"Small":{"Height":70,"URL":"https://m.media-amazon.com/images/I/51HAZmAo5bL._SL75_.jpg","Width":75}}},"ItemInfo":{"ByLineInfo":{"Brand":{"DisplayValue":"ilauke","Label":"Brand","Locale":"es_ES"},"Manufacturer":{"DisplayValue":"ilauke","Label":"Manufacturer","Locale":"es_ES"}},"Title":{"DisplayValue":"Kit de Ganchillos Multicolor,12 Multicolor 25g Ovillos Lanas Super Suave Algodón Leche Hilos Lana con 2 Piezas de Ganchillo,100% Acrílico para Ganchillo y Manualidades para Principiantes y Niños","Label":"Title","Locale":"es_ES"}},"Offers":{"Summaries":[{"Condition":{"Value":"New"},"LowestPrice":{"Amount":15.99,"Currency":"EUR","DisplayAmount":"15,99 €"}}]}},{"ASIN":"B0CFDMCN6X","DetailPageURL":"https://www.amazon.es/dp/B0CFDMCN6X?tag=topinalambricos-21&linkCode=osi&th=1&psc=1","Images":{"Primary":{"Small":{"Height":75,"URL":"https://m.media-amazon.com/images/I/51LNQzvSNpL._SL75_.jpg","Width":75}}},"ItemInfo":{"ByLineInfo":{"Brand":{"DisplayValue":"ZHHGOO","Label":"Brand","Locale":"es_ES"},"Manufacturer":{"DisplayValue":"ZHHGOO","Label":"Manufacturer","Locale":"es_ES"}},"Title":{"DisplayValue":"ZHHGOO Hilo para Tejer a Crochet,24 Colores,Ovillos de Lana Acrílica con 2 Ganchos de Ganchillo y Bolsa Organizadora,Lana para Tejer para DIY y Tejido a Mano","Label":"Title","Locale":"es_ES"}},"Offers":{"Summaries":[{"Condition":{"Value":"New"},"LowestPrice":{"Amount":15.99,"Currency":"EUR","DisplayAmount":"15,99 €"}}]}},{"ASIN":"B0CF57YCM6","DetailPageURL":"https://www.amazon.es/dp/B0CF57YCM6?tag=topinalambricos-21&linkCode=osi&th=1&psc=1","Images":{"Primary":{"Small":{"Height":75,"URL":"https://m.media-amazon.com/images/I/516VA1-qBhL._SL75_.jpg","Width":75}}},"ItemInfo":{"ByLineInfo":{"Brand":{"DisplayValue":"VORHOT","Label":"Brand","Locale":"es_ES"},"Manufacturer":{"DisplayValue":"VORHOT","Label":"Manufacturer","Locale":"es_ES"}},"Title":{"DisplayValue":"VORHOT Hilo para Tejer a Crochet, 300g Hilo Crochet, Lanas para Crochet Suave, Ovillos de Algodon para Crochet (Tamaño de la Aguja: 3,0-4,0 mm), Color Rosa","Label":"Title","Locale":"es_ES"}},"Offers":{"Summaries":[{"Condition":{"Value":"New"},"LowestPrice":{"Amount":7.98,"Currency":"EUR","DisplayAmount":"7,98 €"}}]}},{"ASIN":"B085J6TZT3","DetailPageURL":"https://www.amazon.es/dp/B085J6TZT3?tag=topinalambricos-21&linkCode=osi&th=1&psc=1","Images":{"Primary":{"Small":{"Height":75,"URL":"https://m.media-amazon.com/images/I/51vVJ0moHAL._SL75_.jpg","Width":75}}},"ItemInfo":{"ByLineInfo":{"Brand":{"DisplayValue":"Ursus","Label":"Brand","Locale":"es_ES"},"Manufacturer":{"DisplayValue":"Buntpapierfabrik Ludwig Bähr GmbH & Co. KG","Label":"Manufacturer","Locale":"es_ES"}},"Title":{"DisplayValue":"Ursus ovillos g / 29 m, 100% algodón, 10 Colores, para Tejer y Hacer Ganchillo y pequeños proyectos de Manualidades, Pastel, Talla única, 290","Label":"Title","Locale":"es_ES"}},"Offers":{"Summaries":[{"Condition":{"Value":"New"},"LowestPrice":{"Amount":9.99,"Currency":"EUR","DisplayAmount":"9,99 € (0,03 € / metro)","PricePerUnit":0.03}}]}},{"ASIN":"B0B1V9Q7H2","DetailPageURL":"https://www.amazon.es/dp/B0B1V9Q7H2?tag=topinalambricos-21&linkCode=osi&th=1&psc=1","Images":{"Primary":{"Small":{"Height":75,"URL":"https://m.media-amazon.com/images/I/41G1Q8ZzCLL._SL75_.jpg","Width":75}}},"ItemInfo":{"ByLineInfo":{"Brand":{"DisplayValue":"Lidia Crochet Tricot","Label":"Brand","Locale":"es_ES"},"Manufacturer":{"DisplayValue":"Lidia Crochet Tricot","Label":"Manufacturer","Locale":"es_ES"}},"Title":{"DisplayValue":"Classic- hilo de lana, lana acrílico, hilo de tejer, hilo de ganchillo (100 gr/ovillo ; 16 colores) (empresa española/envío desde España) (09)","Label":"Title","Locale":"es_ES"}},"Offers":{"Summaries":[{"Condition":{"Value":"New"},"LowestPrice":{"Amount":5.8,"Currency":"EUR","DisplayAmount":"5,80 €"}}]}}],"SearchURL":"https://www.amazon.es/s?k=ganchillo+lana&rh=n%3A4358113031%2Cp_n_availability%3A-1&tag=topinalambricos-21&linkCode=osi","TotalResultCount":1000}},"32":{"SearchResult":{"Items":[{"ASIN":"B0BJ1G7TS1","DetailPageURL":"https://www.amazon.es/dp/B0BJ1G7TS1?tag=topinalambricos-21&linkCode=osi&th=1&psc=1","Images":{"Primary":{"Small":{"Height":75,"URL":"https://m.media-amazon.com/images/I/61VhIYwJJAL._SL75_.jpg","Width":75}}},"ItemInfo":{"ByLineInfo":{"Brand":{"DisplayValue":"MOOING","Label":"Brand","Locale":"es_ES"}},"Title":{"DisplayValue":"MOOING Hilo para Tejer a Crochet, 24 colores, Ovillos de Lana Acrílica con 2 Ganchos de Ganchillo, para DIY y Tejido a Mano","Label":"Title","Locale":"es_ES"}},"Offers":{"Summaries":[{"Condition":{"Value":"New"},"LowestPrice":{"Amount":15.99,"Currency":"EUR","DisplayAmount":"15,99 €"}}]}},{"ASIN":"B0C9TV88MK","DetailPageURL":"https://www.amazon.es/dp/B0C9TV88MK?tag=topinalambricos-21&linkCode=osi&th=1&psc=1","Images":{"Primary":{"Small":{"Height":75,"URL":"https://m.media-amazon.com/images/I/612YK7y3LYL._SL75_.jpg","Width":75}}},"ItemInfo":{"ByLineInfo":{"Brand":{"DisplayValue":"LPAOIS","Label":"Brand","Locale":"es_ES"}},"Title":{"DisplayValue":"LPAOIS Hilo para Tejer a Crochet, 24 colores, con 2 Ganchos de Ganchillo, Ovillos Acrílicos de Lana para DIY y Tejido a Mano","Label":"Title","Locale":"es_ES"}},"Offers":{"Summaries":[{"Condition":{"Value":"New"},"LowestPrice":{"Amount":17.99,"Currency":"EUR","DisplayAmount":"17,99 €"}}]}},{"ASIN":"B087BQK8WV","DetailPageURL":"https://www.amazon.es/dp/B087BQK8WV?tag=topinalambricos-21&linkCode=osi&th=1&psc=1","Images":{"Primary":{"Small":{"Height":69,"URL":"https://m.media-amazon.com/images/I/51C0dGM3t8L._SL75_.jpg","Width":75}}},"ItemInfo":{"ByLineInfo":{"Brand":{"DisplayValue":"ilauke","Label":"Brand","Locale":"es_ES"},"Manufacturer":{"DisplayValue":"ilauke","Label":"Manufacturer","Locale":"es_ES"}},"Title":{"DisplayValue":"Hilo para Tejer a Crochet, ilauke 20 * 30g Ovillo de Lana con 2 Ganchos de Ganchillo, 2 Agujas, 8 Marcadores y Bolsos Verdes, Lana Acrílico Multicolor","Label":"Title","Locale":"es_ES"}},"Offers":{"Summaries":[{"Condition":{"Value":"New"},"LowestPrice":{"Amount":20.97,"Currency":"EUR","DisplayAmount":"20,97 € (34,95 € / kg)","PricePerUnit":34.95}}]}},{"ASIN":"B09SPWG4ZR","DetailPageURL":"https://www.amazon.es/dp/B09SPWG4ZR?tag=topinalambricos-21&linkCode=osi&th=1&psc=1","Images":{"Primary":{"Small":{"Height":75,"URL":"https://m.media-amazon.com/images/I/51QuOmbvIwL._SL75_.jpg","Width":61}}},"ItemInfo":{"ByLineInfo":{"Brand":{"DisplayValue":"Wollbiene","Label":"Brand","Locale":"es_ES"},"Manufacturer":{"DisplayValue":"Wollbiene","Label":"Manufacturer","Locale":"es_ES"}},"Title":{"DisplayValue":"5 ovillos de lana de abeja batik de 100 g, 500 g, con degradado, multicolor, lana de ganchillo (5040 arcoíris)","Label":"Title","Locale":"es_ES"}},"Offers":{"Summaries":[{"Condition":{"Value":"New"},"LowestPrice":{"Amount":22.36,"Currency":"EUR","DisplayAmount":"22,36 € (44,72 € / kg)","PricePerUnit":44.72}}]}},{"ASIN":"B0CL6FP8H3","DetailPageURL":"https://www.amazon.es/dp/B0CL6FP8H3?tag=topinalambricos-21&linkCode=osi&th=1&psc=1","Images":{"Primary":{"Small":{"Height":75,"URL":"https://m.media-amazon.com/images/I/51i1j79Jx3L._SL75_.jpg","Width":75}}},"ItemInfo":{"ByLineInfo":{"Brand":{"DisplayValue":"TYXHXTF","Label":"Brand","Locale":"es_ES"},"Manufacturer":{"DisplayValue":"TYXHXTF","Label":"Manufacturer","Locale":"es_ES"}},"Title":{"DisplayValue":"TYXHXTF 24 PCS Lanas para Crochet, Ovillos de Lana de Hilo Acrílico, Hilo para Tejer a Crochet, Hilo de Tejer Acrílico, Lana para Tejer para Tejer DIY y Tejido a Mano","Label":"Title","Locale":"es_ES"}},"Offers":{"Summaries":[{"Condition":{"Value":"New"},"LowestPrice":{"Amount":11.99,"Currency":"EUR","DisplayAmount":"11,99 €"}}]}},{"ASIN":"B0BML4JYYH","DetailPageURL":"https://www.amazon.es/dp/B0BML4JYYH?tag=topinalambricos-21&linkCode=osi&th=1&psc=1","Images":{"Primary":{"Small":{"Height":70,"URL":"https://m.media-amazon.com/images/I/51HAZmAo5bL._SL75_.jpg","Width":75}}},"ItemInfo":{"ByLineInfo":{"Brand":{"DisplayValue":"ilauke","Label":"Brand","Locale":"es_ES"},"Manufacturer":{"DisplayValue":"ilauke","Label":"Manufacturer","Locale":"es_ES"}},"Title":{"DisplayValue":"Kit de Ganchillos Multicolor,12 Multicolor 25g Ovillos Lanas Super Suave Algodón Leche Hilos Lana con 2 Piezas de Ganchillo,100% Acrílico para Ganchillo y Manualidades para Principiantes y Niños","Label":"Title","Locale":"es_ES"}},"Offers":{"Summaries":[{"Condition":{"Value":"New"},"LowestPrice":{"Amount":15.99,"Currency":"EUR","DisplayAmount":"15,99 €"}}]}},{"ASIN":"B0CFDMCN6X","DetailPageURL":"https://www.amazon.es/dp/B0CFDMCN6X?tag=topinalambricos-21&linkCode=osi&th=1&psc=1","Images":{"Primary":{"Small":{"Height":75,"URL":"https://m.media-amazon.com/images/I/51LNQzvSNpL._SL75_.jpg","Width":75}}},"ItemInfo":{"ByLineInfo":{"Brand":{"DisplayValue":"ZHHGOO","Label":"Brand","Locale":"es_ES"},"Manufacturer":{"DisplayValue":"ZHHGOO","Label":"Manufacturer","Locale":"es_ES"}},"Title":{"DisplayValue":"ZHHGOO Hilo para Tejer a Crochet,24 Colores,Ovillos de Lana Acrílica con 2 Ganchos de Ganchillo y Bolsa Organizadora,Lana para Tejer para DIY y Tejido a Mano","Label":"Title","Locale":"es_ES"}},"Offers":{"Summaries":[{"Condition":{"Value":"New"},"LowestPrice":{"Amount":15.99,"Currency":"EUR","DisplayAmount":"15,99 €"}}]}},{"ASIN":"B0CF57YCM6","DetailPageURL":"https://www.amazon.es/dp/B0CF57YCM6?tag=topinalambricos-21&linkCode=osi&th=1&psc=1","Images":{"Primary":{"Small":{"Height":75,"URL":"https://m.media-amazon.com/images/I/516VA1-qBhL._SL75_.jpg","Width":75}}},"ItemInfo":{"ByLineInfo":{"Brand":{"DisplayValue":"VORHOT","Label":"Brand","Locale":"es_ES"},"Manufacturer":{"DisplayValue":"VORHOT","Label":"Manufacturer","Locale":"es_ES"}},"Title":{"DisplayValue":"VORHOT Hilo para Tejer a Crochet, 300g Hilo Crochet, Lanas para Crochet Suave, Ovillos de Algodon para Crochet (Tamaño de la Aguja: 3,0-4,0 mm), Color Rosa","Label":"Title","Locale":"es_ES"}},"Offers":{"Summaries":[{"Condition":{"Value":"New"},"LowestPrice":{"Amount":7.98,"Currency":"EUR","DisplayAmount":"7,98 €"}}]}},{"ASIN":"B085J6TZT3","DetailPageURL":"https://www.amazon.es/dp/B085J6TZT3?tag=topinalambricos-21&linkCode=osi&th=1&psc=1","Images":{"Primary":{"Small":{"Height":75,"URL":"https://m.media-amazon.com/images/I/51vVJ0moHAL._SL75_.jpg","Width":75}}},"ItemInfo":{"ByLineInfo":{"Brand":{"DisplayValue":"Ursus","Label":"Brand","Locale":"es_ES"},"Manufacturer":{"DisplayValue":"Buntpapierfabrik Ludwig Bähr GmbH & Co. KG","Label":"Manufacturer","Locale":"es_ES"}},"Title":{"DisplayValue":"Ursus ovillos g / 29 m, 100% algodón, 10 Colores, para Tejer y Hacer Ganchillo y pequeños proyectos de Manualidades, Pastel, Talla única, 290","Label":"Title","Locale":"es_ES"}},"Offers":{"Summaries":[{"Condition":{"Value":"New"},"LowestPrice":{"Amount":9.99,"Currency":"EUR","DisplayAmount":"9,99 € (0,03 € / metro)","PricePerUnit":0.03}}]}},{"ASIN":"B0B1V9Q7H2","DetailPageURL":"https://www.amazon.es/dp/B0B1V9Q7H2?tag=topinalambricos-21&linkCode=osi&th=1&psc=1","Images":{"Primary":{"Small":{"Height":75,"URL":"https://m.media-amazon.com/images/I/41G1Q8ZzCLL._SL75_.jpg","Width":75}}},"ItemInfo":{"ByLineInfo":{"Brand":{"DisplayValue":"Lidia Crochet Tricot","Label":"Brand","Locale":"es_ES"},"Manufacturer":{"DisplayValue":"Lidia Crochet Tricot","Label":"Manufacturer","Locale":"es_ES"}},"Title":{"DisplayValue":"Classic- hilo de lana, lana acrílico, hilo de tejer, hilo de ganchillo (100 gr/ovillo ; 16 colores) (empresa española/envío desde España) (09)","Label":"Title","Locale":"es_ES"}},"Offers":{"Summaries":[{"Condition":{"Value":"New"},"LowestPrice":{"Amount":5.8,"Currency":"EUR","DisplayAmount":"5,80 €"}}]}}],"SearchURL":"https://www.amazon.es/s?k=ganchillo+lana&rh=n%3A4358113031%2Cp_n_availability%3A-1&tag=topinalambricos-21&linkCode=osi","TotalResultCount":1000}},"33":{"SearchResult":{"Items":[{"ASIN":"B0BJ1G7TS1","DetailPageURL":"https://www.amazon.es/dp/B0BJ1G7TS1?tag=topinalambricos-21&linkCode=osi&th=1&psc=1","Images":{"Primary":{"Small":{"Height":75,"URL":"https://m.media-amazon.com/images/I/61VhIYwJJAL._SL75_.jpg","Width":75}}},"ItemInfo":{"ByLineInfo":{"Brand":{"DisplayValue":"MOOING","Label":"Brand","Locale":"es_ES"}},"Title":{"DisplayValue":"MOOING Hilo para Tejer a Crochet, 24 colores, Ovillos de Lana Acrílica con 2 Ganchos de Ganchillo, para DIY y Tejido a Mano","Label":"Title","Locale":"es_ES"}},"Offers":{"Summaries":[{"Condition":{"Value":"New"},"LowestPrice":{"Amount":15.99,"Currency":"EUR","DisplayAmount":"15,99 €"}}]}},{"ASIN":"B0C9TV88MK","DetailPageURL":"https://www.amazon.es/dp/B0C9TV88MK?tag=topinalambricos-21&linkCode=osi&th=1&psc=1","Images":{"Primary":{"Small":{"Height":75,"URL":"https://m.media-amazon.com/images/I/612YK7y3LYL._SL75_.jpg","Width":75}}},"ItemInfo":{"ByLineInfo":{"Brand":{"DisplayValue":"LPAOIS","Label":"Brand","Locale":"es_ES"}},"Title":{"DisplayValue":"LPAOIS Hilo para Tejer a Crochet, 24 colores, con 2 Ganchos de Ganchillo, Ovillos Acrílicos de Lana para DIY y Tejido a Mano","Label":"Title","Locale":"es_ES"}},"Offers":{"Summaries":[{"Condition":{"Value":"New"},"LowestPrice":{"Amount":17.99,"Currency":"EUR","DisplayAmount":"17,99 €"}}]}},{"ASIN":"B087BQK8WV","DetailPageURL":"https://www.amazon.es/dp/B087BQK8WV?tag=topinalambricos-21&linkCode=osi&th=1&psc=1","Images":{"Primary":{"Small":{"Height":69,"URL":"https://m.media-amazon.com/images/I/51C0dGM3t8L._SL75_.jpg","Width":75}}},"ItemInfo":{"ByLineInfo":{"Brand":{"DisplayValue":"ilauke","Label":"Brand","Locale":"es_ES"},"Manufacturer":{"DisplayValue":"ilauke","Label":"Manufacturer","Locale":"es_ES"}},"Title":{"DisplayValue":"Hilo para Tejer a Crochet, ilauke 20 * 30g Ovillo de Lana con 2 Ganchos de Ganchillo, 2 Agujas, 8 Marcadores y Bolsos Verdes, Lana Acrílico Multicolor","Label":"Title","Locale":"es_ES"}},"Offers":{"Summaries":[{"Condition":{"Value":"New"},"LowestPrice":{"Amount":20.97,"Currency":"EUR","DisplayAmount":"20,97 € (34,95 € / kg)","PricePerUnit":34.95}}]}},{"ASIN":"B09SPWG4ZR","DetailPageURL":"https://www.amazon.es/dp/B09SPWG4ZR?tag=topinalambricos-21&linkCode=osi&th=1&psc=1","Images":{"Primary":{"Small":{"Height":75,"URL":"https://m.media-amazon.com/images/I/51QuOmbvIwL._SL75_.jpg","Width":61}}},"ItemInfo":{"ByLineInfo":{"Brand":{"DisplayValue":"Wollbiene","Label":"Brand","Locale":"es_ES"},"Manufacturer":{"DisplayValue":"Wollbiene","Label":"Manufacturer","Locale":"es_ES"}},"Title":{"DisplayValue":"5 ovillos de lana de abeja batik de 100 g, 500 g, con degradado, multicolor, lana de ganchillo (5040 arcoíris)","Label":"Title","Locale":"es_ES"}},"Offers":{"Summaries":[{"Condition":{"Value":"New"},"LowestPrice":{"Amount":22.36,"Currency":"EUR","DisplayAmount":"22,36 € (44,72 € / kg)","PricePerUnit":44.72}}]}},{"ASIN":"B0CL6FP8H3","DetailPageURL":"https://www.amazon.es/dp/B0CL6FP8H3?tag=topinalambricos-21&linkCode=osi&th=1&psc=1","Images":{"Primary":{"Small":{"Height":75,"URL":"https://m.media-amazon.com/images/I/51i1j79Jx3L._SL75_.jpg","Width":75}}},"ItemInfo":{"ByLineInfo":{"Brand":{"DisplayValue":"TYXHXTF","Label":"Brand","Locale":"es_ES"},"Manufacturer":{"DisplayValue":"TYXHXTF","Label":"Manufacturer","Locale":"es_ES"}},"Title":{"DisplayValue":"TYXHXTF 24 PCS Lanas para Crochet, Ovillos de Lana de Hilo Acrílico, Hilo para Tejer a Crochet, Hilo de Tejer Acrílico, Lana para Tejer para Tejer DIY y Tejido a Mano","Label":"Title","Locale":"es_ES"}},"Offers":{"Summaries":[{"Condition":{"Value":"New"},"LowestPrice":{"Amount":11.99,"Currency":"EUR","DisplayAmount":"11,99 €"}}]}},{"ASIN":"B0BML4JYYH","DetailPageURL":"https://www.amazon.es/dp/B0BML4JYYH?tag=topinalambricos-21&linkCode=osi&th=1&psc=1","Images":{"Primary":{"Small":{"Height":70,"URL":"https://m.media-amazon.com/images/I/51HAZmAo5bL._SL75_.jpg","Width":75}}},"ItemInfo":{"ByLineInfo":{"Brand":{"DisplayValue":"ilauke","Label":"Brand","Locale":"es_ES"},"Manufacturer":{"DisplayValue":"ilauke","Label":"Manufacturer","Locale":"es_ES"}},"Title":{"DisplayValue":"Kit de Ganchillos Multicolor,12 Multicolor 25g Ovillos Lanas Super Suave Algodón Leche Hilos Lana con 2 Piezas de Ganchillo,100% Acrílico para Ganchillo y Manualidades para Principiantes y Niños","Label":"Title","Locale":"es_ES"}},"Offers":{"Summaries":[{"Condition":{"Value":"New"},"LowestPrice":{"Amount":15.99,"Currency":"EUR","DisplayAmount":"15,99 €"}}]}},{"ASIN":"B0CFDMCN6X","DetailPageURL":"https://www.amazon.es/dp/B0CFDMCN6X?tag=topinalambricos-21&linkCode=osi&th=1&psc=1","Images":{"Primary":{"Small":{"Height":75,"URL":"https://m.media-amazon.com/images/I/51LNQzvSNpL._SL75_.jpg","Width":75}}},"ItemInfo":{"ByLineInfo":{"Brand":{"DisplayValue":"ZHHGOO","Label":"Brand","Locale":"es_ES"},"Manufacturer":{"DisplayValue":"ZHHGOO","Label":"Manufacturer","Locale":"es_ES"}},"Title":{"DisplayValue":"ZHHGOO Hilo para Tejer a Crochet,24 Colores,Ovillos de Lana Acrílica con 2 Ganchos de Ganchillo y Bolsa Organizadora,Lana para Tejer para DIY y Tejido a Mano","Label":"Title","Locale":"es_ES"}},"Offers":{"Summaries":[{"Condition":{"Value":"New"},"LowestPrice":{"Amount":15.99,"Currency":"EUR","DisplayAmount":"15,99 €"}}]}},{"ASIN":"B0CF57YCM6","DetailPageURL":"https://www.amazon.es/dp/B0CF57YCM6?tag=topinalambricos-21&linkCode=osi&th=1&psc=1","Images":{"Primary":{"Small":{"Height":75,"URL":"https://m.media-amazon.com/images/I/516VA1-qBhL._SL75_.jpg","Width":75}}},"ItemInfo":{"ByLineInfo":{"Brand":{"DisplayValue":"VORHOT","Label":"Brand","Locale":"es_ES"},"Manufacturer":{"DisplayValue":"VORHOT","Label":"Manufacturer","Locale":"es_ES"}},"Title":{"DisplayValue":"VORHOT Hilo para Tejer a Crochet, 300g Hilo Crochet, Lanas para Crochet Suave, Ovillos de Algodon para Crochet (Tamaño de la Aguja: 3,0-4,0 mm), Color Rosa","Label":"Title","Locale":"es_ES"}},"Offers":{"Summaries":[{"Condition":{"Value":"New"},"LowestPrice":{"Amount":7.98,"Currency":"EUR","DisplayAmount":"7,98 €"}}]}},{"ASIN":"B085J6TZT3","DetailPageURL":"https://www.amazon.es/dp/B085J6TZT3?tag=topinalambricos-21&linkCode=osi&th=1&psc=1","Images":{"Primary":{"Small":{"Height":75,"URL":"https://m.media-amazon.com/images/I/51vVJ0moHAL._SL75_.jpg","Width":75}}},"ItemInfo":{"ByLineInfo":{"Brand":{"DisplayValue":"Ursus","Label":"Brand","Locale":"es_ES"},"Manufacturer":{"DisplayValue":"Buntpapierfabrik Ludwig Bähr GmbH & Co. KG","Label":"Manufacturer","Locale":"es_ES"}},"Title":{"DisplayValue":"Ursus ovillos g / 29 m, 100% algodón, 10 Colores, para Tejer y Hacer Ganchillo y pequeños proyectos de Manualidades, Pastel, Talla única, 290","Label":"Title","Locale":"es_ES"}},"Offers":{"Summaries":[{"Condition":{"Value":"New"},"LowestPrice":{"Amount":9.99,"Currency":"EUR","DisplayAmount":"9,99 € (0,03 € / metro)","PricePerUnit":0.03}}]}},{"ASIN":"B0B1V9Q7H2","DetailPageURL":"https://www.amazon.es/dp/B0B1V9Q7H2?tag=topinalambricos-21&linkCode=osi&th=1&psc=1","Images":{"Primary":{"Small":{"Height":75,"URL":"https://m.media-amazon.com/images/I/41G1Q8ZzCLL._SL75_.jpg","Width":75}}},"ItemInfo":{"ByLineInfo":{"Brand":{"DisplayValue":"Lidia Crochet Tricot","Label":"Brand","Locale":"es_ES"},"Manufacturer":{"DisplayValue":"Lidia Crochet Tricot","Label":"Manufacturer","Locale":"es_ES"}},"Title":{"DisplayValue":"Classic- hilo de lana, lana acrílico, hilo de tejer, hilo de ganchillo (100 gr/ovillo ; 16 colores) (empresa española/envío desde España) (09)","Label":"Title","Locale":"es_ES"}},"Offers":{"Summaries":[{"Condition":{"Value":"New"},"LowestPrice":{"Amount":5.8,"Currency":"EUR","DisplayAmount":"5,80 €"}}]}}],"SearchURL":"https://www.amazon.es/s?k=ganchillo+lana&rh=n%3A4358113031%2Cp_n_availability%3A-1&tag=topinalambricos-21&linkCode=osi","TotalResultCount":1000}},"35":{"SearchResult":{"Items":[{"ASIN":"B0BJ1G7TS1","DetailPageURL":"https://www.amazon.es/dp/B0BJ1G7TS1?tag=topinalambricos-21&linkCode=osi&th=1&psc=1","Images":{"Primary":{"Small":{"Height":75,"URL":"https://m.media-amazon.com/images/I/61VhIYwJJAL._SL75_.jpg","Width":75}}},"ItemInfo":{"ByLineInfo":{"Brand":{"DisplayValue":"MOOING","Label":"Brand","Locale":"es_ES"}},"Title":{"DisplayValue":"MOOING Hilo para Tejer a Crochet, 24 colores, Ovillos de Lana Acrílica con 2 Ganchos de Ganchillo, para DIY y Tejido a Mano","Label":"Title","Locale":"es_ES"}},"Offers":{"Summaries":[{"Condition":{"Value":"New"},"LowestPrice":{"Amount":15.99,"Currency":"EUR","DisplayAmount":"15,99 €"}}]}},{"ASIN":"B0C9TV88MK","DetailPageURL":"https://www.amazon.es/dp/B0C9TV88MK?tag=topinalambricos-21&linkCode=osi&th=1&psc=1","Images":{"Primary":{"Small":{"Height":75,"URL":"https://m.media-amazon.com/images/I/612YK7y3LYL._SL75_.jpg","Width":75}}},"ItemInfo":{"ByLineInfo":{"Brand":{"DisplayValue":"LPAOIS","Label":"Brand","Locale":"es_ES"}},"Title":{"DisplayValue":"LPAOIS Hilo para Tejer a Crochet, 24 colores, con 2 Ganchos de Ganchillo, Ovillos Acrílicos de Lana para DIY y Tejido a Mano","Label":"Title","Locale":"es_ES"}},"Offers":{"Summaries":[{"Condition":{"Value":"New"},"LowestPrice":{"Amount":17.99,"Currency":"EUR","DisplayAmount":"17,99 €"}}]}},{"ASIN":"B087BQK8WV","DetailPageURL":"https://www.amazon.es/dp/B087BQK8WV?tag=topinalambricos-21&linkCode=osi&th=1&psc=1","Images":{"Primary":{"Small":{"Height":69,"URL":"https://m.media-amazon.com/images/I/51C0dGM3t8L._SL75_.jpg","Width":75}}},"ItemInfo":{"ByLineInfo":{"Brand":{"DisplayValue":"ilauke","Label":"Brand","Locale":"es_ES"},"Manufacturer":{"DisplayValue":"ilauke","Label":"Manufacturer","Locale":"es_ES"}},"Title":{"DisplayValue":"Hilo para Tejer a Crochet, ilauke 20 * 30g Ovillo de Lana con 2 Ganchos de Ganchillo, 2 Agujas, 8 Marcadores y Bolsos Verdes, Lana Acrílico Multicolor","Label":"Title","Locale":"es_ES"}},"Offers":{"Summaries":[{"Condition":{"Value":"New"},"LowestPrice":{"Amount":20.97,"Currency":"EUR","DisplayAmount":"20,97 € (34,95 € / kg)","PricePerUnit":34.95}}]}},{"ASIN":"B09SPWG4ZR","DetailPageURL":"https://www.amazon.es/dp/B09SPWG4ZR?tag=topinalambricos-21&linkCode=osi&th=1&psc=1","Images":{"Primary":{"Small":{"Height":75,"URL":"https://m.media-amazon.com/images/I/51QuOmbvIwL._SL75_.jpg","Width":61}}},"ItemInfo":{"ByLineInfo":{"Brand":{"DisplayValue":"Wollbiene","Label":"Brand","Locale":"es_ES"},"Manufacturer":{"DisplayValue":"Wollbiene","Label":"Manufacturer","Locale":"es_ES"}},"Title":{"DisplayValue":"5 ovillos de lana de abeja batik de 100 g, 500 g, con degradado, multicolor, lana de ganchillo (5040 arcoíris)","Label":"Title","Locale":"es_ES"}},"Offers":{"Summaries":[{"Condition":{"Value":"New"},"LowestPrice":{"Amount":22.36,"Currency":"EUR","DisplayAmount":"22,36 € (44,72 € / kg)","PricePerUnit":44.72}}]}},{"ASIN":"B0CL6FP8H3","DetailPageURL":"https://www.amazon.es/dp/B0CL6FP8H3?tag=topinalambricos-21&linkCode=osi&th=1&psc=1","Images":{"Primary":{"Small":{"Height":75,"URL":"https://m.media-amazon.com/images/I/51i1j79Jx3L._SL75_.jpg","Width":75}}},"ItemInfo":{"ByLineInfo":{"Brand":{"DisplayValue":"TYXHXTF","Label":"Brand","Locale":"es_ES"},"Manufacturer":{"DisplayValue":"TYXHXTF","Label":"Manufacturer","Locale":"es_ES"}},"Title":{"DisplayValue":"TYXHXTF 24 PCS Lanas para Crochet, Ovillos de Lana de Hilo Acrílico, Hilo para Tejer a Crochet, Hilo de Tejer Acrílico, Lana para Tejer para Tejer DIY y Tejido a Mano","Label":"Title","Locale":"es_ES"}},"Offers":{"Summaries":[{"Condition":{"Value":"New"},"LowestPrice":{"Amount":11.99,"Currency":"EUR","DisplayAmount":"11,99 €"}}]}},{"ASIN":"B0BML4JYYH","DetailPageURL":"https://www.amazon.es/dp/B0BML4JYYH?tag=topinalambricos-21&linkCode=osi&th=1&psc=1","Images":{"Primary":{"Small":{"Height":70,"URL":"https://m.media-amazon.com/images/I/51HAZmAo5bL._SL75_.jpg","Width":75}}},"ItemInfo":{"ByLineInfo":{"Brand":{"DisplayValue":"ilauke","Label":"Brand","Locale":"es_ES"},"Manufacturer":{"DisplayValue":"ilauke","Label":"Manufacturer","Locale":"es_ES"}},"Title":{"DisplayValue":"Kit de Ganchillos Multicolor,12 Multicolor 25g Ovillos Lanas Super Suave Algodón Leche Hilos Lana con 2 Piezas de Ganchillo,100% Acrílico para Ganchillo y Manualidades para Principiantes y Niños","Label":"Title","Locale":"es_ES"}},"Offers":{"Summaries":[{"Condition":{"Value":"New"},"LowestPrice":{"Amount":15.99,"Currency":"EUR","DisplayAmount":"15,99 €"}}]}},{"ASIN":"B0CFDMCN6X","DetailPageURL":"https://www.amazon.es/dp/B0CFDMCN6X?tag=topinalambricos-21&linkCode=osi&th=1&psc=1","Images":{"Primary":{"Small":{"Height":75,"URL":"https://m.media-amazon.com/images/I/51LNQzvSNpL._SL75_.jpg","Width":75}}},"ItemInfo":{"ByLineInfo":{"Brand":{"DisplayValue":"ZHHGOO","Label":"Brand","Locale":"es_ES"},"Manufacturer":{"DisplayValue":"ZHHGOO","Label":"Manufacturer","Locale":"es_ES"}},"Title":{"DisplayValue":"ZHHGOO Hilo para Tejer a Crochet,24 Colores,Ovillos de Lana Acrílica con 2 Ganchos de Ganchillo y Bolsa Organizadora,Lana para Tejer para DIY y Tejido a Mano","Label":"Title","Locale":"es_ES"}},"Offers":{"Summaries":[{"Condition":{"Value":"New"},"LowestPrice":{"Amount":15.99,"Currency":"EUR","DisplayAmount":"15,99 €"}}]}},{"ASIN":"B0CF57YCM6","DetailPageURL":"https://www.amazon.es/dp/B0CF57YCM6?tag=topinalambricos-21&linkCode=osi&th=1&psc=1","Images":{"Primary":{"Small":{"Height":75,"URL":"https://m.media-amazon.com/images/I/516VA1-qBhL._SL75_.jpg","Width":75}}},"ItemInfo":{"ByLineInfo":{"Brand":{"DisplayValue":"VORHOT","Label":"Brand","Locale":"es_ES"},"Manufacturer":{"DisplayValue":"VORHOT","Label":"Manufacturer","Locale":"es_ES"}},"Title":{"DisplayValue":"VORHOT Hilo para Tejer a Crochet, 300g Hilo Crochet, Lanas para Crochet Suave, Ovillos de Algodon para Crochet (Tamaño de la Aguja: 3,0-4,0 mm), Color Rosa","Label":"Title","Locale":"es_ES"}},"Offers":{"Summaries":[{"Condition":{"Value":"New"},"LowestPrice":{"Amount":7.98,"Currency":"EUR","DisplayAmount":"7,98 €"}}]}},{"ASIN":"B085J6TZT3","DetailPageURL":"https://www.amazon.es/dp/B085J6TZT3?tag=topinalambricos-21&linkCode=osi&th=1&psc=1","Images":{"Primary":{"Small":{"Height":75,"URL":"https://m.media-amazon.com/images/I/51vVJ0moHAL._SL75_.jpg","Width":75}}},"ItemInfo":{"ByLineInfo":{"Brand":{"DisplayValue":"Ursus","Label":"Brand","Locale":"es_ES"},"Manufacturer":{"DisplayValue":"Buntpapierfabrik Ludwig Bähr GmbH & Co. KG","Label":"Manufacturer","Locale":"es_ES"}},"Title":{"DisplayValue":"Ursus ovillos g / 29 m, 100% algodón, 10 Colores, para Tejer y Hacer Ganchillo y pequeños proyectos de Manualidades, Pastel, Talla única, 290","Label":"Title","Locale":"es_ES"}},"Offers":{"Summaries":[{"Condition":{"Value":"New"},"LowestPrice":{"Amount":9.99,"Currency":"EUR","DisplayAmount":"9,99 € (0,03 € / metro)","PricePerUnit":0.03}}]}},{"ASIN":"B0B1V9Q7H2","DetailPageURL":"https://www.amazon.es/dp/B0B1V9Q7H2?tag=topinalambricos-21&linkCode=osi&th=1&psc=1","Images":{"Primary":{"Small":{"Height":75,"URL":"https://m.media-amazon.com/images/I/41G1Q8ZzCLL._SL75_.jpg","Width":75}}},"ItemInfo":{"ByLineInfo":{"Brand":{"DisplayValue":"Lidia Crochet Tricot","Label":"Brand","Locale":"es_ES"},"Manufacturer":{"DisplayValue":"Lidia Crochet Tricot","Label":"Manufacturer","Locale":"es_ES"}},"Title":{"DisplayValue":"Classic- hilo de lana, lana acrílico, hilo de tejer, hilo de ganchillo (100 gr/ovillo ; 16 colores) (empresa española/envío desde España) (09)","Label":"Title","Locale":"es_ES"}},"Offers":{"Summaries":[{"Condition":{"Value":"New"},"LowestPrice":{"Amount":5.8,"Currency":"EUR","DisplayAmount":"5,80 €"}}]}}],"SearchURL":"https://www.amazon.es/s?k=ganchillo+lana&rh=n%3A4358113031%2Cp_n_availability%3A-1&tag=topinalambricos-21&linkCode=osi","TotalResultCount":1000}},"36":{"SearchResult":{"Items":[{"ASIN":"B0BJ1G7TS1","DetailPageURL":"https://www.amazon.es/dp/B0BJ1G7TS1?tag=topinalambricos-21&linkCode=osi&th=1&psc=1","Images":{"Primary":{"Small":{"Height":75,"URL":"https://m.media-amazon.com/images/I/61VhIYwJJAL._SL75_.jpg","Width":75}}},"ItemInfo":{"ByLineInfo":{"Brand":{"DisplayValue":"MOOING","Label":"Brand","Locale":"es_ES"}},"Title":{"DisplayValue":"MOOING Hilo para Tejer a Crochet, 24 colores, Ovillos de Lana Acrílica con 2 Ganchos de Ganchillo, para DIY y Tejido a Mano","Label":"Title","Locale":"es_ES"}},"Offers":{"Summaries":[{"Condition":{"Value":"New"},"LowestPrice":{"Amount":15.99,"Currency":"EUR","DisplayAmount":"15,99 €"}}]}},{"ASIN":"B0C9TV88MK","DetailPageURL":"https://www.amazon.es/dp/B0C9TV88MK?tag=topinalambricos-21&linkCode=osi&th=1&psc=1","Images":{"Primary":{"Small":{"Height":75,"URL":"https://m.media-amazon.com/images/I/612YK7y3LYL._SL75_.jpg","Width":75}}},"ItemInfo":{"ByLineInfo":{"Brand":{"DisplayValue":"LPAOIS","Label":"Brand","Locale":"es_ES"}},"Title":{"DisplayValue":"LPAOIS Hilo para Tejer a Crochet, 24 colores, con 2 Ganchos de Ganchillo, Ovillos Acrílicos de Lana para DIY y Tejido a Mano","Label":"Title","Locale":"es_ES"}},"Offers":{"Summaries":[{"Condition":{"Value":"New"},"LowestPrice":{"Amount":17.99,"Currency":"EUR","DisplayAmount":"17,99 €"}}]}},{"ASIN":"B087BQK8WV","DetailPageURL":"https://www.amazon.es/dp/B087BQK8WV?tag=topinalambricos-21&linkCode=osi&th=1&psc=1","Images":{"Primary":{"Small":{"Height":69,"URL":"https://m.media-amazon.com/images/I/51C0dGM3t8L._SL75_.jpg","Width":75}}},"ItemInfo":{"ByLineInfo":{"Brand":{"DisplayValue":"ilauke","Label":"Brand","Locale":"es_ES"},"Manufacturer":{"DisplayValue":"ilauke","Label":"Manufacturer","Locale":"es_ES"}},"Title":{"DisplayValue":"Hilo para Tejer a Crochet, ilauke 20 * 30g Ovillo de Lana con 2 Ganchos de Ganchillo, 2 Agujas, 8 Marcadores y Bolsos Verdes, Lana Acrílico Multicolor","Label":"Title","Locale":"es_ES"}},"Offers":{"Summaries":[{"Condition":{"Value":"New"},"LowestPrice":{"Amount":20.97,"Currency":"EUR","DisplayAmount":"20,97 € (34,95 € / kg)","PricePerUnit":34.95}}]}},{"ASIN":"B09SPWG4ZR","DetailPageURL":"https://www.amazon.es/dp/B09SPWG4ZR?tag=topinalambricos-21&linkCode=osi&th=1&psc=1","Images":{"Primary":{"Small":{"Height":75,"URL":"https://m.media-amazon.com/images/I/51QuOmbvIwL._SL75_.jpg","Width":61}}},"ItemInfo":{"ByLineInfo":{"Brand":{"DisplayValue":"Wollbiene","Label":"Brand","Locale":"es_ES"},"Manufacturer":{"DisplayValue":"Wollbiene","Label":"Manufacturer","Locale":"es_ES"}},"Title":{"DisplayValue":"5 ovillos de lana de abeja batik de 100 g, 500 g, con degradado, multicolor, lana de ganchillo (5040 arcoíris)","Label":"Title","Locale":"es_ES"}},"Offers":{"Summaries":[{"Condition":{"Value":"New"},"LowestPrice":{"Amount":22.36,"Currency":"EUR","DisplayAmount":"22,36 € (44,72 € / kg)","PricePerUnit":44.72}}]}},{"ASIN":"B0CL6FP8H3","DetailPageURL":"https://www.amazon.es/dp/B0CL6FP8H3?tag=topinalambricos-21&linkCode=osi&th=1&psc=1","Images":{"Primary":{"Small":{"Height":75,"URL":"https://m.media-amazon.com/images/I/51i1j79Jx3L._SL75_.jpg","Width":75}}},"ItemInfo":{"ByLineInfo":{"Brand":{"DisplayValue":"TYXHXTF","Label":"Brand","Locale":"es_ES"},"Manufacturer":{"DisplayValue":"TYXHXTF","Label":"Manufacturer","Locale":"es_ES"}},"Title":{"DisplayValue":"TYXHXTF 24 PCS Lanas para Crochet, Ovillos de Lana de Hilo Acrílico, Hilo para Tejer a Crochet, Hilo de Tejer Acrílico, Lana para Tejer para Tejer DIY y Tejido a Mano","Label":"Title","Locale":"es_ES"}},"Offers":{"Summaries":[{"Condition":{"Value":"New"},"LowestPrice":{"Amount":11.99,"Currency":"EUR","DisplayAmount":"11,99 €"}}]}},{"ASIN":"B0BML4JYYH","DetailPageURL":"https://www.amazon.es/dp/B0BML4JYYH?tag=topinalambricos-21&linkCode=osi&th=1&psc=1","Images":{"Primary":{"Small":{"Height":70,"URL":"https://m.media-amazon.com/images/I/51HAZmAo5bL._SL75_.jpg","Width":75}}},"ItemInfo":{"ByLineInfo":{"Brand":{"DisplayValue":"ilauke","Label":"Brand","Locale":"es_ES"},"Manufacturer":{"DisplayValue":"ilauke","Label":"Manufacturer","Locale":"es_ES"}},"Title":{"DisplayValue":"Kit de Ganchillos Multicolor,12 Multicolor 25g Ovillos Lanas Super Suave Algodón Leche Hilos Lana con 2 Piezas de Ganchillo,100% Acrílico para Ganchillo y Manualidades para Principiantes y Niños","Label":"Title","Locale":"es_ES"}},"Offers":{"Summaries":[{"Condition":{"Value":"New"},"LowestPrice":{"Amount":15.99,"Currency":"EUR","DisplayAmount":"15,99 €"}}]}},{"ASIN":"B0CFDMCN6X","DetailPageURL":"https://www.amazon.es/dp/B0CFDMCN6X?tag=topinalambricos-21&linkCode=osi&th=1&psc=1","Images":{"Primary":{"Small":{"Height":75,"URL":"https://m.media-amazon.com/images/I/51LNQzvSNpL._SL75_.jpg","Width":75}}},"ItemInfo":{"ByLineInfo":{"Brand":{"DisplayValue":"ZHHGOO","Label":"Brand","Locale":"es_ES"},"Manufacturer":{"DisplayValue":"ZHHGOO","Label":"Manufacturer","Locale":"es_ES"}},"Title":{"DisplayValue":"ZHHGOO Hilo para Tejer a Crochet,24 Colores,Ovillos de Lana Acrílica con 2 Ganchos de Ganchillo y Bolsa Organizadora,Lana para Tejer para DIY y Tejido a Mano","Label":"Title","Locale":"es_ES"}},"Offers":{"Summaries":[{"Condition":{"Value":"New"},"LowestPrice":{"Amount":15.99,"Currency":"EUR","DisplayAmount":"15,99 €"}}]}},{"ASIN":"B0CF57YCM6","DetailPageURL":"https://www.amazon.es/dp/B0CF57YCM6?tag=topinalambricos-21&linkCode=osi&th=1&psc=1","Images":{"Primary":{"Small":{"Height":75,"URL":"https://m.media-amazon.com/images/I/516VA1-qBhL._SL75_.jpg","Width":75}}},"ItemInfo":{"ByLineInfo":{"Brand":{"DisplayValue":"VORHOT","Label":"Brand","Locale":"es_ES"},"Manufacturer":{"DisplayValue":"VORHOT","Label":"Manufacturer","Locale":"es_ES"}},"Title":{"DisplayValue":"VORHOT Hilo para Tejer a Crochet, 300g Hilo Crochet, Lanas para Crochet Suave, Ovillos de Algodon para Crochet (Tamaño de la Aguja: 3,0-4,0 mm), Color Rosa","Label":"Title","Locale":"es_ES"}},"Offers":{"Summaries":[{"Condition":{"Value":"New"},"LowestPrice":{"Amount":7.98,"Currency":"EUR","DisplayAmount":"7,98 €"}}]}},{"ASIN":"B085J6TZT3","DetailPageURL":"https://www.amazon.es/dp/B085J6TZT3?tag=topinalambricos-21&linkCode=osi&th=1&psc=1","Images":{"Primary":{"Small":{"Height":75,"URL":"https://m.media-amazon.com/images/I/51vVJ0moHAL._SL75_.jpg","Width":75}}},"ItemInfo":{"ByLineInfo":{"Brand":{"DisplayValue":"Ursus","Label":"Brand","Locale":"es_ES"},"Manufacturer":{"DisplayValue":"Buntpapierfabrik Ludwig Bähr GmbH & Co. KG","Label":"Manufacturer","Locale":"es_ES"}},"Title":{"DisplayValue":"Ursus ovillos g / 29 m, 100% algodón, 10 Colores, para Tejer y Hacer Ganchillo y pequeños proyectos de Manualidades, Pastel, Talla única, 290","Label":"Title","Locale":"es_ES"}},"Offers":{"Summaries":[{"Condition":{"Value":"New"},"LowestPrice":{"Amount":9.99,"Currency":"EUR","DisplayAmount":"9,99 € (0,03 € / metro)","PricePerUnit":0.03}}]}},{"ASIN":"B0B1V9Q7H2","DetailPageURL":"https://www.amazon.es/dp/B0B1V9Q7H2?tag=topinalambricos-21&linkCode=osi&th=1&psc=1","Images":{"Primary":{"Small":{"Height":75,"URL":"https://m.media-amazon.com/images/I/41G1Q8ZzCLL._SL75_.jpg","Width":75}}},"ItemInfo":{"ByLineInfo":{"Brand":{"DisplayValue":"Lidia Crochet Tricot","Label":"Brand","Locale":"es_ES"},"Manufacturer":{"DisplayValue":"Lidia Crochet Tricot","Label":"Manufacturer","Locale":"es_ES"}},"Title":{"DisplayValue":"Classic- hilo de lana, lana acrílico, hilo de tejer, hilo de ganchillo (100 gr/ovillo ; 16 colores) (empresa española/envío desde España) (09)","Label":"Title","Locale":"es_ES"}},"Offers":{"Summaries":[{"Condition":{"Value":"New"},"LowestPrice":{"Amount":5.8,"Currency":"EUR","DisplayAmount":"5,80 €"}}]}}],"SearchURL":"https://www.amazon.es/s?k=ganchillo+lana&rh=n%3A4358113031%2Cp_n_availability%3A-1&tag=topinalambricos-21&linkCode=osi","TotalResultCount":1000}},"37":{"SearchResult":{"Items":[{"ASIN":"B0BJ1G7TS1","DetailPageURL":"https://www.amazon.es/dp/B0BJ1G7TS1?tag=topinalambricos-21&linkCode=osi&th=1&psc=1","Images":{"Primary":{"Small":{"Height":75,"URL":"https://m.media-amazon.com/images/I/61VhIYwJJAL._SL75_.jpg","Width":75}}},"ItemInfo":{"ByLineInfo":{"Brand":{"DisplayValue":"MOOING","Label":"Brand","Locale":"es_ES"}},"Title":{"DisplayValue":"MOOING Hilo para Tejer a Crochet, 24 colores, Ovillos de Lana Acrílica con 2 Ganchos de Ganchillo, para DIY y Tejido a Mano","Label":"Title","Locale":"es_ES"}},"Offers":{"Summaries":[{"Condition":{"Value":"New"},"LowestPrice":{"Amount":15.99,"Currency":"EUR","DisplayAmount":"15,99 €"}}]}},{"ASIN":"B0C9TV88MK","DetailPageURL":"https://www.amazon.es/dp/B0C9TV88MK?tag=topinalambricos-21&linkCode=osi&th=1&psc=1","Images":{"Primary":{"Small":{"Height":75,"URL":"https://m.media-amazon.com/images/I/612YK7y3LYL._SL75_.jpg","Width":75}}},"ItemInfo":{"ByLineInfo":{"Brand":{"DisplayValue":"LPAOIS","Label":"Brand","Locale":"es_ES"}},"Title":{"DisplayValue":"LPAOIS Hilo para Tejer a Crochet, 24 colores, con 2 Ganchos de Ganchillo, Ovillos Acrílicos de Lana para DIY y Tejido a Mano","Label":"Title","Locale":"es_ES"}},"Offers":{"Summaries":[{"Condition":{"Value":"New"},"LowestPrice":{"Amount":17.99,"Currency":"EUR","DisplayAmount":"17,99 €"}}]}},{"ASIN":"B087BQK8WV","DetailPageURL":"https://www.amazon.es/dp/B087BQK8WV?tag=topinalambricos-21&linkCode=osi&th=1&psc=1","Images":{"Primary":{"Small":{"Height":69,"URL":"https://m.media-amazon.com/images/I/51C0dGM3t8L._SL75_.jpg","Width":75}}},"ItemInfo":{"ByLineInfo":{"Brand":{"DisplayValue":"ilauke","Label":"Brand","Locale":"es_ES"},"Manufacturer":{"DisplayValue":"ilauke","Label":"Manufacturer","Locale":"es_ES"}},"Title":{"DisplayValue":"Hilo para Tejer a Crochet, ilauke 20 * 30g Ovillo de Lana con 2 Ganchos de Ganchillo, 2 Agujas, 8 Marcadores y Bolsos Verdes, Lana Acrílico Multicolor","Label":"Title","Locale":"es_ES"}},"Offers":{"Summaries":[{"Condition":{"Value":"New"},"LowestPrice":{"Amount":20.97,"Currency":"EUR","DisplayAmount":"20,97 € (34,95 € / kg)","PricePerUnit":34.95}}]}},{"ASIN":"B09SPWG4ZR","DetailPageURL":"https://www.amazon.es/dp/B09SPWG4ZR?tag=topinalambricos-21&linkCode=osi&th=1&psc=1","Images":{"Primary":{"Small":{"Height":75,"URL":"https://m.media-amazon.com/images/I/51QuOmbvIwL._SL75_.jpg","Width":61}}},"ItemInfo":{"ByLineInfo":{"Brand":{"DisplayValue":"Wollbiene","Label":"Brand","Locale":"es_ES"},"Manufacturer":{"DisplayValue":"Wollbiene","Label":"Manufacturer","Locale":"es_ES"}},"Title":{"DisplayValue":"5 ovillos de lana de abeja batik de 100 g, 500 g, con degradado, multicolor, lana de ganchillo (5040 arcoíris)","Label":"Title","Locale":"es_ES"}},"Offers":{"Summaries":[{"Condition":{"Value":"New"},"LowestPrice":{"Amount":22.36,"Currency":"EUR","DisplayAmount":"22,36 € (44,72 € / kg)","PricePerUnit":44.72}}]}},{"ASIN":"B0CL6FP8H3","DetailPageURL":"https://www.amazon.es/dp/B0CL6FP8H3?tag=topinalambricos-21&linkCode=osi&th=1&psc=1","Images":{"Primary":{"Small":{"Height":75,"URL":"https://m.media-amazon.com/images/I/51i1j79Jx3L._SL75_.jpg","Width":75}}},"ItemInfo":{"ByLineInfo":{"Brand":{"DisplayValue":"TYXHXTF","Label":"Brand","Locale":"es_ES"},"Manufacturer":{"DisplayValue":"TYXHXTF","Label":"Manufacturer","Locale":"es_ES"}},"Title":{"DisplayValue":"TYXHXTF 24 PCS Lanas para Crochet, Ovillos de Lana de Hilo Acrílico, Hilo para Tejer a Crochet, Hilo de Tejer Acrílico, Lana para Tejer para Tejer DIY y Tejido a Mano","Label":"Title","Locale":"es_ES"}},"Offers":{"Summaries":[{"Condition":{"Value":"New"},"LowestPrice":{"Amount":11.99,"Currency":"EUR","DisplayAmount":"11,99 €"}}]}},{"ASIN":"B0BML4JYYH","DetailPageURL":"https://www.amazon.es/dp/B0BML4JYYH?tag=topinalambricos-21&linkCode=osi&th=1&psc=1","Images":{"Primary":{"Small":{"Height":70,"URL":"https://m.media-amazon.com/images/I/51HAZmAo5bL._SL75_.jpg","Width":75}}},"ItemInfo":{"ByLineInfo":{"Brand":{"DisplayValue":"ilauke","Label":"Brand","Locale":"es_ES"},"Manufacturer":{"DisplayValue":"ilauke","Label":"Manufacturer","Locale":"es_ES"}},"Title":{"DisplayValue":"Kit de Ganchillos Multicolor,12 Multicolor 25g Ovillos Lanas Super Suave Algodón Leche Hilos Lana con 2 Piezas de Ganchillo,100% Acrílico para Ganchillo y Manualidades para Principiantes y Niños","Label":"Title","Locale":"es_ES"}},"Offers":{"Summaries":[{"Condition":{"Value":"New"},"LowestPrice":{"Amount":15.99,"Currency":"EUR","DisplayAmount":"15,99 €"}}]}},{"ASIN":"B0CFDMCN6X","DetailPageURL":"https://www.amazon.es/dp/B0CFDMCN6X?tag=topinalambricos-21&linkCode=osi&th=1&psc=1","Images":{"Primary":{"Small":{"Height":75,"URL":"https://m.media-amazon.com/images/I/51LNQzvSNpL._SL75_.jpg","Width":75}}},"ItemInfo":{"ByLineInfo":{"Brand":{"DisplayValue":"ZHHGOO","Label":"Brand","Locale":"es_ES"},"Manufacturer":{"DisplayValue":"ZHHGOO","Label":"Manufacturer","Locale":"es_ES"}},"Title":{"DisplayValue":"ZHHGOO Hilo para Tejer a Crochet,24 Colores,Ovillos de Lana Acrílica con 2 Ganchos de Ganchillo y Bolsa Organizadora,Lana para Tejer para DIY y Tejido a Mano","Label":"Title","Locale":"es_ES"}},"Offers":{"Summaries":[{"Condition":{"Value":"New"},"LowestPrice":{"Amount":15.99,"Currency":"EUR","DisplayAmount":"15,99 €"}}]}},{"ASIN":"B0CF57YCM6","DetailPageURL":"https://www.amazon.es/dp/B0CF57YCM6?tag=topinalambricos-21&linkCode=osi&th=1&psc=1","Images":{"Primary":{"Small":{"Height":75,"URL":"https://m.media-amazon.com/images/I/516VA1-qBhL._SL75_.jpg","Width":75}}},"ItemInfo":{"ByLineInfo":{"Brand":{"DisplayValue":"VORHOT","Label":"Brand","Locale":"es_ES"},"Manufacturer":{"DisplayValue":"VORHOT","Label":"Manufacturer","Locale":"es_ES"}},"Title":{"DisplayValue":"VORHOT Hilo para Tejer a Crochet, 300g Hilo Crochet, Lanas para Crochet Suave, Ovillos de Algodon para Crochet (Tamaño de la Aguja: 3,0-4,0 mm), Color Rosa","Label":"Title","Locale":"es_ES"}},"Offers":{"Summaries":[{"Condition":{"Value":"New"},"LowestPrice":{"Amount":7.98,"Currency":"EUR","DisplayAmount":"7,98 €"}}]}},{"ASIN":"B085J6TZT3","DetailPageURL":"https://www.amazon.es/dp/B085J6TZT3?tag=topinalambricos-21&linkCode=osi&th=1&psc=1","Images":{"Primary":{"Small":{"Height":75,"URL":"https://m.media-amazon.com/images/I/51vVJ0moHAL._SL75_.jpg","Width":75}}},"ItemInfo":{"ByLineInfo":{"Brand":{"DisplayValue":"Ursus","Label":"Brand","Locale":"es_ES"},"Manufacturer":{"DisplayValue":"Buntpapierfabrik Ludwig Bähr GmbH & Co. KG","Label":"Manufacturer","Locale":"es_ES"}},"Title":{"DisplayValue":"Ursus ovillos g / 29 m, 100% algodón, 10 Colores, para Tejer y Hacer Ganchillo y pequeños proyectos de Manualidades, Pastel, Talla única, 290","Label":"Title","Locale":"es_ES"}},"Offers":{"Summaries":[{"Condition":{"Value":"New"},"LowestPrice":{"Amount":9.99,"Currency":"EUR","DisplayAmount":"9,99 € (0,03 € / metro)","PricePerUnit":0.03}}]}},{"ASIN":"B0B1V9Q7H2","DetailPageURL":"https://www.amazon.es/dp/B0B1V9Q7H2?tag=topinalambricos-21&linkCode=osi&th=1&psc=1","Images":{"Primary":{"Small":{"Height":75,"URL":"https://m.media-amazon.com/images/I/41G1Q8ZzCLL._SL75_.jpg","Width":75}}},"ItemInfo":{"ByLineInfo":{"Brand":{"DisplayValue":"Lidia Crochet Tricot","Label":"Brand","Locale":"es_ES"},"Manufacturer":{"DisplayValue":"Lidia Crochet Tricot","Label":"Manufacturer","Locale":"es_ES"}},"Title":{"DisplayValue":"Classic- hilo de lana, lana acrílico, hilo de tejer, hilo de ganchillo (100 gr/ovillo ; 16 colores) (empresa española/envío desde España) (09)","Label":"Title","Locale":"es_ES"}},"Offers":{"Summaries":[{"Condition":{"Value":"New"},"LowestPrice":{"Amount":5.8,"Currency":"EUR","DisplayAmount":"5,80 €"}}]}}],"SearchURL":"https://www.amazon.es/s?k=ganchillo+lana&rh=n%3A4358113031%2Cp_n_availability%3A-1&tag=topinalambricos-21&linkCode=osi","TotalResultCount":1000}},"38":{"SearchResult":{"Items":[{"ASIN":"B0BJ1G7TS1","DetailPageURL":"https://www.amazon.es/dp/B0BJ1G7TS1?tag=topinalambricos-21&linkCode=osi&th=1&psc=1","Images":{"Primary":{"Small":{"Height":75,"URL":"https://m.media-amazon.com/images/I/61VhIYwJJAL._SL75_.jpg","Width":75}}},"ItemInfo":{"ByLineInfo":{"Brand":{"DisplayValue":"MOOING","Label":"Brand","Locale":"es_ES"}},"Title":{"DisplayValue":"MOOING Hilo para Tejer a Crochet, 24 colores, Ovillos de Lana Acrílica con 2 Ganchos de Ganchillo, para DIY y Tejido a Mano","Label":"Title","Locale":"es_ES"}},"Offers":{"Summaries":[{"Condition":{"Value":"New"},"LowestPrice":{"Amount":15.99,"Currency":"EUR","DisplayAmount":"15,99 €"}}]}},{"ASIN":"B0C9TV88MK","DetailPageURL":"https://www.amazon.es/dp/B0C9TV88MK?tag=topinalambricos-21&linkCode=osi&th=1&psc=1","Images":{"Primary":{"Small":{"Height":75,"URL":"https://m.media-amazon.com/images/I/612YK7y3LYL._SL75_.jpg","Width":75}}},"ItemInfo":{"ByLineInfo":{"Brand":{"DisplayValue":"LPAOIS","Label":"Brand","Locale":"es_ES"}},"Title":{"DisplayValue":"LPAOIS Hilo para Tejer a Crochet, 24 colores, con 2 Ganchos de Ganchillo, Ovillos Acrílicos de Lana para DIY y Tejido a Mano","Label":"Title","Locale":"es_ES"}},"Offers":{"Summaries":[{"Condition":{"Value":"New"},"LowestPrice":{"Amount":17.99,"Currency":"EUR","DisplayAmount":"17,99 €"}}]}},{"ASIN":"B087BQK8WV","DetailPageURL":"https://www.amazon.es/dp/B087BQK8WV?tag=topinalambricos-21&linkCode=osi&th=1&psc=1","Images":{"Primary":{"Small":{"Height":69,"URL":"https://m.media-amazon.com/images/I/51C0dGM3t8L._SL75_.jpg","Width":75}}},"ItemInfo":{"ByLineInfo":{"Brand":{"DisplayValue":"ilauke","Label":"Brand","Locale":"es_ES"},"Manufacturer":{"DisplayValue":"ilauke","Label":"Manufacturer","Locale":"es_ES"}},"Title":{"DisplayValue":"Hilo para Tejer a Crochet, ilauke 20 * 30g Ovillo de Lana con 2 Ganchos de Ganchillo, 2 Agujas, 8 Marcadores y Bolsos Verdes, Lana Acrílico Multicolor","Label":"Title","Locale":"es_ES"}},"Offers":{"Summaries":[{"Condition":{"Value":"New"},"LowestPrice":{"Amount":20.97,"Currency":"EUR","DisplayAmount":"20,97 € (34,95 € / kg)","PricePerUnit":34.95}}]}},{"ASIN":"B09SPWG4ZR","DetailPageURL":"https://www.amazon.es/dp/B09SPWG4ZR?tag=topinalambricos-21&linkCode=osi&th=1&psc=1","Images":{"Primary":{"Small":{"Height":75,"URL":"https://m.media-amazon.com/images/I/51QuOmbvIwL._SL75_.jpg","Width":61}}},"ItemInfo":{"ByLineInfo":{"Brand":{"DisplayValue":"Wollbiene","Label":"Brand","Locale":"es_ES"},"Manufacturer":{"DisplayValue":"Wollbiene","Label":"Manufacturer","Locale":"es_ES"}},"Title":{"DisplayValue":"5 ovillos de lana de abeja batik de 100 g, 500 g, con degradado, multicolor, lana de ganchillo (5040 arcoíris)","Label":"Title","Locale":"es_ES"}},"Offers":{"Summaries":[{"Condition":{"Value":"New"},"LowestPrice":{"Amount":22.36,"Currency":"EUR","DisplayAmount":"22,36 € (44,72 € / kg)","PricePerUnit":44.72}}]}},{"ASIN":"B0CL6FP8H3","DetailPageURL":"https://www.amazon.es/dp/B0CL6FP8H3?tag=topinalambricos-21&linkCode=osi&th=1&psc=1","Images":{"Primary":{"Small":{"Height":75,"URL":"https://m.media-amazon.com/images/I/51i1j79Jx3L._SL75_.jpg","Width":75}}},"ItemInfo":{"ByLineInfo":{"Brand":{"DisplayValue":"TYXHXTF","Label":"Brand","Locale":"es_ES"},"Manufacturer":{"DisplayValue":"TYXHXTF","Label":"Manufacturer","Locale":"es_ES"}},"Title":{"DisplayValue":"TYXHXTF 24 PCS Lanas para Crochet, Ovillos de Lana de Hilo Acrílico, Hilo para Tejer a Crochet, Hilo de Tejer Acrílico, Lana para Tejer para Tejer DIY y Tejido a Mano","Label":"Title","Locale":"es_ES"}},"Offers":{"Summaries":[{"Condition":{"Value":"New"},"LowestPrice":{"Amount":11.99,"Currency":"EUR","DisplayAmount":"11,99 €"}}]}},{"ASIN":"B0BML4JYYH","DetailPageURL":"https://www.amazon.es/dp/B0BML4JYYH?tag=topinalambricos-21&linkCode=osi&th=1&psc=1","Images":{"Primary":{"Small":{"Height":70,"URL":"https://m.media-amazon.com/images/I/51HAZmAo5bL._SL75_.jpg","Width":75}}},"ItemInfo":{"ByLineInfo":{"Brand":{"DisplayValue":"ilauke","Label":"Brand","Locale":"es_ES"},"Manufacturer":{"DisplayValue":"ilauke","Label":"Manufacturer","Locale":"es_ES"}},"Title":{"DisplayValue":"Kit de Ganchillos Multicolor,12 Multicolor 25g Ovillos Lanas Super Suave Algodón Leche Hilos Lana con 2 Piezas de Ganchillo,100% Acrílico para Ganchillo y Manualidades para Principiantes y Niños","Label":"Title","Locale":"es_ES"}},"Offers":{"Summaries":[{"Condition":{"Value":"New"},"LowestPrice":{"Amount":15.99,"Currency":"EUR","DisplayAmount":"15,99 €"}}]}},{"ASIN":"B0CFDMCN6X","DetailPageURL":"https://www.amazon.es/dp/B0CFDMCN6X?tag=topinalambricos-21&linkCode=osi&th=1&psc=1","Images":{"Primary":{"Small":{"Height":75,"URL":"https://m.media-amazon.com/images/I/51LNQzvSNpL._SL75_.jpg","Width":75}}},"ItemInfo":{"ByLineInfo":{"Brand":{"DisplayValue":"ZHHGOO","Label":"Brand","Locale":"es_ES"},"Manufacturer":{"DisplayValue":"ZHHGOO","Label":"Manufacturer","Locale":"es_ES"}},"Title":{"DisplayValue":"ZHHGOO Hilo para Tejer a Crochet,24 Colores,Ovillos de Lana Acrílica con 2 Ganchos de Ganchillo y Bolsa Organizadora,Lana para Tejer para DIY y Tejido a Mano","Label":"Title","Locale":"es_ES"}},"Offers":{"Summaries":[{"Condition":{"Value":"New"},"LowestPrice":{"Amount":15.99,"Currency":"EUR","DisplayAmount":"15,99 €"}}]}},{"ASIN":"B0CF57YCM6","DetailPageURL":"https://www.amazon.es/dp/B0CF57YCM6?tag=topinalambricos-21&linkCode=osi&th=1&psc=1","Images":{"Primary":{"Small":{"Height":75,"URL":"https://m.media-amazon.com/images/I/516VA1-qBhL._SL75_.jpg","Width":75}}},"ItemInfo":{"ByLineInfo":{"Brand":{"DisplayValue":"VORHOT","Label":"Brand","Locale":"es_ES"},"Manufacturer":{"DisplayValue":"VORHOT","Label":"Manufacturer","Locale":"es_ES"}},"Title":{"DisplayValue":"VORHOT Hilo para Tejer a Crochet, 300g Hilo Crochet, Lanas para Crochet Suave, Ovillos de Algodon para Crochet (Tamaño de la Aguja: 3,0-4,0 mm), Color Rosa","Label":"Title","Locale":"es_ES"}},"Offers":{"Summaries":[{"Condition":{"Value":"New"},"LowestPrice":{"Amount":7.98,"Currency":"EUR","DisplayAmount":"7,98 €"}}]}},{"ASIN":"B085J6TZT3","DetailPageURL":"https://www.amazon.es/dp/B085J6TZT3?tag=topinalambricos-21&linkCode=osi&th=1&psc=1","Images":{"Primary":{"Small":{"Height":75,"URL":"https://m.media-amazon.com/images/I/51vVJ0moHAL._SL75_.jpg","Width":75}}},"ItemInfo":{"ByLineInfo":{"Brand":{"DisplayValue":"Ursus","Label":"Brand","Locale":"es_ES"},"Manufacturer":{"DisplayValue":"Buntpapierfabrik Ludwig Bähr GmbH & Co. KG","Label":"Manufacturer","Locale":"es_ES"}},"Title":{"DisplayValue":"Ursus ovillos g / 29 m, 100% algodón, 10 Colores, para Tejer y Hacer Ganchillo y pequeños proyectos de Manualidades, Pastel, Talla única, 290","Label":"Title","Locale":"es_ES"}},"Offers":{"Summaries":[{"Condition":{"Value":"New"},"LowestPrice":{"Amount":9.99,"Currency":"EUR","DisplayAmount":"9,99 € (0,03 € / metro)","PricePerUnit":0.03}}]}},{"ASIN":"B0B1V9Q7H2","DetailPageURL":"https://www.amazon.es/dp/B0B1V9Q7H2?tag=topinalambricos-21&linkCode=osi&th=1&psc=1","Images":{"Primary":{"Small":{"Height":75,"URL":"https://m.media-amazon.com/images/I/41G1Q8ZzCLL._SL75_.jpg","Width":75}}},"ItemInfo":{"ByLineInfo":{"Brand":{"DisplayValue":"Lidia Crochet Tricot","Label":"Brand","Locale":"es_ES"},"Manufacturer":{"DisplayValue":"Lidia Crochet Tricot","Label":"Manufacturer","Locale":"es_ES"}},"Title":{"DisplayValue":"Classic- hilo de lana, lana acrílico, hilo de tejer, hilo de ganchillo (100 gr/ovillo ; 16 colores) (empresa española/envío desde España) (09)","Label":"Title","Locale":"es_ES"}},"Offers":{"Summaries":[{"Condition":{"Value":"New"},"LowestPrice":{"Amount":5.8,"Currency":"EUR","DisplayAmount":"5,80 €"}}]}}],"SearchURL":"https://www.amazon.es/s?k=ganchillo+lana&rh=n%3A4358113031%2Cp_n_availability%3A-1&tag=topinalambricos-21&linkCode=osi","TotalResultCount":1000}},"39":{"SearchResult":{"Items":[{"ASIN":"B0BJ1G7TS1","DetailPageURL":"https://www.amazon.es/dp/B0BJ1G7TS1?tag=topinalambricos-21&linkCode=osi&th=1&psc=1","Images":{"Primary":{"Small":{"Height":75,"URL":"https://m.media-amazon.com/images/I/61VhIYwJJAL._SL75_.jpg","Width":75}}},"ItemInfo":{"ByLineInfo":{"Brand":{"DisplayValue":"MOOING","Label":"Brand","Locale":"es_ES"}},"Title":{"DisplayValue":"MOOING Hilo para Tejer a Crochet, 24 colores, Ovillos de Lana Acrílica con 2 Ganchos de Ganchillo, para DIY y Tejido a Mano","Label":"Title","Locale":"es_ES"}},"Offers":{"Summaries":[{"Condition":{"Value":"New"},"LowestPrice":{"Amount":15.99,"Currency":"EUR","DisplayAmount":"15,99 €"}}]}},{"ASIN":"B0C9TV88MK","DetailPageURL":"https://www.amazon.es/dp/B0C9TV88MK?tag=topinalambricos-21&linkCode=osi&th=1&psc=1","Images":{"Primary":{"Small":{"Height":75,"URL":"https://m.media-amazon.com/images/I/612YK7y3LYL._SL75_.jpg","Width":75}}},"ItemInfo":{"ByLineInfo":{"Brand":{"DisplayValue":"LPAOIS","Label":"Brand","Locale":"es_ES"}},"Title":{"DisplayValue":"LPAOIS Hilo para Tejer a Crochet, 24 colores, con 2 Ganchos de Ganchillo, Ovillos Acrílicos de Lana para DIY y Tejido a Mano","Label":"Title","Locale":"es_ES"}},"Offers":{"Summaries":[{"Condition":{"Value":"New"},"LowestPrice":{"Amount":17.99,"Currency":"EUR","DisplayAmount":"17,99 €"}}]}},{"ASIN":"B087BQK8WV","DetailPageURL":"https://www.amazon.es/dp/B087BQK8WV?tag=topinalambricos-21&linkCode=osi&th=1&psc=1","Images":{"Primary":{"Small":{"Height":69,"URL":"https://m.media-amazon.com/images/I/51C0dGM3t8L._SL75_.jpg","Width":75}}},"ItemInfo":{"ByLineInfo":{"Brand":{"DisplayValue":"ilauke","Label":"Brand","Locale":"es_ES"},"Manufacturer":{"DisplayValue":"ilauke","Label":"Manufacturer","Locale":"es_ES"}},"Title":{"DisplayValue":"Hilo para Tejer a Crochet, ilauke 20 * 30g Ovillo de Lana con 2 Ganchos de Ganchillo, 2 Agujas, 8 Marcadores y Bolsos Verdes, Lana Acrílico Multicolor","Label":"Title","Locale":"es_ES"}},"Offers":{"Summaries":[{"Condition":{"Value":"New"},"LowestPrice":{"Amount":20.97,"Currency":"EUR","DisplayAmount":"20,97 € (34,95 € / kg)","PricePerUnit":34.95}}]}},{"ASIN":"B09SPWG4ZR","DetailPageURL":"https://www.amazon.es/dp/B09SPWG4ZR?tag=topinalambricos-21&linkCode=osi&th=1&psc=1","Images":{"Primary":{"Small":{"Height":75,"URL":"https://m.media-amazon.com/images/I/51QuOmbvIwL._SL75_.jpg","Width":61}}},"ItemInfo":{"ByLineInfo":{"Brand":{"DisplayValue":"Wollbiene","Label":"Brand","Locale":"es_ES"},"Manufacturer":{"DisplayValue":"Wollbiene","Label":"Manufacturer","Locale":"es_ES"}},"Title":{"DisplayValue":"5 ovillos de lana de abeja batik de 100 g, 500 g, con degradado, multicolor, lana de ganchillo (5040 arcoíris)","Label":"Title","Locale":"es_ES"}},"Offers":{"Summaries":[{"Condition":{"Value":"New"},"LowestPrice":{"Amount":22.36,"Currency":"EUR","DisplayAmount":"22,36 € (44,72 € / kg)","PricePerUnit":44.72}}]}},{"ASIN":"B0CL6FP8H3","DetailPageURL":"https://www.amazon.es/dp/B0CL6FP8H3?tag=topinalambricos-21&linkCode=osi&th=1&psc=1","Images":{"Primary":{"Small":{"Height":75,"URL":"https://m.media-amazon.com/images/I/51i1j79Jx3L._SL75_.jpg","Width":75}}},"ItemInfo":{"ByLineInfo":{"Brand":{"DisplayValue":"TYXHXTF","Label":"Brand","Locale":"es_ES"},"Manufacturer":{"DisplayValue":"TYXHXTF","Label":"Manufacturer","Locale":"es_ES"}},"Title":{"DisplayValue":"TYXHXTF 24 PCS Lanas para Crochet, Ovillos de Lana de Hilo Acrílico, Hilo para Tejer a Crochet, Hilo de Tejer Acrílico, Lana para Tejer para Tejer DIY y Tejido a Mano","Label":"Title","Locale":"es_ES"}},"Offers":{"Summaries":[{"Condition":{"Value":"New"},"LowestPrice":{"Amount":11.99,"Currency":"EUR","DisplayAmount":"11,99 €"}}]}},{"ASIN":"B0BML4JYYH","DetailPageURL":"https://www.amazon.es/dp/B0BML4JYYH?tag=topinalambricos-21&linkCode=osi&th=1&psc=1","Images":{"Primary":{"Small":{"Height":70,"URL":"https://m.media-amazon.com/images/I/51HAZmAo5bL._SL75_.jpg","Width":75}}},"ItemInfo":{"ByLineInfo":{"Brand":{"DisplayValue":"ilauke","Label":"Brand","Locale":"es_ES"},"Manufacturer":{"DisplayValue":"ilauke","Label":"Manufacturer","Locale":"es_ES"}},"Title":{"DisplayValue":"Kit de Ganchillos Multicolor,12 Multicolor 25g Ovillos Lanas Super Suave Algodón Leche Hilos Lana con 2 Piezas de Ganchillo,100% Acrílico para Ganchillo y Manualidades para Principiantes y Niños","Label":"Title","Locale":"es_ES"}},"Offers":{"Summaries":[{"Condition":{"Value":"New"},"LowestPrice":{"Amount":15.99,"Currency":"EUR","DisplayAmount":"15,99 €"}}]}},{"ASIN":"B0CFDMCN6X","DetailPageURL":"https://www.amazon.es/dp/B0CFDMCN6X?tag=topinalambricos-21&linkCode=osi&th=1&psc=1","Images":{"Primary":{"Small":{"Height":75,"URL":"https://m.media-amazon.com/images/I/51LNQzvSNpL._SL75_.jpg","Width":75}}},"ItemInfo":{"ByLineInfo":{"Brand":{"DisplayValue":"ZHHGOO","Label":"Brand","Locale":"es_ES"},"Manufacturer":{"DisplayValue":"ZHHGOO","Label":"Manufacturer","Locale":"es_ES"}},"Title":{"DisplayValue":"ZHHGOO Hilo para Tejer a Crochet,24 Colores,Ovillos de Lana Acrílica con 2 Ganchos de Ganchillo y Bolsa Organizadora,Lana para Tejer para DIY y Tejido a Mano","Label":"Title","Locale":"es_ES"}},"Offers":{"Summaries":[{"Condition":{"Value":"New"},"LowestPrice":{"Amount":15.99,"Currency":"EUR","DisplayAmount":"15,99 €"}}]}},{"ASIN":"B0CF57YCM6","DetailPageURL":"https://www.amazon.es/dp/B0CF57YCM6?tag=topinalambricos-21&linkCode=osi&th=1&psc=1","Images":{"Primary":{"Small":{"Height":75,"URL":"https://m.media-amazon.com/images/I/516VA1-qBhL._SL75_.jpg","Width":75}}},"ItemInfo":{"ByLineInfo":{"Brand":{"DisplayValue":"VORHOT","Label":"Brand","Locale":"es_ES"},"Manufacturer":{"DisplayValue":"VORHOT","Label":"Manufacturer","Locale":"es_ES"}},"Title":{"DisplayValue":"VORHOT Hilo para Tejer a Crochet, 300g Hilo Crochet, Lanas para Crochet Suave, Ovillos de Algodon para Crochet (Tamaño de la Aguja: 3,0-4,0 mm), Color Rosa","Label":"Title","Locale":"es_ES"}},"Offers":{"Summaries":[{"Condition":{"Value":"New"},"LowestPrice":{"Amount":7.98,"Currency":"EUR","DisplayAmount":"7,98 €"}}]}},{"ASIN":"B085J6TZT3","DetailPageURL":"https://www.amazon.es/dp/B085J6TZT3?tag=topinalambricos-21&linkCode=osi&th=1&psc=1","Images":{"Primary":{"Small":{"Height":75,"URL":"https://m.media-amazon.com/images/I/51vVJ0moHAL._SL75_.jpg","Width":75}}},"ItemInfo":{"ByLineInfo":{"Brand":{"DisplayValue":"Ursus","Label":"Brand","Locale":"es_ES"},"Manufacturer":{"DisplayValue":"Buntpapierfabrik Ludwig Bähr GmbH & Co. KG","Label":"Manufacturer","Locale":"es_ES"}},"Title":{"DisplayValue":"Ursus ovillos g / 29 m, 100% algodón, 10 Colores, para Tejer y Hacer Ganchillo y pequeños proyectos de Manualidades, Pastel, Talla única, 290","Label":"Title","Locale":"es_ES"}},"Offers":{"Summaries":[{"Condition":{"Value":"New"},"LowestPrice":{"Amount":9.99,"Currency":"EUR","DisplayAmount":"9,99 € (0,03 € / metro)","PricePerUnit":0.03}}]}},{"ASIN":"B0B1V9Q7H2","DetailPageURL":"https://www.amazon.es/dp/B0B1V9Q7H2?tag=topinalambricos-21&linkCode=osi&th=1&psc=1","Images":{"Primary":{"Small":{"Height":75,"URL":"https://m.media-amazon.com/images/I/41G1Q8ZzCLL._SL75_.jpg","Width":75}}},"ItemInfo":{"ByLineInfo":{"Brand":{"DisplayValue":"Lidia Crochet Tricot","Label":"Brand","Locale":"es_ES"},"Manufacturer":{"DisplayValue":"Lidia Crochet Tricot","Label":"Manufacturer","Locale":"es_ES"}},"Title":{"DisplayValue":"Classic- hilo de lana, lana acrílico, hilo de tejer, hilo de ganchillo (100 gr/ovillo ; 16 colores) (empresa española/envío desde España) (09)","Label":"Title","Locale":"es_ES"}},"Offers":{"Summaries":[{"Condition":{"Value":"New"},"LowestPrice":{"Amount":5.8,"Currency":"EUR","DisplayAmount":"5,80 €"}}]}}],"SearchURL":"https://www.amazon.es/s?k=ganchillo+lana&rh=n%3A4358113031%2Cp_n_availability%3A-1&tag=topinalambricos-21&linkCode=osi","TotalResultCount":1000}},"40":{"SearchResult":{"Items":[{"ASIN":"B0BJ1G7TS1","DetailPageURL":"https://www.amazon.es/dp/B0BJ1G7TS1?tag=topinalambricos-21&linkCode=osi&th=1&psc=1","Images":{"Primary":{"Small":{"Height":75,"URL":"https://m.media-amazon.com/images/I/61VhIYwJJAL._SL75_.jpg","Width":75}}},"ItemInfo":{"ByLineInfo":{"Brand":{"DisplayValue":"MOOING","Label":"Brand","Locale":"es_ES"}},"Title":{"DisplayValue":"MOOING Hilo para Tejer a Crochet, 24 colores, Ovillos de Lana Acrílica con 2 Ganchos de Ganchillo, para DIY y Tejido a Mano","Label":"Title","Locale":"es_ES"}},"Offers":{"Summaries":[{"Condition":{"Value":"New"},"LowestPrice":{"Amount":15.99,"Currency":"EUR","DisplayAmount":"15,99 €"}}]}},{"ASIN":"B0C9TV88MK","DetailPageURL":"https://www.amazon.es/dp/B0C9TV88MK?tag=topinalambricos-21&linkCode=osi&th=1&psc=1","Images":{"Primary":{"Small":{"Height":75,"URL":"https://m.media-amazon.com/images/I/612YK7y3LYL._SL75_.jpg","Width":75}}},"ItemInfo":{"ByLineInfo":{"Brand":{"DisplayValue":"LPAOIS","Label":"Brand","Locale":"es_ES"}},"Title":{"DisplayValue":"LPAOIS Hilo para Tejer a Crochet, 24 colores, con 2 Ganchos de Ganchillo, Ovillos Acrílicos de Lana para DIY y Tejido a Mano","Label":"Title","Locale":"es_ES"}},"Offers":{"Summaries":[{"Condition":{"Value":"New"},"LowestPrice":{"Amount":17.99,"Currency":"EUR","DisplayAmount":"17,99 €"}}]}},{"ASIN":"B087BQK8WV","DetailPageURL":"https://www.amazon.es/dp/B087BQK8WV?tag=topinalambricos-21&linkCode=osi&th=1&psc=1","Images":{"Primary":{"Small":{"Height":69,"URL":"https://m.media-amazon.com/images/I/51C0dGM3t8L._SL75_.jpg","Width":75}}},"ItemInfo":{"ByLineInfo":{"Brand":{"DisplayValue":"ilauke","Label":"Brand","Locale":"es_ES"},"Manufacturer":{"DisplayValue":"ilauke","Label":"Manufacturer","Locale":"es_ES"}},"Title":{"DisplayValue":"Hilo para Tejer a Crochet, ilauke 20 * 30g Ovillo de Lana con 2 Ganchos de Ganchillo, 2 Agujas, 8 Marcadores y Bolsos Verdes, Lana Acrílico Multicolor","Label":"Title","Locale":"es_ES"}},"Offers":{"Summaries":[{"Condition":{"Value":"New"},"LowestPrice":{"Amount":20.97,"Currency":"EUR","DisplayAmount":"20,97 € (34,95 € / kg)","PricePerUnit":34.95}}]}},{"ASIN":"B09SPWG4ZR","DetailPageURL":"https://www.amazon.es/dp/B09SPWG4ZR?tag=topinalambricos-21&linkCode=osi&th=1&psc=1","Images":{"Primary":{"Small":{"Height":75,"URL":"https://m.media-amazon.com/images/I/51QuOmbvIwL._SL75_.jpg","Width":61}}},"ItemInfo":{"ByLineInfo":{"Brand":{"DisplayValue":"Wollbiene","Label":"Brand","Locale":"es_ES"},"Manufacturer":{"DisplayValue":"Wollbiene","Label":"Manufacturer","Locale":"es_ES"}},"Title":{"DisplayValue":"5 ovillos de lana de abeja batik de 100 g, 500 g, con degradado, multicolor, lana de ganchillo (5040 arcoíris)","Label":"Title","Locale":"es_ES"}},"Offers":{"Summaries":[{"Condition":{"Value":"New"},"LowestPrice":{"Amount":22.36,"Currency":"EUR","DisplayAmount":"22,36 € (44,72 € / kg)","PricePerUnit":44.72}}]}},{"ASIN":"B0CL6FP8H3","DetailPageURL":"https://www.amazon.es/dp/B0CL6FP8H3?tag=topinalambricos-21&linkCode=osi&th=1&psc=1","Images":{"Primary":{"Small":{"Height":75,"URL":"https://m.media-amazon.com/images/I/51i1j79Jx3L._SL75_.jpg","Width":75}}},"ItemInfo":{"ByLineInfo":{"Brand":{"DisplayValue":"TYXHXTF","Label":"Brand","Locale":"es_ES"},"Manufacturer":{"DisplayValue":"TYXHXTF","Label":"Manufacturer","Locale":"es_ES"}},"Title":{"DisplayValue":"TYXHXTF 24 PCS Lanas para Crochet, Ovillos de Lana de Hilo Acrílico, Hilo para Tejer a Crochet, Hilo de Tejer Acrílico, Lana para Tejer para Tejer DIY y Tejido a Mano","Label":"Title","Locale":"es_ES"}},"Offers":{"Summaries":[{"Condition":{"Value":"New"},"LowestPrice":{"Amount":11.99,"Currency":"EUR","DisplayAmount":"11,99 €"}}]}},{"ASIN":"B0BML4JYYH","DetailPageURL":"https://www.amazon.es/dp/B0BML4JYYH?tag=topinalambricos-21&linkCode=osi&th=1&psc=1","Images":{"Primary":{"Small":{"Height":70,"URL":"https://m.media-amazon.com/images/I/51HAZmAo5bL._SL75_.jpg","Width":75}}},"ItemInfo":{"ByLineInfo":{"Brand":{"DisplayValue":"ilauke","Label":"Brand","Locale":"es_ES"},"Manufacturer":{"DisplayValue":"ilauke","Label":"Manufacturer","Locale":"es_ES"}},"Title":{"DisplayValue":"Kit de Ganchillos Multicolor,12 Multicolor 25g Ovillos Lanas Super Suave Algodón Leche Hilos Lana con 2 Piezas de Ganchillo,100% Acrílico para Ganchillo y Manualidades para Principiantes y Niños","Label":"Title","Locale":"es_ES"}},"Offers":{"Summaries":[{"Condition":{"Value":"New"},"LowestPrice":{"Amount":15.99,"Currency":"EUR","DisplayAmount":"15,99 €"}}]}},{"ASIN":"B0CFDMCN6X","DetailPageURL":"https://www.amazon.es/dp/B0CFDMCN6X?tag=topinalambricos-21&linkCode=osi&th=1&psc=1","Images":{"Primary":{"Small":{"Height":75,"URL":"https://m.media-amazon.com/images/I/51LNQzvSNpL._SL75_.jpg","Width":75}}},"ItemInfo":{"ByLineInfo":{"Brand":{"DisplayValue":"ZHHGOO","Label":"Brand","Locale":"es_ES"},"Manufacturer":{"DisplayValue":"ZHHGOO","Label":"Manufacturer","Locale":"es_ES"}},"Title":{"DisplayValue":"ZHHGOO Hilo para Tejer a Crochet,24 Colores,Ovillos de Lana Acrílica con 2 Ganchos de Ganchillo y Bolsa Organizadora,Lana para Tejer para DIY y Tejido a Mano","Label":"Title","Locale":"es_ES"}},"Offers":{"Summaries":[{"Condition":{"Value":"New"},"LowestPrice":{"Amount":15.99,"Currency":"EUR","DisplayAmount":"15,99 €"}}]}},{"ASIN":"B0CF57YCM6","DetailPageURL":"https://www.amazon.es/dp/B0CF57YCM6?tag=topinalambricos-21&linkCode=osi&th=1&psc=1","Images":{"Primary":{"Small":{"Height":75,"URL":"https://m.media-amazon.com/images/I/516VA1-qBhL._SL75_.jpg","Width":75}}},"ItemInfo":{"ByLineInfo":{"Brand":{"DisplayValue":"VORHOT","Label":"Brand","Locale":"es_ES"},"Manufacturer":{"DisplayValue":"VORHOT","Label":"Manufacturer","Locale":"es_ES"}},"Title":{"DisplayValue":"VORHOT Hilo para Tejer a Crochet, 300g Hilo Crochet, Lanas para Crochet Suave, Ovillos de Algodon para Crochet (Tamaño de la Aguja: 3,0-4,0 mm), Color Rosa","Label":"Title","Locale":"es_ES"}},"Offers":{"Summaries":[{"Condition":{"Value":"New"},"LowestPrice":{"Amount":7.98,"Currency":"EUR","DisplayAmount":"7,98 €"}}]}},{"ASIN":"B085J6TZT3","DetailPageURL":"https://www.amazon.es/dp/B085J6TZT3?tag=topinalambricos-21&linkCode=osi&th=1&psc=1","Images":{"Primary":{"Small":{"Height":75,"URL":"https://m.media-amazon.com/images/I/51vVJ0moHAL._SL75_.jpg","Width":75}}},"ItemInfo":{"ByLineInfo":{"Brand":{"DisplayValue":"Ursus","Label":"Brand","Locale":"es_ES"},"Manufacturer":{"DisplayValue":"Buntpapierfabrik Ludwig Bähr GmbH & Co. KG","Label":"Manufacturer","Locale":"es_ES"}},"Title":{"DisplayValue":"Ursus ovillos g / 29 m, 100% algodón, 10 Colores, para Tejer y Hacer Ganchillo y pequeños proyectos de Manualidades, Pastel, Talla única, 290","Label":"Title","Locale":"es_ES"}},"Offers":{"Summaries":[{"Condition":{"Value":"New"},"LowestPrice":{"Amount":9.99,"Currency":"EUR","DisplayAmount":"9,99 € (0,03 € / metro)","PricePerUnit":0.03}}]}},{"ASIN":"B0B1V9Q7H2","DetailPageURL":"https://www.amazon.es/dp/B0B1V9Q7H2?tag=topinalambricos-21&linkCode=osi&th=1&psc=1","Images":{"Primary":{"Small":{"Height":75,"URL":"https://m.media-amazon.com/images/I/41G1Q8ZzCLL._SL75_.jpg","Width":75}}},"ItemInfo":{"ByLineInfo":{"Brand":{"DisplayValue":"Lidia Crochet Tricot","Label":"Brand","Locale":"es_ES"},"Manufacturer":{"DisplayValue":"Lidia Crochet Tricot","Label":"Manufacturer","Locale":"es_ES"}},"Title":{"DisplayValue":"Classic- hilo de lana, lana acrílico, hilo de tejer, hilo de ganchillo (100 gr/ovillo ; 16 colores) (empresa española/envío desde España) (09)","Label":"Title","Locale":"es_ES"}},"Offers":{"Summaries":[{"Condition":{"Value":"New"},"LowestPrice":{"Amount":5.8,"Currency":"EUR","DisplayAmount":"5,80 €"}}]}}],"SearchURL":"https://www.amazon.es/s?k=ganchillo+lana&rh=n%3A4358113031%2Cp_n_availability%3A-1&tag=topinalambricos-21&linkCode=osi","TotalResultCount":1000}},"42":{"SearchResult":{"Items":[{"ASIN":"B0BJ1G7TS1","DetailPageURL":"https://www.amazon.es/dp/B0BJ1G7TS1?tag=topinalambricos-21&linkCode=osi&th=1&psc=1","Images":{"Primary":{"Small":{"Height":75,"URL":"https://m.media-amazon.com/images/I/61VhIYwJJAL._SL75_.jpg","Width":75}}},"ItemInfo":{"ByLineInfo":{"Brand":{"DisplayValue":"MOOING","Label":"Brand","Locale":"es_ES"}},"Title":{"DisplayValue":"MOOING Hilo para Tejer a Crochet, 24 colores, Ovillos de Lana Acrílica con 2 Ganchos de Ganchillo, para DIY y Tejido a Mano","Label":"Title","Locale":"es_ES"}},"Offers":{"Summaries":[{"Condition":{"Value":"New"},"LowestPrice":{"Amount":15.99,"Currency":"EUR","DisplayAmount":"15,99 €"}}]}},{"ASIN":"B0C9TV88MK","DetailPageURL":"https://www.amazon.es/dp/B0C9TV88MK?tag=topinalambricos-21&linkCode=osi&th=1&psc=1","Images":{"Primary":{"Small":{"Height":75,"URL":"https://m.media-amazon.com/images/I/612YK7y3LYL._SL75_.jpg","Width":75}}},"ItemInfo":{"ByLineInfo":{"Brand":{"DisplayValue":"LPAOIS","Label":"Brand","Locale":"es_ES"}},"Title":{"DisplayValue":"LPAOIS Hilo para Tejer a Crochet, 24 colores, con 2 Ganchos de Ganchillo, Ovillos Acrílicos de Lana para DIY y Tejido a Mano","Label":"Title","Locale":"es_ES"}},"Offers":{"Summaries":[{"Condition":{"Value":"New"},"LowestPrice":{"Amount":17.99,"Currency":"EUR","DisplayAmount":"17,99 €"}}]}},{"ASIN":"B087BQK8WV","DetailPageURL":"https://www.amazon.es/dp/B087BQK8WV?tag=topinalambricos-21&linkCode=osi&th=1&psc=1","Images":{"Primary":{"Small":{"Height":69,"URL":"https://m.media-amazon.com/images/I/51C0dGM3t8L._SL75_.jpg","Width":75}}},"ItemInfo":{"ByLineInfo":{"Brand":{"DisplayValue":"ilauke","Label":"Brand","Locale":"es_ES"},"Manufacturer":{"DisplayValue":"ilauke","Label":"Manufacturer","Locale":"es_ES"}},"Title":{"DisplayValue":"Hilo para Tejer a Crochet, ilauke 20 * 30g Ovillo de Lana con 2 Ganchos de Ganchillo, 2 Agujas, 8 Marcadores y Bolsos Verdes, Lana Acrílico Multicolor","Label":"Title","Locale":"es_ES"}},"Offers":{"Summaries":[{"Condition":{"Value":"New"},"LowestPrice":{"Amount":20.97,"Currency":"EUR","DisplayAmount":"20,97 € (34,95 € / kg)","PricePerUnit":34.95}}]}},{"ASIN":"B09SPWG4ZR","DetailPageURL":"https://www.amazon.es/dp/B09SPWG4ZR?tag=topinalambricos-21&linkCode=osi&th=1&psc=1","Images":{"Primary":{"Small":{"Height":75,"URL":"https://m.media-amazon.com/images/I/51QuOmbvIwL._SL75_.jpg","Width":61}}},"ItemInfo":{"ByLineInfo":{"Brand":{"DisplayValue":"Wollbiene","Label":"Brand","Locale":"es_ES"},"Manufacturer":{"DisplayValue":"Wollbiene","Label":"Manufacturer","Locale":"es_ES"}},"Title":{"DisplayValue":"5 ovillos de lana de abeja batik de 100 g, 500 g, con degradado, multicolor, lana de ganchillo (5040 arcoíris)","Label":"Title","Locale":"es_ES"}},"Offers":{"Summaries":[{"Condition":{"Value":"New"},"LowestPrice":{"Amount":22.36,"Currency":"EUR","DisplayAmount":"22,36 € (44,72 € / kg)","PricePerUnit":44.72}}]}},{"ASIN":"B0CL6FP8H3","DetailPageURL":"https://www.amazon.es/dp/B0CL6FP8H3?tag=topinalambricos-21&linkCode=osi&th=1&psc=1","Images":{"Primary":{"Small":{"Height":75,"URL":"https://m.media-amazon.com/images/I/51i1j79Jx3L._SL75_.jpg","Width":75}}},"ItemInfo":{"ByLineInfo":{"Brand":{"DisplayValue":"TYXHXTF","Label":"Brand","Locale":"es_ES"},"Manufacturer":{"DisplayValue":"TYXHXTF","Label":"Manufacturer","Locale":"es_ES"}},"Title":{"DisplayValue":"TYXHXTF 24 PCS Lanas para Crochet, Ovillos de Lana de Hilo Acrílico, Hilo para Tejer a Crochet, Hilo de Tejer Acrílico, Lana para Tejer para Tejer DIY y Tejido a Mano","Label":"Title","Locale":"es_ES"}},"Offers":{"Summaries":[{"Condition":{"Value":"New"},"LowestPrice":{"Amount":11.99,"Currency":"EUR","DisplayAmount":"11,99 €"}}]}},{"ASIN":"B0BML4JYYH","DetailPageURL":"https://www.amazon.es/dp/B0BML4JYYH?tag=topinalambricos-21&linkCode=osi&th=1&psc=1","Images":{"Primary":{"Small":{"Height":70,"URL":"https://m.media-amazon.com/images/I/51HAZmAo5bL._SL75_.jpg","Width":75}}},"ItemInfo":{"ByLineInfo":{"Brand":{"DisplayValue":"ilauke","Label":"Brand","Locale":"es_ES"},"Manufacturer":{"DisplayValue":"ilauke","Label":"Manufacturer","Locale":"es_ES"}},"Title":{"DisplayValue":"Kit de Ganchillos Multicolor,12 Multicolor 25g Ovillos Lanas Super Suave Algodón Leche Hilos Lana con 2 Piezas de Ganchillo,100% Acrílico para Ganchillo y Manualidades para Principiantes y Niños","Label":"Title","Locale":"es_ES"}},"Offers":{"Summaries":[{"Condition":{"Value":"New"},"LowestPrice":{"Amount":15.99,"Currency":"EUR","DisplayAmount":"15,99 €"}}]}},{"ASIN":"B0CFDMCN6X","DetailPageURL":"https://www.amazon.es/dp/B0CFDMCN6X?tag=topinalambricos-21&linkCode=osi&th=1&psc=1","Images":{"Primary":{"Small":{"Height":75,"URL":"https://m.media-amazon.com/images/I/51LNQzvSNpL._SL75_.jpg","Width":75}}},"ItemInfo":{"ByLineInfo":{"Brand":{"DisplayValue":"ZHHGOO","Label":"Brand","Locale":"es_ES"},"Manufacturer":{"DisplayValue":"ZHHGOO","Label":"Manufacturer","Locale":"es_ES"}},"Title":{"DisplayValue":"ZHHGOO Hilo para Tejer a Crochet,24 Colores,Ovillos de Lana Acrílica con 2 Ganchos de Ganchillo y Bolsa Organizadora,Lana para Tejer para DIY y Tejido a Mano","Label":"Title","Locale":"es_ES"}},"Offers":{"Summaries":[{"Condition":{"Value":"New"},"LowestPrice":{"Amount":15.99,"Currency":"EUR","DisplayAmount":"15,99 €"}}]}},{"ASIN":"B0CF57YCM6","DetailPageURL":"https://www.amazon.es/dp/B0CF57YCM6?tag=topinalambricos-21&linkCode=osi&th=1&psc=1","Images":{"Primary":{"Small":{"Height":75,"URL":"https://m.media-amazon.com/images/I/516VA1-qBhL._SL75_.jpg","Width":75}}},"ItemInfo":{"ByLineInfo":{"Brand":{"DisplayValue":"VORHOT","Label":"Brand","Locale":"es_ES"},"Manufacturer":{"DisplayValue":"VORHOT","Label":"Manufacturer","Locale":"es_ES"}},"Title":{"DisplayValue":"VORHOT Hilo para Tejer a Crochet, 300g Hilo Crochet, Lanas para Crochet Suave, Ovillos de Algodon para Crochet (Tamaño de la Aguja: 3,0-4,0 mm), Color Rosa","Label":"Title","Locale":"es_ES"}},"Offers":{"Summaries":[{"Condition":{"Value":"New"},"LowestPrice":{"Amount":7.98,"Currency":"EUR","DisplayAmount":"7,98 €"}}]}},{"ASIN":"B085J6TZT3","DetailPageURL":"https://www.amazon.es/dp/B085J6TZT3?tag=topinalambricos-21&linkCode=osi&th=1&psc=1","Images":{"Primary":{"Small":{"Height":75,"URL":"https://m.media-amazon.com/images/I/51vVJ0moHAL._SL75_.jpg","Width":75}}},"ItemInfo":{"ByLineInfo":{"Brand":{"DisplayValue":"Ursus","Label":"Brand","Locale":"es_ES"},"Manufacturer":{"DisplayValue":"Buntpapierfabrik Ludwig Bähr GmbH & Co. KG","Label":"Manufacturer","Locale":"es_ES"}},"Title":{"DisplayValue":"Ursus ovillos g / 29 m, 100% algodón, 10 Colores, para Tejer y Hacer Ganchillo y pequeños proyectos de Manualidades, Pastel, Talla única, 290","Label":"Title","Locale":"es_ES"}},"Offers":{"Summaries":[{"Condition":{"Value":"New"},"LowestPrice":{"Amount":9.99,"Currency":"EUR","DisplayAmount":"9,99 € (0,03 € / metro)","PricePerUnit":0.03}}]}},{"ASIN":"B0B1V9Q7H2","DetailPageURL":"https://www.amazon.es/dp/B0B1V9Q7H2?tag=topinalambricos-21&linkCode=osi&th=1&psc=1","Images":{"Primary":{"Small":{"Height":75,"URL":"https://m.media-amazon.com/images/I/41G1Q8ZzCLL._SL75_.jpg","Width":75}}},"ItemInfo":{"ByLineInfo":{"Brand":{"DisplayValue":"Lidia Crochet Tricot","Label":"Brand","Locale":"es_ES"},"Manufacturer":{"DisplayValue":"Lidia Crochet Tricot","Label":"Manufacturer","Locale":"es_ES"}},"Title":{"DisplayValue":"Classic- hilo de lana, lana acrílico, hilo de tejer, hilo de ganchillo (100 gr/ovillo ; 16 colores) (empresa española/envío desde España) (09)","Label":"Title","Locale":"es_ES"}},"Offers":{"Summaries":[{"Condition":{"Value":"New"},"LowestPrice":{"Amount":5.8,"Currency":"EUR","DisplayAmount":"5,80 €"}}]}}],"SearchURL":"https://www.amazon.es/s?k=ganchillo+lana&rh=n%3A4358113031%2Cp_n_availability%3A-1&tag=topinalambricos-21&linkCode=osi","TotalResultCount":1000}},"43":{"SearchResult":{"Items":[{"ASIN":"B0BJ1G7TS1","DetailPageURL":"https://www.amazon.es/dp/B0BJ1G7TS1?tag=topinalambricos-21&linkCode=osi&th=1&psc=1","Images":{"Primary":{"Small":{"Height":75,"URL":"https://m.media-amazon.com/images/I/61VhIYwJJAL._SL75_.jpg","Width":75}}},"ItemInfo":{"ByLineInfo":{"Brand":{"DisplayValue":"MOOING","Label":"Brand","Locale":"es_ES"}},"Title":{"DisplayValue":"MOOING Hilo para Tejer a Crochet, 24 colores, Ovillos de Lana Acrílica con 2 Ganchos de Ganchillo, para DIY y Tejido a Mano","Label":"Title","Locale":"es_ES"}},"Offers":{"Summaries":[{"Condition":{"Value":"New"},"LowestPrice":{"Amount":15.99,"Currency":"EUR","DisplayAmount":"15,99 €"}}]}},{"ASIN":"B0C9TV88MK","DetailPageURL":"https://www.amazon.es/dp/B0C9TV88MK?tag=topinalambricos-21&linkCode=osi&th=1&psc=1","Images":{"Primary":{"Small":{"Height":75,"URL":"https://m.media-amazon.com/images/I/612YK7y3LYL._SL75_.jpg","Width":75}}},"ItemInfo":{"ByLineInfo":{"Brand":{"DisplayValue":"LPAOIS","Label":"Brand","Locale":"es_ES"}},"Title":{"DisplayValue":"LPAOIS Hilo para Tejer a Crochet, 24 colores, con 2 Ganchos de Ganchillo, Ovillos Acrílicos de Lana para DIY y Tejido a Mano","Label":"Title","Locale":"es_ES"}},"Offers":{"Summaries":[{"Condition":{"Value":"New"},"LowestPrice":{"Amount":17.99,"Currency":"EUR","DisplayAmount":"17,99 €"}}]}},{"ASIN":"B087BQK8WV","DetailPageURL":"https://www.amazon.es/dp/B087BQK8WV?tag=topinalambricos-21&linkCode=osi&th=1&psc=1","Images":{"Primary":{"Small":{"Height":69,"URL":"https://m.media-amazon.com/images/I/51C0dGM3t8L._SL75_.jpg","Width":75}}},"ItemInfo":{"ByLineInfo":{"Brand":{"DisplayValue":"ilauke","Label":"Brand","Locale":"es_ES"},"Manufacturer":{"DisplayValue":"ilauke","Label":"Manufacturer","Locale":"es_ES"}},"Title":{"DisplayValue":"Hilo para Tejer a Crochet, ilauke 20 * 30g Ovillo de Lana con 2 Ganchos de Ganchillo, 2 Agujas, 8 Marcadores y Bolsos Verdes, Lana Acrílico Multicolor","Label":"Title","Locale":"es_ES"}},"Offers":{"Summaries":[{"Condition":{"Value":"New"},"LowestPrice":{"Amount":20.97,"Currency":"EUR","DisplayAmount":"20,97 € (34,95 € / kg)","PricePerUnit":34.95}}]}},{"ASIN":"B09SPWG4ZR","DetailPageURL":"https://www.amazon.es/dp/B09SPWG4ZR?tag=topinalambricos-21&linkCode=osi&th=1&psc=1","Images":{"Primary":{"Small":{"Height":75,"URL":"https://m.media-amazon.com/images/I/51QuOmbvIwL._SL75_.jpg","Width":61}}},"ItemInfo":{"ByLineInfo":{"Brand":{"DisplayValue":"Wollbiene","Label":"Brand","Locale":"es_ES"},"Manufacturer":{"DisplayValue":"Wollbiene","Label":"Manufacturer","Locale":"es_ES"}},"Title":{"DisplayValue":"5 ovillos de lana de abeja batik de 100 g, 500 g, con degradado, multicolor, lana de ganchillo (5040 arcoíris)","Label":"Title","Locale":"es_ES"}},"Offers":{"Summaries":[{"Condition":{"Value":"New"},"LowestPrice":{"Amount":22.36,"Currency":"EUR","DisplayAmount":"22,36 € (44,72 € / kg)","PricePerUnit":44.72}}]}},{"ASIN":"B0CL6FP8H3","DetailPageURL":"https://www.amazon.es/dp/B0CL6FP8H3?tag=topinalambricos-21&linkCode=osi&th=1&psc=1","Images":{"Primary":{"Small":{"Height":75,"URL":"https://m.media-amazon.com/images/I/51i1j79Jx3L._SL75_.jpg","Width":75}}},"ItemInfo":{"ByLineInfo":{"Brand":{"DisplayValue":"TYXHXTF","Label":"Brand","Locale":"es_ES"},"Manufacturer":{"DisplayValue":"TYXHXTF","Label":"Manufacturer","Locale":"es_ES"}},"Title":{"DisplayValue":"TYXHXTF 24 PCS Lanas para Crochet, Ovillos de Lana de Hilo Acrílico, Hilo para Tejer a Crochet, Hilo de Tejer Acrílico, Lana para Tejer para Tejer DIY y Tejido a Mano","Label":"Title","Locale":"es_ES"}},"Offers":{"Summaries":[{"Condition":{"Value":"New"},"LowestPrice":{"Amount":11.99,"Currency":"EUR","DisplayAmount":"11,99 €"}}]}},{"ASIN":"B0BML4JYYH","DetailPageURL":"https://www.amazon.es/dp/B0BML4JYYH?tag=topinalambricos-21&linkCode=osi&th=1&psc=1","Images":{"Primary":{"Small":{"Height":70,"URL":"https://m.media-amazon.com/images/I/51HAZmAo5bL._SL75_.jpg","Width":75}}},"ItemInfo":{"ByLineInfo":{"Brand":{"DisplayValue":"ilauke","Label":"Brand","Locale":"es_ES"},"Manufacturer":{"DisplayValue":"ilauke","Label":"Manufacturer","Locale":"es_ES"}},"Title":{"DisplayValue":"Kit de Ganchillos Multicolor,12 Multicolor 25g Ovillos Lanas Super Suave Algodón Leche Hilos Lana con 2 Piezas de Ganchillo,100% Acrílico para Ganchillo y Manualidades para Principiantes y Niños","Label":"Title","Locale":"es_ES"}},"Offers":{"Summaries":[{"Condition":{"Value":"New"},"LowestPrice":{"Amount":15.99,"Currency":"EUR","DisplayAmount":"15,99 €"}}]}},{"ASIN":"B0CFDMCN6X","DetailPageURL":"https://www.amazon.es/dp/B0CFDMCN6X?tag=topinalambricos-21&linkCode=osi&th=1&psc=1","Images":{"Primary":{"Small":{"Height":75,"URL":"https://m.media-amazon.com/images/I/51LNQzvSNpL._SL75_.jpg","Width":75}}},"ItemInfo":{"ByLineInfo":{"Brand":{"DisplayValue":"ZHHGOO","Label":"Brand","Locale":"es_ES"},"Manufacturer":{"DisplayValue":"ZHHGOO","Label":"Manufacturer","Locale":"es_ES"}},"Title":{"DisplayValue":"ZHHGOO Hilo para Tejer a Crochet,24 Colores,Ovillos de Lana Acrílica con 2 Ganchos de Ganchillo y Bolsa Organizadora,Lana para Tejer para DIY y Tejido a Mano","Label":"Title","Locale":"es_ES"}},"Offers":{"Summaries":[{"Condition":{"Value":"New"},"LowestPrice":{"Amount":15.99,"Currency":"EUR","DisplayAmount":"15,99 €"}}]}},{"ASIN":"B0CF57YCM6","DetailPageURL":"https://www.amazon.es/dp/B0CF57YCM6?tag=topinalambricos-21&linkCode=osi&th=1&psc=1","Images":{"Primary":{"Small":{"Height":75,"URL":"https://m.media-amazon.com/images/I/516VA1-qBhL._SL75_.jpg","Width":75}}},"ItemInfo":{"ByLineInfo":{"Brand":{"DisplayValue":"VORHOT","Label":"Brand","Locale":"es_ES"},"Manufacturer":{"DisplayValue":"VORHOT","Label":"Manufacturer","Locale":"es_ES"}},"Title":{"DisplayValue":"VORHOT Hilo para Tejer a Crochet, 300g Hilo Crochet, Lanas para Crochet Suave, Ovillos de Algodon para Crochet (Tamaño de la Aguja: 3,0-4,0 mm), Color Rosa","Label":"Title","Locale":"es_ES"}},"Offers":{"Summaries":[{"Condition":{"Value":"New"},"LowestPrice":{"Amount":7.98,"Currency":"EUR","DisplayAmount":"7,98 €"}}]}},{"ASIN":"B085J6TZT3","DetailPageURL":"https://www.amazon.es/dp/B085J6TZT3?tag=topinalambricos-21&linkCode=osi&th=1&psc=1","Images":{"Primary":{"Small":{"Height":75,"URL":"https://m.media-amazon.com/images/I/51vVJ0moHAL._SL75_.jpg","Width":75}}},"ItemInfo":{"ByLineInfo":{"Brand":{"DisplayValue":"Ursus","Label":"Brand","Locale":"es_ES"},"Manufacturer":{"DisplayValue":"Buntpapierfabrik Ludwig Bähr GmbH & Co. KG","Label":"Manufacturer","Locale":"es_ES"}},"Title":{"DisplayValue":"Ursus ovillos g / 29 m, 100% algodón, 10 Colores, para Tejer y Hacer Ganchillo y pequeños proyectos de Manualidades, Pastel, Talla única, 290","Label":"Title","Locale":"es_ES"}},"Offers":{"Summaries":[{"Condition":{"Value":"New"},"LowestPrice":{"Amount":9.99,"Currency":"EUR","DisplayAmount":"9,99 € (0,03 € / metro)","PricePerUnit":0.03}}]}},{"ASIN":"B0B1V9Q7H2","DetailPageURL":"https://www.amazon.es/dp/B0B1V9Q7H2?tag=topinalambricos-21&linkCode=osi&th=1&psc=1","Images":{"Primary":{"Small":{"Height":75,"URL":"https://m.media-amazon.com/images/I/41G1Q8ZzCLL._SL75_.jpg","Width":75}}},"ItemInfo":{"ByLineInfo":{"Brand":{"DisplayValue":"Lidia Crochet Tricot","Label":"Brand","Locale":"es_ES"},"Manufacturer":{"DisplayValue":"Lidia Crochet Tricot","Label":"Manufacturer","Locale":"es_ES"}},"Title":{"DisplayValue":"Classic- hilo de lana, lana acrílico, hilo de tejer, hilo de ganchillo (100 gr/ovillo ; 16 colores) (empresa española/envío desde España) (09)","Label":"Title","Locale":"es_ES"}},"Offers":{"Summaries":[{"Condition":{"Value":"New"},"LowestPrice":{"Amount":5.8,"Currency":"EUR","DisplayAmount":"5,80 €"}}]}}],"SearchURL":"https://www.amazon.es/s?k=ganchillo+lana&rh=n%3A4358113031%2Cp_n_availability%3A-1&tag=topinalambricos-21&linkCode=osi","TotalResultCount":1000}},"44":{"SearchResult":{"Items":[{"ASIN":"B01G9P5EQ4","DetailPageURL":"https://www.amazon.es/dp/B01G9P5EQ4?tag=topinalambricos-21&linkCode=osi&th=1&psc=1","Images":{"Primary":{"Small":{"Height":75,"URL":"https://m.media-amazon.com/images/I/41e433i+KRL._SL75_.jpg","Width":75}}},"ItemInfo":{"ByLineInfo":{"Brand":{"DisplayValue":"Musuntas","Label":"Brand","Locale":"es_ES"},"Manufacturer":{"DisplayValue":"Musuntas","Label":"Manufacturer","Locale":"es_ES"}},"Title":{"DisplayValue":"Musuntas apoyo de la fotografía del bebé, traje del bebé, foto del bebé trajes Fotografía traje de la falda del tutú de Pettiskirt de las muchachas venda de la flor (rosa)","Label":"Title","Locale":"es_ES"}},"Offers":{"Summaries":[{"Condition":{"Value":"New"},"LowestPrice":{"Amount":8.99,"Currency":"EUR","DisplayAmount":"8,99 €"}}]}},{"ASIN":"B07QW8BVGZ","DetailPageURL":"https://www.amazon.es/dp/B07QW8BVGZ?tag=topinalambricos-21&linkCode=osi&th=1&psc=1","Images":{"Primary":{"Small":{"Height":75,"URL":"https://m.media-amazon.com/images/I/41czIJkiCeL._SL75_.jpg","Width":75}}},"ItemInfo":{"ByLineInfo":{"Brand":{"DisplayValue":"YONKOUNY","Label":"Brand","Locale":"es_ES"}},"Title":{"DisplayValue":"YONKOUNY Recién Nacido Bebé Niña Falda de Tutú +Cinta de Pelo de Flores Accesorios de Fotografía Prop Trajes Ropa para Fiestas Cumpleaños Boda (0-6 Meses, Rosa Oscuro)","Label":"Title","Locale":"es_ES"}},"Offers":{"Summaries":[{"Condition":{"Value":"New"},"LowestPrice":{"Amount":11.99,"Currency":"EUR","DisplayAmount":"11,99 €"}}]}},{"ASIN":"B0B42M7XJY","DetailPageURL":"https://www.amazon.es/dp/B0B42M7XJY?tag=topinalambricos-21&linkCode=osi&th=1&psc=1","Images":{"Primary":{"Small":{"Height":75,"URL":"https://m.media-amazon.com/images/I/41k8V8xWAtL._SL75_.jpg","Width":75}}},"ItemInfo":{"ByLineInfo":{"Brand":{"DisplayValue":"MUNDDY","Label":"Brand","Locale":"es_ES"},"Manufacturer":{"DisplayValue":"MUNDDY","Label":"Manufacturer","Locale":"es_ES"}},"Title":{"DisplayValue":"MUNDDY® - Tutu Elastico Tul 3 Capas 30 CM de Longitud para niña Bebe Distintas Colores con Lunares Falda Disfraz Ballet (Azul Oscuro con Lunares)","Label":"Title","Locale":"es_ES"}},"Offers":{"Summaries":[{"Condition":{"Value":"New"},"LowestPrice":{"Amount":4.95,"Currency":"EUR","DisplayAmount":"4,95 €"}}]}},{"ASIN":"B0BZVYPTCD","DetailPageURL":"https://www.amazon.es/dp/B0BZVYPTCD?tag=topinalambricos-21&linkCode=osi&th=1&psc=1","Images":{"Primary":{"Small":{"Height":75,"URL":"https://m.media-amazon.com/images/I/31dqYG5W8HL._SL75_.jpg","Width":75}}},"ItemInfo":{"ByLineInfo":{"Brand":{"DisplayValue":"ANIMQUE","Label":"Brand","Locale":"es_ES"}},"Title":{"DisplayValue":"ANIMQUE Bebé Niñas Pequeñas Niñas Tutu Falda Princesa Mini Falda Tulle Súper Suave Ballet Falda de Cintura Elástica con Funda de Pañal + Diadema 2-3 Años, Gris XL","Label":"Title","Locale":"es_ES"}},"Offers":{"Summaries":[{"Condition":{"Value":"New"},"LowestPrice":{"Amount":19.99,"Currency":"EUR","DisplayAmount":"19,99 €"}}]}},{"ASIN":"B0CGRDJ27L","DetailPageURL":"https://www.amazon.es/dp/B0CGRDJ27L?tag=topinalambricos-21&linkCode=osi&th=1&psc=1","Images":{"Primary":{"Small":{"Height":75,"URL":"https://m.media-amazon.com/images/I/41D0jvyvoML._SL75_.jpg","Width":75}}},"ItemInfo":{"ByLineInfo":{"Brand":{"DisplayValue":"ASYKNM","Label":"Brand","Locale":"es_ES"},"Manufacturer":{"DisplayValue":"ASYKNM","Label":"Manufacturer","Locale":"es_ES"}},"Title":{"DisplayValue":"ASYKNM Falda de tutú para bebé y niña, Falda de Tul de Princesa, Minifalda para Fotos de bebé, Falda de Ballet para fotografía de cumpleaños + Diadema","Label":"Title","Locale":"es_ES"}},"Offers":{"Summaries":[{"Condition":{"Value":"New"},"LowestPrice":{"Amount":14.99,"Currency":"EUR","DisplayAmount":"14,99 €"}}]}},{"ASIN":"B0C3JBJHHM","DetailPageURL":"https://www.amazon.es/dp/B0C3JBJHHM?tag=topinalambricos-21&linkCode=osi&th=1&psc=1","Images":{"Primary":{"Small":{"Height":75,"URL":"https://m.media-amazon.com/images/I/31Wa6ymOHoL._SL75_.jpg","Width":75}}},"ItemInfo":{"ByLineInfo":{"Brand":{"DisplayValue":"Generic","Label":"Brand","Locale":"es_ES"},"Manufacturer":{"DisplayValue":"Generic","Label":"Manufacturer","Locale":"es_ES"}},"Title":{"DisplayValue":"Falda de tutú suave y esponjosa para bebé, para niña, con lazo fijo, para fiestas de carnaval, verde, 12- 24 Meses","Label":"Title","Locale":"es_ES"}},"Offers":{"Summaries":[{"Condition":{"Value":"New"},"LowestPrice":{"Amount":6.14,"Currency":"EUR","DisplayAmount":"6,14 €"}}]}},{"ASIN":"B0CRNPKRM9","DetailPageURL":"https://www.amazon.es/dp/B0CRNPKRM9?tag=topinalambricos-21&linkCode=osi&th=1&psc=1","Images":{"Primary":{"Small":{"Height":75,"URL":"https://m.media-amazon.com/images/I/31nZHQ8KCML._SL75_.jpg","Width":75}}},"ItemInfo":{"ByLineInfo":{"Brand":{"DisplayValue":"Generic","Label":"Brand","Locale":"es_ES"},"Manufacturer":{"DisplayValue":"Generic","Label":"Manufacturer","Locale":"es_ES"}},"Title":{"DisplayValue":"Falda de tutú para bebé y niña, falda de tul de princesa, minifalda de tul para fotografía, cumpleaños, fiesta, amarillo, 3-6 Meses","Label":"Title","Locale":"es_ES"}},"Offers":{"Summaries":[{"Condition":{"Value":"New"},"LowestPrice":{"Amount":13.83,"Currency":"EUR","DisplayAmount":"13,83 €"}}]}},{"ASIN":"B09644YF74","DetailPageURL":"https://www.amazon.es/dp/B09644YF74?tag=topinalambricos-21&linkCode=osi&th=1&psc=1","Images":{"Primary":{"Small":{"Height":75,"URL":"https://m.media-amazon.com/images/I/41kEDolXKxL._SL75_.jpg","Width":75}}},"ItemInfo":{"ByLineInfo":{"Brand":{"DisplayValue":"Tuc Tuc","Label":"Brand","Locale":"es_ES"},"Manufacturer":{"DisplayValue":"Tuc Tuc","Label":"Manufacturer","Locale":"es_ES"}},"Title":{"DisplayValue":"Tuc Tuc Falda Tul Volantes NIÑA Azul Glaciar FW21, 6M para Bebés","Label":"Title","Locale":"es_ES"}},"Offers":{"Summaries":[{"Condition":{"Value":"New"},"LowestPrice":{"Amount":24.55,"Currency":"EUR","DisplayAmount":"24,55 €"}}]}},{"ASIN":"B09PR7PJHR","DetailPageURL":"https://www.amazon.es/dp/B09PR7PJHR?tag=topinalambricos-21&linkCode=osi&th=1&psc=1","Images":{"Primary":{"Small":{"Height":75,"URL":"https://m.media-amazon.com/images/I/31tt5DcJllL._SL75_.jpg","Width":75}}},"ItemInfo":{"ByLineInfo":{"Brand":{"DisplayValue":"Uposao","Label":"Brand","Locale":"es_ES"},"Manufacturer":{"DisplayValue":"Uposao","Label":"Manufacturer","Locale":"es_ES"}},"Title":{"DisplayValue":"Falda Tutu recién nacido Flor, Flor Diadema de flores Pettiskirt recién nacido Falda Tutu De Tul Foto Princesa Traje Fotografía Prop Outfits","Label":"Title","Locale":"es_ES"}},"Offers":{"Summaries":[{"Condition":{"Value":"New"},"LowestPrice":{"Amount":5.9,"Currency":"EUR","DisplayAmount":"5,90 €"}}]}},{"ASIN":"B0CTXZDN86","DetailPageURL":"https://www.amazon.es/dp/B0CTXZDN86?tag=topinalambricos-21&linkCode=osi&th=1&psc=1","Images":{"Primary":{"Small":{"Height":75,"URL":"https://m.media-amazon.com/images/I/513VoYuQveL._SL75_.jpg","Width":75}}},"ItemInfo":{"ByLineInfo":{"Brand":{"DisplayValue":"IQYU","Label":"Brand","Locale":"es_ES"},"Manufacturer":{"DisplayValue":"IQYU","Label":"Manufacturer","Locale":"es_ES"}},"Title":{"DisplayValue":"Body para bebé recién nacido, niña, primavera, verano, a cuadros, faldas, tul, tutú, ropa para niños, Negro , 2-3 Años","Label":"Title","Locale":"es_ES"}},"Offers":{"Summaries":[{"Condition":{"Value":"New"},"LowestPrice":{"Amount":8.27,"Currency":"EUR","DisplayAmount":"8,27 €"}}]}}],"SearchURL":"https://www.amazon.es/s?k=tul&rh=n%3A1909407031%2Cp_n_availability%3A-1&tag=topinalambricos-21&linkCode=osi","TotalResultCount":317}}}