{"1":{"SearchResult":{"Items":[{"ASIN":"B0C9TV88MK","DetailPageURL":"https://www.amazon.es/dp/B0C9TV88MK?tag=topinalambricos-21&linkCode=osi&th=1&psc=1","Images":{"Primary":{"Small":{"Height":75,"URL":"https://m.media-amazon.com/images/I/612YK7y3LYL._SL75_.jpg","Width":75}}},"ItemInfo":{"ByLineInfo":{"Brand":{"DisplayValue":"LPAOIS","Label":"Brand","Locale":"es_ES"}},"Title":{"DisplayValue":"LPAOIS Hilo para Tejer a Crochet, 24 colores, con 2 Ganchos de Ganchillo, Ovillos Acrílicos de Lana para DIY y Tejido a Mano","Label":"Title","Locale":"es_ES"}},"Offers":{"Summaries":[{"Condition":{"Value":"New"},"LowestPrice":{"Amount":17.99,"Currency":"EUR","DisplayAmount":"17,99 €"}}]}},{"ASIN":"B0CL6FP8H3","DetailPageURL":"https://www.amazon.es/dp/B0CL6FP8H3?tag=topinalambricos-21&linkCode=osi&th=1&psc=1","Images":{"Primary":{"Small":{"Height":75,"URL":"https://m.media-amazon.com/images/I/51i1j79Jx3L._SL75_.jpg","Width":75}}},"ItemInfo":{"ByLineInfo":{"Brand":{"DisplayValue":"TYXHXTF","Label":"Brand","Locale":"es_ES"},"Manufacturer":{"DisplayValue":"TYXHXTF","Label":"Manufacturer","Locale":"es_ES"}},"Title":{"DisplayValue":"TYXHXTF 24 PCS Lanas para Crochet, Ovillos de Lana de Hilo Acrílico, Hilo para Tejer a Crochet, Hilo de Tejer Acrílico, Lana para Tejer para Tejer DIY y Tejido a Mano","Label":"Title","Locale":"es_ES"}},"Offers":{"Summaries":[{"Condition":{"Value":"New"},"LowestPrice":{"Amount":11.99,"Currency":"EUR","DisplayAmount":"11,99 €"}}]}},{"ASIN":"B087BQK8WV","DetailPageURL":"https://www.amazon.es/dp/B087BQK8WV?tag=topinalambricos-21&linkCode=osi&th=1&psc=1","Images":{"Primary":{"Small":{"Height":69,"URL":"https://m.media-amazon.com/images/I/51C0dGM3t8L._SL75_.jpg","Width":75}}},"ItemInfo":{"ByLineInfo":{"Brand":{"DisplayValue":"ilauke","Label":"Brand","Locale":"es_ES"},"Manufacturer":{"DisplayValue":"ilauke","Label":"Manufacturer","Locale":"es_ES"}},"Title":{"DisplayValue":"Hilo para Tejer a Crochet, ilauke 20 * 30g Ovillo de Lana con 2 Ganchos de Ganchillo, 2 Agujas, 8 Marcadores y Bolsos Verdes, Lana Acrílico Multicolor","Label":"Title","Locale":"es_ES"}},"Offers":{"Summaries":[{"Condition":{"Value":"New"},"LowestPrice":{"Amount":19.97,"Currency":"EUR","DisplayAmount":"19,97 € (33,28 € / kg)","PricePerUnit":33.28}}]}},{"ASIN":"B0B1V9Q7H2","DetailPageURL":"https://www.amazon.es/dp/B0B1V9Q7H2?tag=topinalambricos-21&linkCode=osi&th=1&psc=1","Images":{"Primary":{"Small":{"Height":75,"URL":"https://m.media-amazon.com/images/I/41G1Q8ZzCLL._SL75_.jpg","Width":75}}},"ItemInfo":{"ByLineInfo":{"Brand":{"DisplayValue":"Lidia Crochet Tricot","Label":"Brand","Locale":"es_ES"},"Manufacturer":{"DisplayValue":"Lidia Crochet Tricot","Label":"Manufacturer","Locale":"es_ES"}},"Title":{"DisplayValue":"Classic- hilo de lana, lana acrílico, hilo de tejer, hilo de ganchillo (100 gr/ovillo ; 16 colores) (empresa española/envío desde España) (09)","Label":"Title","Locale":"es_ES"}},"Offers":{"Summaries":[{"Condition":{"Value":"New"},"LowestPrice":{"Amount":5.8,"Currency":"EUR","DisplayAmount":"5,80 €"}}]}},{"ASIN":"B0CF57YCM6","DetailPageURL":"https://www.amazon.es/dp/B0CF57YCM6?tag=topinalambricos-21&linkCode=osi&th=1&psc=1","Images":{"Primary":{"Small":{"Height":75,"URL":"https://m.media-amazon.com/images/I/516VA1-qBhL._SL75_.jpg","Width":75}}},"ItemInfo":{"ByLineInfo":{"Brand":{"DisplayValue":"VORHOT","Label":"Brand","Locale":"es_ES"},"Manufacturer":{"DisplayValue":"VORHOT","Label":"Manufacturer","Locale":"es_ES"}},"Title":{"DisplayValue":"VORHOT Hilo para Tejer a Crochet, 300g Hilo Crochet, Lanas para Crochet Suave, Ovillos de Algodon para Crochet (Tamaño de la Aguja: 3,0-4,0 mm), Color Rosa","Label":"Title","Locale":"es_ES"}},"Offers":{"Summaries":[{"Condition":{"Value":"New"},"LowestPrice":{"Amount":7.98,"Currency":"EUR","DisplayAmount":"7,98 €"}}]}},{"ASIN":"B0CFDMCN6X","DetailPageURL":"https://www.amazon.es/dp/B0CFDMCN6X?tag=topinalambricos-21&linkCode=osi&th=1&psc=1","Images":{"Primary":{"Small":{"Height":75,"URL":"https://m.media-amazon.com/images/I/51LNQzvSNpL._SL75_.jpg","Width":75}}},"ItemInfo":{"ByLineInfo":{"Brand":{"DisplayValue":"ZHHGOO","Label":"Brand","Locale":"es_ES"},"Manufacturer":{"DisplayValue":"ZHHGOO","Label":"Manufacturer","Locale":"es_ES"}},"Title":{"DisplayValue":"ZHHGOO Hilo para Tejer a Crochet,24 Colores,Ovillos de Lana Acrílica con 2 Ganchos de Ganchillo y Bolsa Organizadora,Lana para Tejer para DIY y Tejido a Mano","Label":"Title","Locale":"es_ES"}},"Offers":{"Summaries":[{"Condition":{"Value":"New"},"LowestPrice":{"Amount":15.99,"Currency":"EUR","DisplayAmount":"15,99 €"}}]}},{"ASIN":"B09SPWG4ZR","DetailPageURL":"https://www.amazon.es/dp/B09SPWG4ZR?tag=topinalambricos-21&linkCode=osi&th=1&psc=1","Images":{"Primary":{"Small":{"Height":75,"URL":"https://m.media-amazon.com/images/I/51QuOmbvIwL._SL75_.jpg","Width":61}}},"ItemInfo":{"ByLineInfo":{"Brand":{"DisplayValue":"Wollbiene","Label":"Brand","Locale":"es_ES"},"Manufacturer":{"DisplayValue":"Wollbiene","Label":"Manufacturer","Locale":"es_ES"}},"Title":{"DisplayValue":"5 ovillos de lana de abeja batik de 100 g, 500 g, con degradado, multicolor, lana de ganchillo (5040 arcoíris)","Label":"Title","Locale":"es_ES"}},"Offers":{"Summaries":[{"Condition":{"Value":"New"},"LowestPrice":{"Amount":22.36,"Currency":"EUR","DisplayAmount":"22,36 € (44,72 € / kg)","PricePerUnit":44.72}}]}},{"ASIN":"B0BML4JYYH","DetailPageURL":"https://www.amazon.es/dp/B0BML4JYYH?tag=topinalambricos-21&linkCode=osi&th=1&psc=1","Images":{"Primary":{"Small":{"Height":70,"URL":"https://m.media-amazon.com/images/I/51HAZmAo5bL._SL75_.jpg","Width":75}}},"ItemInfo":{"ByLineInfo":{"Brand":{"DisplayValue":"ilauke","Label":"Brand","Locale":"es_ES"},"Manufacturer":{"DisplayValue":"ilauke","Label":"Manufacturer","Locale":"es_ES"}},"Title":{"DisplayValue":"Kit de Ganchillos Multicolor,12 Multicolor 25g Ovillos Lanas Super Suave Algodón Leche Hilos Lana con 2 Piezas de Ganchillo,100% Acrílico para Ganchillo y Manualidades para Principiantes y Niños","Label":"Title","Locale":"es_ES"}},"Offers":{"Summaries":[{"Condition":{"Value":"New"},"LowestPrice":{"Amount":15.99,"Currency":"EUR","DisplayAmount":"15,99 €"}}]}},{"ASIN":"B085J6TZT3","DetailPageURL":"https://www.amazon.es/dp/B085J6TZT3?tag=topinalambricos-21&linkCode=osi&th=1&psc=1","Images":{"Primary":{"Small":{"Height":75,"URL":"https://m.media-amazon.com/images/I/51vVJ0moHAL._SL75_.jpg","Width":75}}},"ItemInfo":{"ByLineInfo":{"Brand":{"DisplayValue":"Ursus","Label":"Brand","Locale":"es_ES"},"Manufacturer":{"DisplayValue":"Buntpapierfabrik Ludwig Bähr GmbH & Co. KG","Label":"Manufacturer","Locale":"es_ES"}},"Title":{"DisplayValue":"Ursus ovillos g / 29 m, 100% algodón, 10 Colores, para Tejer y Hacer Ganchillo y pequeños proyectos de Manualidades, Pastel, Talla única, 290","Label":"Title","Locale":"es_ES"}},"Offers":{"Summaries":[{"Condition":{"Value":"New"},"LowestPrice":{"Amount":9.99,"Currency":"EUR","DisplayAmount":"9,99 € (0,03 € / metro)","PricePerUnit":0.03}}]}},{"ASIN":"B0CX5C4MTC","DetailPageURL":"https://www.amazon.es/dp/B0CX5C4MTC?tag=topinalambricos-21&linkCode=osi&th=1&psc=1","Images":{"Primary":{"Small":{"Height":75,"URL":"https://m.media-amazon.com/images/I/51xIEU-E3nL._SL75_.jpg","Width":75}}},"ItemInfo":{"ByLineInfo":{"Brand":{"DisplayValue":"SusggO","Label":"Brand","Locale":"es_ES"}},"Title":{"DisplayValue":"SusggO Pack 24 Ovillos Lanas para Crochet Ganchillo Lanas para Tejer Punto a mano DIY Madejas 60% Algodon 40% Acrilico Hilo para Tejer Ovillo Lana 25gr ±50m Colores surtidos","Label":"Title","Locale":"es_ES"}},"Offers":{"Summaries":[{"Condition":{"Value":"New"},"LowestPrice":{"Amount":21.9,"Currency":"EUR","DisplayAmount":"21,90 €"}}]}}],"SearchURL":"https://www.amazon.es/s?k=ganchillo+lana&rh=n%3A4358113031%2Cp_n_availability%3A-1&tag=topinalambricos-21&linkCode=osi","TotalResultCount":1000}},"2":{"SearchResult":{"Items":[{"ASIN":"B0C9TV88MK","DetailPageURL":"https://www.amazon.es/dp/B0C9TV88MK?tag=topinalambricos-21&linkCode=osi&th=1&psc=1","Images":{"Primary":{"Small":{"Height":75,"URL":"https://m.media-amazon.com/images/I/612YK7y3LYL._SL75_.jpg","Width":75}}},"ItemInfo":{"ByLineInfo":{"Brand":{"DisplayValue":"LPAOIS","Label":"Brand","Locale":"es_ES"}},"Title":{"DisplayValue":"LPAOIS Hilo para Tejer a Crochet, 24 colores, con 2 Ganchos de Ganchillo, Ovillos Acrílicos de Lana para DIY y Tejido a Mano","Label":"Title","Locale":"es_ES"}},"Offers":{"Summaries":[{"Condition":{"Value":"New"},"LowestPrice":{"Amount":17.99,"Currency":"EUR","DisplayAmount":"17,99 €"}}]}},{"ASIN":"B0CL6FP8H3","DetailPageURL":"https://www.amazon.es/dp/B0CL6FP8H3?tag=topinalambricos-21&linkCode=osi&th=1&psc=1","Images":{"Primary":{"Small":{"Height":75,"URL":"https://m.media-amazon.com/images/I/51i1j79Jx3L._SL75_.jpg","Width":75}}},"ItemInfo":{"ByLineInfo":{"Brand":{"DisplayValue":"TYXHXTF","Label":"Brand","Locale":"es_ES"},"Manufacturer":{"DisplayValue":"TYXHXTF","Label":"Manufacturer","Locale":"es_ES"}},"Title":{"DisplayValue":"TYXHXTF 24 PCS Lanas para Crochet, Ovillos de Lana de Hilo Acrílico, Hilo para Tejer a Crochet, Hilo de Tejer Acrílico, Lana para Tejer para Tejer DIY y Tejido a Mano","Label":"Title","Locale":"es_ES"}},"Offers":{"Summaries":[{"Condition":{"Value":"New"},"LowestPrice":{"Amount":11.99,"Currency":"EUR","DisplayAmount":"11,99 €"}}]}},{"ASIN":"B087BQK8WV","DetailPageURL":"https://www.amazon.es/dp/B087BQK8WV?tag=topinalambricos-21&linkCode=osi&th=1&psc=1","Images":{"Primary":{"Small":{"Height":69,"URL":"https://m.media-amazon.com/images/I/51C0dGM3t8L._SL75_.jpg","Width":75}}},"ItemInfo":{"ByLineInfo":{"Brand":{"DisplayValue":"ilauke","Label":"Brand","Locale":"es_ES"},"Manufacturer":{"DisplayValue":"ilauke","Label":"Manufacturer","Locale":"es_ES"}},"Title":{"DisplayValue":"Hilo para Tejer a Crochet, ilauke 20 * 30g Ovillo de Lana con 2 Ganchos de Ganchillo, 2 Agujas, 8 Marcadores y Bolsos Verdes, Lana Acrílico Multicolor","Label":"Title","Locale":"es_ES"}},"Offers":{"Summaries":[{"Condition":{"Value":"New"},"LowestPrice":{"Amount":19.97,"Currency":"EUR","DisplayAmount":"19,97 € (33,28 € / kg)","PricePerUnit":33.28}}]}},{"ASIN":"B0B1V9Q7H2","DetailPageURL":"https://www.amazon.es/dp/B0B1V9Q7H2?tag=topinalambricos-21&linkCode=osi&th=1&psc=1","Images":{"Primary":{"Small":{"Height":75,"URL":"https://m.media-amazon.com/images/I/41G1Q8ZzCLL._SL75_.jpg","Width":75}}},"ItemInfo":{"ByLineInfo":{"Brand":{"DisplayValue":"Lidia Crochet Tricot","Label":"Brand","Locale":"es_ES"},"Manufacturer":{"DisplayValue":"Lidia Crochet Tricot","Label":"Manufacturer","Locale":"es_ES"}},"Title":{"DisplayValue":"Classic- hilo de lana, lana acrílico, hilo de tejer, hilo de ganchillo (100 gr/ovillo ; 16 colores) (empresa española/envío desde España) (09)","Label":"Title","Locale":"es_ES"}},"Offers":{"Summaries":[{"Condition":{"Value":"New"},"LowestPrice":{"Amount":5.8,"Currency":"EUR","DisplayAmount":"5,80 €"}}]}},{"ASIN":"B0CF57YCM6","DetailPageURL":"https://www.amazon.es/dp/B0CF57YCM6?tag=topinalambricos-21&linkCode=osi&th=1&psc=1","Images":{"Primary":{"Small":{"Height":75,"URL":"https://m.media-amazon.com/images/I/516VA1-qBhL._SL75_.jpg","Width":75}}},"ItemInfo":{"ByLineInfo":{"Brand":{"DisplayValue":"VORHOT","Label":"Brand","Locale":"es_ES"},"Manufacturer":{"DisplayValue":"VORHOT","Label":"Manufacturer","Locale":"es_ES"}},"Title":{"DisplayValue":"VORHOT Hilo para Tejer a Crochet, 300g Hilo Crochet, Lanas para Crochet Suave, Ovillos de Algodon para Crochet (Tamaño de la Aguja: 3,0-4,0 mm), Color Rosa","Label":"Title","Locale":"es_ES"}},"Offers":{"Summaries":[{"Condition":{"Value":"New"},"LowestPrice":{"Amount":7.98,"Currency":"EUR","DisplayAmount":"7,98 €"}}]}},{"ASIN":"B0CFDMCN6X","DetailPageURL":"https://www.amazon.es/dp/B0CFDMCN6X?tag=topinalambricos-21&linkCode=osi&th=1&psc=1","Images":{"Primary":{"Small":{"Height":75,"URL":"https://m.media-amazon.com/images/I/51LNQzvSNpL._SL75_.jpg","Width":75}}},"ItemInfo":{"ByLineInfo":{"Brand":{"DisplayValue":"ZHHGOO","Label":"Brand","Locale":"es_ES"},"Manufacturer":{"DisplayValue":"ZHHGOO","Label":"Manufacturer","Locale":"es_ES"}},"Title":{"DisplayValue":"ZHHGOO Hilo para Tejer a Crochet,24 Colores,Ovillos de Lana Acrílica con 2 Ganchos de Ganchillo y Bolsa Organizadora,Lana para Tejer para DIY y Tejido a Mano","Label":"Title","Locale":"es_ES"}},"Offers":{"Summaries":[{"Condition":{"Value":"New"},"LowestPrice":{"Amount":15.99,"Currency":"EUR","DisplayAmount":"15,99 €"}}]}},{"ASIN":"B09SPWG4ZR","DetailPageURL":"https://www.amazon.es/dp/B09SPWG4ZR?tag=topinalambricos-21&linkCode=osi&th=1&psc=1","Images":{"Primary":{"Small":{"Height":75,"URL":"https://m.media-amazon.com/images/I/51QuOmbvIwL._SL75_.jpg","Width":61}}},"ItemInfo":{"ByLineInfo":{"Brand":{"DisplayValue":"Wollbiene","Label":"Brand","Locale":"es_ES"},"Manufacturer":{"DisplayValue":"Wollbiene","Label":"Manufacturer","Locale":"es_ES"}},"Title":{"DisplayValue":"5 ovillos de lana de abeja batik de 100 g, 500 g, con degradado, multicolor, lana de ganchillo (5040 arcoíris)","Label":"Title","Locale":"es_ES"}},"Offers":{"Summaries":[{"Condition":{"Value":"New"},"LowestPrice":{"Amount":22.36,"Currency":"EUR","DisplayAmount":"22,36 € (44,72 € / kg)","PricePerUnit":44.72}}]}},{"ASIN":"B0BML4JYYH","DetailPageURL":"https://www.amazon.es/dp/B0BML4JYYH?tag=topinalambricos-21&linkCode=osi&th=1&psc=1","Images":{"Primary":{"Small":{"Height":70,"URL":"https://m.media-amazon.com/images/I/51HAZmAo5bL._SL75_.jpg","Width":75}}},"ItemInfo":{"ByLineInfo":{"Brand":{"DisplayValue":"ilauke","Label":"Brand","Locale":"es_ES"},"Manufacturer":{"DisplayValue":"ilauke","Label":"Manufacturer","Locale":"es_ES"}},"Title":{"DisplayValue":"Kit de Ganchillos Multicolor,12 Multicolor 25g Ovillos Lanas Super Suave Algodón Leche Hilos Lana con 2 Piezas de Ganchillo,100% Acrílico para Ganchillo y Manualidades para Principiantes y Niños","Label":"Title","Locale":"es_ES"}},"Offers":{"Summaries":[{"Condition":{"Value":"New"},"LowestPrice":{"Amount":15.99,"Currency":"EUR","DisplayAmount":"15,99 €"}}]}},{"ASIN":"B085J6TZT3","DetailPageURL":"https://www.amazon.es/dp/B085J6TZT3?tag=topinalambricos-21&linkCode=osi&th=1&psc=1","Images":{"Primary":{"Small":{"Height":75,"URL":"https://m.media-amazon.com/images/I/51vVJ0moHAL._SL75_.jpg","Width":75}}},"ItemInfo":{"ByLineInfo":{"Brand":{"DisplayValue":"Ursus","Label":"Brand","Locale":"es_ES"},"Manufacturer":{"DisplayValue":"Buntpapierfabrik Ludwig Bähr GmbH & Co. KG","Label":"Manufacturer","Locale":"es_ES"}},"Title":{"DisplayValue":"Ursus ovillos g / 29 m, 100% algodón, 10 Colores, para Tejer y Hacer Ganchillo y pequeños proyectos de Manualidades, Pastel, Talla única, 290","Label":"Title","Locale":"es_ES"}},"Offers":{"Summaries":[{"Condition":{"Value":"New"},"LowestPrice":{"Amount":9.99,"Currency":"EUR","DisplayAmount":"9,99 € (0,03 € / metro)","PricePerUnit":0.03}}]}},{"ASIN":"B0CX5C4MTC","DetailPageURL":"https://www.amazon.es/dp/B0CX5C4MTC?tag=topinalambricos-21&linkCode=osi&th=1&psc=1","Images":{"Primary":{"Small":{"Height":75,"URL":"https://m.media-amazon.com/images/I/51xIEU-E3nL._SL75_.jpg","Width":75}}},"ItemInfo":{"ByLineInfo":{"Brand":{"DisplayValue":"SusggO","Label":"Brand","Locale":"es_ES"}},"Title":{"DisplayValue":"SusggO Pack 24 Ovillos Lanas para Crochet Ganchillo Lanas para Tejer Punto a mano DIY Madejas 60% Algodon 40% Acrilico Hilo para Tejer Ovillo Lana 25gr ±50m Colores surtidos","Label":"Title","Locale":"es_ES"}},"Offers":{"Summaries":[{"Condition":{"Value":"New"},"LowestPrice":{"Amount":21.9,"Currency":"EUR","DisplayAmount":"21,90 €"}}]}}],"SearchURL":"https://www.amazon.es/s?k=ganchillo+lana&rh=n%3A4358113031%2Cp_n_availability%3A-1&tag=topinalambricos-21&linkCode=osi","TotalResultCount":1000}},"3":{"SearchResult":{"Items":[{"ASIN":"B0C9TV88MK","DetailPageURL":"https://www.amazon.es/dp/B0C9TV88MK?tag=topinalambricos-21&linkCode=osi&th=1&psc=1","Images":{"Primary":{"Small":{"Height":75,"URL":"https://m.media-amazon.com/images/I/612YK7y3LYL._SL75_.jpg","Width":75}}},"ItemInfo":{"ByLineInfo":{"Brand":{"DisplayValue":"LPAOIS","Label":"Brand","Locale":"es_ES"}},"Title":{"DisplayValue":"LPAOIS Hilo para Tejer a Crochet, 24 colores, con 2 Ganchos de Ganchillo, Ovillos Acrílicos de Lana para DIY y Tejido a Mano","Label":"Title","Locale":"es_ES"}},"Offers":{"Summaries":[{"Condition":{"Value":"New"},"LowestPrice":{"Amount":17.99,"Currency":"EUR","DisplayAmount":"17,99 €"}}]}},{"ASIN":"B0CL6FP8H3","DetailPageURL":"https://www.amazon.es/dp/B0CL6FP8H3?tag=topinalambricos-21&linkCode=osi&th=1&psc=1","Images":{"Primary":{"Small":{"Height":75,"URL":"https://m.media-amazon.com/images/I/51i1j79Jx3L._SL75_.jpg","Width":75}}},"ItemInfo":{"ByLineInfo":{"Brand":{"DisplayValue":"TYXHXTF","Label":"Brand","Locale":"es_ES"},"Manufacturer":{"DisplayValue":"TYXHXTF","Label":"Manufacturer","Locale":"es_ES"}},"Title":{"DisplayValue":"TYXHXTF 24 PCS Lanas para Crochet, Ovillos de Lana de Hilo Acrílico, Hilo para Tejer a Crochet, Hilo de Tejer Acrílico, Lana para Tejer para Tejer DIY y Tejido a Mano","Label":"Title","Locale":"es_ES"}},"Offers":{"Summaries":[{"Condition":{"Value":"New"},"LowestPrice":{"Amount":11.99,"Currency":"EUR","DisplayAmount":"11,99 €"}}]}},{"ASIN":"B087BQK8WV","DetailPageURL":"https://www.amazon.es/dp/B087BQK8WV?tag=topinalambricos-21&linkCode=osi&th=1&psc=1","Images":{"Primary":{"Small":{"Height":69,"URL":"https://m.media-amazon.com/images/I/51C0dGM3t8L._SL75_.jpg","Width":75}}},"ItemInfo":{"ByLineInfo":{"Brand":{"DisplayValue":"ilauke","Label":"Brand","Locale":"es_ES"},"Manufacturer":{"DisplayValue":"ilauke","Label":"Manufacturer","Locale":"es_ES"}},"Title":{"DisplayValue":"Hilo para Tejer a Crochet, ilauke 20 * 30g Ovillo de Lana con 2 Ganchos de Ganchillo, 2 Agujas, 8 Marcadores y Bolsos Verdes, Lana Acrílico Multicolor","Label":"Title","Locale":"es_ES"}},"Offers":{"Summaries":[{"Condition":{"Value":"New"},"LowestPrice":{"Amount":19.97,"Currency":"EUR","DisplayAmount":"19,97 € (33,28 € / kg)","PricePerUnit":33.28}}]}},{"ASIN":"B0B1V9Q7H2","DetailPageURL":"https://www.amazon.es/dp/B0B1V9Q7H2?tag=topinalambricos-21&linkCode=osi&th=1&psc=1","Images":{"Primary":{"Small":{"Height":75,"URL":"https://m.media-amazon.com/images/I/41G1Q8ZzCLL._SL75_.jpg","Width":75}}},"ItemInfo":{"ByLineInfo":{"Brand":{"DisplayValue":"Lidia Crochet Tricot","Label":"Brand","Locale":"es_ES"},"Manufacturer":{"DisplayValue":"Lidia Crochet Tricot","Label":"Manufacturer","Locale":"es_ES"}},"Title":{"DisplayValue":"Classic- hilo de lana, lana acrílico, hilo de tejer, hilo de ganchillo (100 gr/ovillo ; 16 colores) (empresa española/envío desde España) (09)","Label":"Title","Locale":"es_ES"}},"Offers":{"Summaries":[{"Condition":{"Value":"New"},"LowestPrice":{"Amount":5.8,"Currency":"EUR","DisplayAmount":"5,80 €"}}]}},{"ASIN":"B0CF57YCM6","DetailPageURL":"https://www.amazon.es/dp/B0CF57YCM6?tag=topinalambricos-21&linkCode=osi&th=1&psc=1","Images":{"Primary":{"Small":{"Height":75,"URL":"https://m.media-amazon.com/images/I/516VA1-qBhL._SL75_.jpg","Width":75}}},"ItemInfo":{"ByLineInfo":{"Brand":{"DisplayValue":"VORHOT","Label":"Brand","Locale":"es_ES"},"Manufacturer":{"DisplayValue":"VORHOT","Label":"Manufacturer","Locale":"es_ES"}},"Title":{"DisplayValue":"VORHOT Hilo para Tejer a Crochet, 300g Hilo Crochet, Lanas para Crochet Suave, Ovillos de Algodon para Crochet (Tamaño de la Aguja: 3,0-4,0 mm), Color Rosa","Label":"Title","Locale":"es_ES"}},"Offers":{"Summaries":[{"Condition":{"Value":"New"},"LowestPrice":{"Amount":7.98,"Currency":"EUR","DisplayAmount":"7,98 €"}}]}},{"ASIN":"B0CFDMCN6X","DetailPageURL":"https://www.amazon.es/dp/B0CFDMCN6X?tag=topinalambricos-21&linkCode=osi&th=1&psc=1","Images":{"Primary":{"Small":{"Height":75,"URL":"https://m.media-amazon.com/images/I/51LNQzvSNpL._SL75_.jpg","Width":75}}},"ItemInfo":{"ByLineInfo":{"Brand":{"DisplayValue":"ZHHGOO","Label":"Brand","Locale":"es_ES"},"Manufacturer":{"DisplayValue":"ZHHGOO","Label":"Manufacturer","Locale":"es_ES"}},"Title":{"DisplayValue":"ZHHGOO Hilo para Tejer a Crochet,24 Colores,Ovillos de Lana Acrílica con 2 Ganchos de Ganchillo y Bolsa Organizadora,Lana para Tejer para DIY y Tejido a Mano","Label":"Title","Locale":"es_ES"}},"Offers":{"Summaries":[{"Condition":{"Value":"New"},"LowestPrice":{"Amount":15.99,"Currency":"EUR","DisplayAmount":"15,99 €"}}]}},{"ASIN":"B09SPWG4ZR","DetailPageURL":"https://www.amazon.es/dp/B09SPWG4ZR?tag=topinalambricos-21&linkCode=osi&th=1&psc=1","Images":{"Primary":{"Small":{"Height":75,"URL":"https://m.media-amazon.com/images/I/51QuOmbvIwL._SL75_.jpg","Width":61}}},"ItemInfo":{"ByLineInfo":{"Brand":{"DisplayValue":"Wollbiene","Label":"Brand","Locale":"es_ES"},"Manufacturer":{"DisplayValue":"Wollbiene","Label":"Manufacturer","Locale":"es_ES"}},"Title":{"DisplayValue":"5 ovillos de lana de abeja batik de 100 g, 500 g, con degradado, multicolor, lana de ganchillo (5040 arcoíris)","Label":"Title","Locale":"es_ES"}},"Offers":{"Summaries":[{"Condition":{"Value":"New"},"LowestPrice":{"Amount":22.36,"Currency":"EUR","DisplayAmount":"22,36 € (44,72 € / kg)","PricePerUnit":44.72}}]}},{"ASIN":"B0BML4JYYH","DetailPageURL":"https://www.amazon.es/dp/B0BML4JYYH?tag=topinalambricos-21&linkCode=osi&th=1&psc=1","Images":{"Primary":{"Small":{"Height":70,"URL":"https://m.media-amazon.com/images/I/51HAZmAo5bL._SL75_.jpg","Width":75}}},"ItemInfo":{"ByLineInfo":{"Brand":{"DisplayValue":"ilauke","Label":"Brand","Locale":"es_ES"},"Manufacturer":{"DisplayValue":"ilauke","Label":"Manufacturer","Locale":"es_ES"}},"Title":{"DisplayValue":"Kit de Ganchillos Multicolor,12 Multicolor 25g Ovillos Lanas Super Suave Algodón Leche Hilos Lana con 2 Piezas de Ganchillo,100% Acrílico para Ganchillo y Manualidades para Principiantes y Niños","Label":"Title","Locale":"es_ES"}},"Offers":{"Summaries":[{"Condition":{"Value":"New"},"LowestPrice":{"Amount":15.99,"Currency":"EUR","DisplayAmount":"15,99 €"}}]}},{"ASIN":"B085J6TZT3","DetailPageURL":"https://www.amazon.es/dp/B085J6TZT3?tag=topinalambricos-21&linkCode=osi&th=1&psc=1","Images":{"Primary":{"Small":{"Height":75,"URL":"https://m.media-amazon.com/images/I/51vVJ0moHAL._SL75_.jpg","Width":75}}},"ItemInfo":{"ByLineInfo":{"Brand":{"DisplayValue":"Ursus","Label":"Brand","Locale":"es_ES"},"Manufacturer":{"DisplayValue":"Buntpapierfabrik Ludwig Bähr GmbH & Co. KG","Label":"Manufacturer","Locale":"es_ES"}},"Title":{"DisplayValue":"Ursus ovillos g / 29 m, 100% algodón, 10 Colores, para Tejer y Hacer Ganchillo y pequeños proyectos de Manualidades, Pastel, Talla única, 290","Label":"Title","Locale":"es_ES"}},"Offers":{"Summaries":[{"Condition":{"Value":"New"},"LowestPrice":{"Amount":9.99,"Currency":"EUR","DisplayAmount":"9,99 € (0,03 € / metro)","PricePerUnit":0.03}}]}},{"ASIN":"B0CX5C4MTC","DetailPageURL":"https://www.amazon.es/dp/B0CX5C4MTC?tag=topinalambricos-21&linkCode=osi&th=1&psc=1","Images":{"Primary":{"Small":{"Height":75,"URL":"https://m.media-amazon.com/images/I/51xIEU-E3nL._SL75_.jpg","Width":75}}},"ItemInfo":{"ByLineInfo":{"Brand":{"DisplayValue":"SusggO","Label":"Brand","Locale":"es_ES"}},"Title":{"DisplayValue":"SusggO Pack 24 Ovillos Lanas para Crochet Ganchillo Lanas para Tejer Punto a mano DIY Madejas 60% Algodon 40% Acrilico Hilo para Tejer Ovillo Lana 25gr ±50m Colores surtidos","Label":"Title","Locale":"es_ES"}},"Offers":{"Summaries":[{"Condition":{"Value":"New"},"LowestPrice":{"Amount":21.9,"Currency":"EUR","DisplayAmount":"21,90 €"}}]}}],"SearchURL":"https://www.amazon.es/s?k=ganchillo+lana&rh=n%3A4358113031%2Cp_n_availability%3A-1&tag=topinalambricos-21&linkCode=osi","TotalResultCount":1000}},"5":{"SearchResult":{"Items":[{"ASIN":"B0C9TV88MK","DetailPageURL":"https://www.amazon.es/dp/B0C9TV88MK?tag=topinalambricos-21&linkCode=osi&th=1&psc=1","Images":{"Primary":{"Small":{"Height":75,"URL":"https://m.media-amazon.com/images/I/612YK7y3LYL._SL75_.jpg","Width":75}}},"ItemInfo":{"ByLineInfo":{"Brand":{"DisplayValue":"LPAOIS","Label":"Brand","Locale":"es_ES"}},"Title":{"DisplayValue":"LPAOIS Hilo para Tejer a Crochet, 24 colores, con 2 Ganchos de Ganchillo, Ovillos Acrílicos de Lana para DIY y Tejido a Mano","Label":"Title","Locale":"es_ES"}},"Offers":{"Summaries":[{"Condition":{"Value":"New"},"LowestPrice":{"Amount":17.99,"Currency":"EUR","DisplayAmount":"17,99 €"}}]}},{"ASIN":"B0CL6FP8H3","DetailPageURL":"https://www.amazon.es/dp/B0CL6FP8H3?tag=topinalambricos-21&linkCode=osi&th=1&psc=1","Images":{"Primary":{"Small":{"Height":75,"URL":"https://m.media-amazon.com/images/I/51i1j79Jx3L._SL75_.jpg","Width":75}}},"ItemInfo":{"ByLineInfo":{"Brand":{"DisplayValue":"TYXHXTF","Label":"Brand","Locale":"es_ES"},"Manufacturer":{"DisplayValue":"TYXHXTF","Label":"Manufacturer","Locale":"es_ES"}},"Title":{"DisplayValue":"TYXHXTF 24 PCS Lanas para Crochet, Ovillos de Lana de Hilo Acrílico, Hilo para Tejer a Crochet, Hilo de Tejer Acrílico, Lana para Tejer para Tejer DIY y Tejido a Mano","Label":"Title","Locale":"es_ES"}},"Offers":{"Summaries":[{"Condition":{"Value":"New"},"LowestPrice":{"Amount":11.99,"Currency":"EUR","DisplayAmount":"11,99 €"}}]}},{"ASIN":"B087BQK8WV","DetailPageURL":"https://www.amazon.es/dp/B087BQK8WV?tag=topinalambricos-21&linkCode=osi&th=1&psc=1","Images":{"Primary":{"Small":{"Height":69,"URL":"https://m.media-amazon.com/images/I/51C0dGM3t8L._SL75_.jpg","Width":75}}},"ItemInfo":{"ByLineInfo":{"Brand":{"DisplayValue":"ilauke","Label":"Brand","Locale":"es_ES"},"Manufacturer":{"DisplayValue":"ilauke","Label":"Manufacturer","Locale":"es_ES"}},"Title":{"DisplayValue":"Hilo para Tejer a Crochet, ilauke 20 * 30g Ovillo de Lana con 2 Ganchos de Ganchillo, 2 Agujas, 8 Marcadores y Bolsos Verdes, Lana Acrílico Multicolor","Label":"Title","Locale":"es_ES"}},"Offers":{"Summaries":[{"Condition":{"Value":"New"},"LowestPrice":{"Amount":19.97,"Currency":"EUR","DisplayAmount":"19,97 € (33,28 € / kg)","PricePerUnit":33.28}}]}},{"ASIN":"B0B1V9Q7H2","DetailPageURL":"https://www.amazon.es/dp/B0B1V9Q7H2?tag=topinalambricos-21&linkCode=osi&th=1&psc=1","Images":{"Primary":{"Small":{"Height":75,"URL":"https://m.media-amazon.com/images/I/41G1Q8ZzCLL._SL75_.jpg","Width":75}}},"ItemInfo":{"ByLineInfo":{"Brand":{"DisplayValue":"Lidia Crochet Tricot","Label":"Brand","Locale":"es_ES"},"Manufacturer":{"DisplayValue":"Lidia Crochet Tricot","Label":"Manufacturer","Locale":"es_ES"}},"Title":{"DisplayValue":"Classic- hilo de lana, lana acrílico, hilo de tejer, hilo de ganchillo (100 gr/ovillo ; 16 colores) (empresa española/envío desde España) (09)","Label":"Title","Locale":"es_ES"}},"Offers":{"Summaries":[{"Condition":{"Value":"New"},"LowestPrice":{"Amount":5.8,"Currency":"EUR","DisplayAmount":"5,80 €"}}]}},{"ASIN":"B0CF57YCM6","DetailPageURL":"https://www.amazon.es/dp/B0CF57YCM6?tag=topinalambricos-21&linkCode=osi&th=1&psc=1","Images":{"Primary":{"Small":{"Height":75,"URL":"https://m.media-amazon.com/images/I/516VA1-qBhL._SL75_.jpg","Width":75}}},"ItemInfo":{"ByLineInfo":{"Brand":{"DisplayValue":"VORHOT","Label":"Brand","Locale":"es_ES"},"Manufacturer":{"DisplayValue":"VORHOT","Label":"Manufacturer","Locale":"es_ES"}},"Title":{"DisplayValue":"VORHOT Hilo para Tejer a Crochet, 300g Hilo Crochet, Lanas para Crochet Suave, Ovillos de Algodon para Crochet (Tamaño de la Aguja: 3,0-4,0 mm), Color Rosa","Label":"Title","Locale":"es_ES"}},"Offers":{"Summaries":[{"Condition":{"Value":"New"},"LowestPrice":{"Amount":7.98,"Currency":"EUR","DisplayAmount":"7,98 €"}}]}},{"ASIN":"B0CFDMCN6X","DetailPageURL":"https://www.amazon.es/dp/B0CFDMCN6X?tag=topinalambricos-21&linkCode=osi&th=1&psc=1","Images":{"Primary":{"Small":{"Height":75,"URL":"https://m.media-amazon.com/images/I/51LNQzvSNpL._SL75_.jpg","Width":75}}},"ItemInfo":{"ByLineInfo":{"Brand":{"DisplayValue":"ZHHGOO","Label":"Brand","Locale":"es_ES"},"Manufacturer":{"DisplayValue":"ZHHGOO","Label":"Manufacturer","Locale":"es_ES"}},"Title":{"DisplayValue":"ZHHGOO Hilo para Tejer a Crochet,24 Colores,Ovillos de Lana Acrílica con 2 Ganchos de Ganchillo y Bolsa Organizadora,Lana para Tejer para DIY y Tejido a Mano","Label":"Title","Locale":"es_ES"}},"Offers":{"Summaries":[{"Condition":{"Value":"New"},"LowestPrice":{"Amount":15.99,"Currency":"EUR","DisplayAmount":"15,99 €"}}]}},{"ASIN":"B09SPWG4ZR","DetailPageURL":"https://www.amazon.es/dp/B09SPWG4ZR?tag=topinalambricos-21&linkCode=osi&th=1&psc=1","Images":{"Primary":{"Small":{"Height":75,"URL":"https://m.media-amazon.com/images/I/51QuOmbvIwL._SL75_.jpg","Width":61}}},"ItemInfo":{"ByLineInfo":{"Brand":{"DisplayValue":"Wollbiene","Label":"Brand","Locale":"es_ES"},"Manufacturer":{"DisplayValue":"Wollbiene","Label":"Manufacturer","Locale":"es_ES"}},"Title":{"DisplayValue":"5 ovillos de lana de abeja batik de 100 g, 500 g, con degradado, multicolor, lana de ganchillo (5040 arcoíris)","Label":"Title","Locale":"es_ES"}},"Offers":{"Summaries":[{"Condition":{"Value":"New"},"LowestPrice":{"Amount":22.36,"Currency":"EUR","DisplayAmount":"22,36 € (44,72 € / kg)","PricePerUnit":44.72}}]}},{"ASIN":"B0BML4JYYH","DetailPageURL":"https://www.amazon.es/dp/B0BML4JYYH?tag=topinalambricos-21&linkCode=osi&th=1&psc=1","Images":{"Primary":{"Small":{"Height":70,"URL":"https://m.media-amazon.com/images/I/51HAZmAo5bL._SL75_.jpg","Width":75}}},"ItemInfo":{"ByLineInfo":{"Brand":{"DisplayValue":"ilauke","Label":"Brand","Locale":"es_ES"},"Manufacturer":{"DisplayValue":"ilauke","Label":"Manufacturer","Locale":"es_ES"}},"Title":{"DisplayValue":"Kit de Ganchillos Multicolor,12 Multicolor 25g Ovillos Lanas Super Suave Algodón Leche Hilos Lana con 2 Piezas de Ganchillo,100% Acrílico para Ganchillo y Manualidades para Principiantes y Niños","Label":"Title","Locale":"es_ES"}},"Offers":{"Summaries":[{"Condition":{"Value":"New"},"LowestPrice":{"Amount":15.99,"Currency":"EUR","DisplayAmount":"15,99 €"}}]}},{"ASIN":"B085J6TZT3","DetailPageURL":"https://www.amazon.es/dp/B085J6TZT3?tag=topinalambricos-21&linkCode=osi&th=1&psc=1","Images":{"Primary":{"Small":{"Height":75,"URL":"https://m.media-amazon.com/images/I/51vVJ0moHAL._SL75_.jpg","Width":75}}},"ItemInfo":{"ByLineInfo":{"Brand":{"DisplayValue":"Ursus","Label":"Brand","Locale":"es_ES"},"Manufacturer":{"DisplayValue":"Buntpapierfabrik Ludwig Bähr GmbH & Co. KG","Label":"Manufacturer","Locale":"es_ES"}},"Title":{"DisplayValue":"Ursus ovillos g / 29 m, 100% algodón, 10 Colores, para Tejer y Hacer Ganchillo y pequeños proyectos de Manualidades, Pastel, Talla única, 290","Label":"Title","Locale":"es_ES"}},"Offers":{"Summaries":[{"Condition":{"Value":"New"},"LowestPrice":{"Amount":9.99,"Currency":"EUR","DisplayAmount":"9,99 € (0,03 € / metro)","PricePerUnit":0.03}}]}},{"ASIN":"B0CX5C4MTC","DetailPageURL":"https://www.amazon.es/dp/B0CX5C4MTC?tag=topinalambricos-21&linkCode=osi&th=1&psc=1","Images":{"Primary":{"Small":{"Height":75,"URL":"https://m.media-amazon.com/images/I/51xIEU-E3nL._SL75_.jpg","Width":75}}},"ItemInfo":{"ByLineInfo":{"Brand":{"DisplayValue":"SusggO","Label":"Brand","Locale":"es_ES"}},"Title":{"DisplayValue":"SusggO Pack 24 Ovillos Lanas para Crochet Ganchillo Lanas para Tejer Punto a mano DIY Madejas 60% Algodon 40% Acrilico Hilo para Tejer Ovillo Lana 25gr ±50m Colores surtidos","Label":"Title","Locale":"es_ES"}},"Offers":{"Summaries":[{"Condition":{"Value":"New"},"LowestPrice":{"Amount":21.9,"Currency":"EUR","DisplayAmount":"21,90 €"}}]}}],"SearchURL":"https://www.amazon.es/s?k=ganchillo+lana&rh=n%3A4358113031%2Cp_n_availability%3A-1&tag=topinalambricos-21&linkCode=osi","TotalResultCount":1000}},"6":{"SearchResult":{"Items":[{"ASIN":"B0C9TV88MK","DetailPageURL":"https://www.amazon.es/dp/B0C9TV88MK?tag=topinalambricos-21&linkCode=osi&th=1&psc=1","Images":{"Primary":{"Small":{"Height":75,"URL":"https://m.media-amazon.com/images/I/612YK7y3LYL._SL75_.jpg","Width":75}}},"ItemInfo":{"ByLineInfo":{"Brand":{"DisplayValue":"LPAOIS","Label":"Brand","Locale":"es_ES"}},"Title":{"DisplayValue":"LPAOIS Hilo para Tejer a Crochet, 24 colores, con 2 Ganchos de Ganchillo, Ovillos Acrílicos de Lana para DIY y Tejido a Mano","Label":"Title","Locale":"es_ES"}},"Offers":{"Summaries":[{"Condition":{"Value":"New"},"LowestPrice":{"Amount":17.99,"Currency":"EUR","DisplayAmount":"17,99 €"}}]}},{"ASIN":"B0CL6FP8H3","DetailPageURL":"https://www.amazon.es/dp/B0CL6FP8H3?tag=topinalambricos-21&linkCode=osi&th=1&psc=1","Images":{"Primary":{"Small":{"Height":75,"URL":"https://m.media-amazon.com/images/I/51i1j79Jx3L._SL75_.jpg","Width":75}}},"ItemInfo":{"ByLineInfo":{"Brand":{"DisplayValue":"TYXHXTF","Label":"Brand","Locale":"es_ES"},"Manufacturer":{"DisplayValue":"TYXHXTF","Label":"Manufacturer","Locale":"es_ES"}},"Title":{"DisplayValue":"TYXHXTF 24 PCS Lanas para Crochet, Ovillos de Lana de Hilo Acrílico, Hilo para Tejer a Crochet, Hilo de Tejer Acrílico, Lana para Tejer para Tejer DIY y Tejido a Mano","Label":"Title","Locale":"es_ES"}},"Offers":{"Summaries":[{"Condition":{"Value":"New"},"LowestPrice":{"Amount":11.99,"Currency":"EUR","DisplayAmount":"11,99 €"}}]}},{"ASIN":"B087BQK8WV","DetailPageURL":"https://www.amazon.es/dp/B087BQK8WV?tag=topinalambricos-21&linkCode=osi&th=1&psc=1","Images":{"Primary":{"Small":{"Height":69,"URL":"https://m.media-amazon.com/images/I/51C0dGM3t8L._SL75_.jpg","Width":75}}},"ItemInfo":{"ByLineInfo":{"Brand":{"DisplayValue":"ilauke","Label":"Brand","Locale":"es_ES"},"Manufacturer":{"DisplayValue":"ilauke","Label":"Manufacturer","Locale":"es_ES"}},"Title":{"DisplayValue":"Hilo para Tejer a Crochet, ilauke 20 * 30g Ovillo de Lana con 2 Ganchos de Ganchillo, 2 Agujas, 8 Marcadores y Bolsos Verdes, Lana Acrílico Multicolor","Label":"Title","Locale":"es_ES"}},"Offers":{"Summaries":[{"Condition":{"Value":"New"},"LowestPrice":{"Amount":19.97,"Currency":"EUR","DisplayAmount":"19,97 € (33,28 € / kg)","PricePerUnit":33.28}}]}},{"ASIN":"B0B1V9Q7H2","DetailPageURL":"https://www.amazon.es/dp/B0B1V9Q7H2?tag=topinalambricos-21&linkCode=osi&th=1&psc=1","Images":{"Primary":{"Small":{"Height":75,"URL":"https://m.media-amazon.com/images/I/41G1Q8ZzCLL._SL75_.jpg","Width":75}}},"ItemInfo":{"ByLineInfo":{"Brand":{"DisplayValue":"Lidia Crochet Tricot","Label":"Brand","Locale":"es_ES"},"Manufacturer":{"DisplayValue":"Lidia Crochet Tricot","Label":"Manufacturer","Locale":"es_ES"}},"Title":{"DisplayValue":"Classic- hilo de lana, lana acrílico, hilo de tejer, hilo de ganchillo (100 gr/ovillo ; 16 colores) (empresa española/envío desde España) (09)","Label":"Title","Locale":"es_ES"}},"Offers":{"Summaries":[{"Condition":{"Value":"New"},"LowestPrice":{"Amount":5.8,"Currency":"EUR","DisplayAmount":"5,80 €"}}]}},{"ASIN":"B0CF57YCM6","DetailPageURL":"https://www.amazon.es/dp/B0CF57YCM6?tag=topinalambricos-21&linkCode=osi&th=1&psc=1","Images":{"Primary":{"Small":{"Height":75,"URL":"https://m.media-amazon.com/images/I/516VA1-qBhL._SL75_.jpg","Width":75}}},"ItemInfo":{"ByLineInfo":{"Brand":{"DisplayValue":"VORHOT","Label":"Brand","Locale":"es_ES"},"Manufacturer":{"DisplayValue":"VORHOT","Label":"Manufacturer","Locale":"es_ES"}},"Title":{"DisplayValue":"VORHOT Hilo para Tejer a Crochet, 300g Hilo Crochet, Lanas para Crochet Suave, Ovillos de Algodon para Crochet (Tamaño de la Aguja: 3,0-4,0 mm), Color Rosa","Label":"Title","Locale":"es_ES"}},"Offers":{"Summaries":[{"Condition":{"Value":"New"},"LowestPrice":{"Amount":7.98,"Currency":"EUR","DisplayAmount":"7,98 €"}}]}},{"ASIN":"B0CFDMCN6X","DetailPageURL":"https://www.amazon.es/dp/B0CFDMCN6X?tag=topinalambricos-21&linkCode=osi&th=1&psc=1","Images":{"Primary":{"Small":{"Height":75,"URL":"https://m.media-amazon.com/images/I/51LNQzvSNpL._SL75_.jpg","Width":75}}},"ItemInfo":{"ByLineInfo":{"Brand":{"DisplayValue":"ZHHGOO","Label":"Brand","Locale":"es_ES"},"Manufacturer":{"DisplayValue":"ZHHGOO","Label":"Manufacturer","Locale":"es_ES"}},"Title":{"DisplayValue":"ZHHGOO Hilo para Tejer a Crochet,24 Colores,Ovillos de Lana Acrílica con 2 Ganchos de Ganchillo y Bolsa Organizadora,Lana para Tejer para DIY y Tejido a Mano","Label":"Title","Locale":"es_ES"}},"Offers":{"Summaries":[{"Condition":{"Value":"New"},"LowestPrice":{"Amount":15.99,"Currency":"EUR","DisplayAmount":"15,99 €"}}]}},{"ASIN":"B09SPWG4ZR","DetailPageURL":"https://www.amazon.es/dp/B09SPWG4ZR?tag=topinalambricos-21&linkCode=osi&th=1&psc=1","Images":{"Primary":{"Small":{"Height":75,"URL":"https://m.media-amazon.com/images/I/51QuOmbvIwL._SL75_.jpg","Width":61}}},"ItemInfo":{"ByLineInfo":{"Brand":{"DisplayValue":"Wollbiene","Label":"Brand","Locale":"es_ES"},"Manufacturer":{"DisplayValue":"Wollbiene","Label":"Manufacturer","Locale":"es_ES"}},"Title":{"DisplayValue":"5 ovillos de lana de abeja batik de 100 g, 500 g, con degradado, multicolor, lana de ganchillo (5040 arcoíris)","Label":"Title","Locale":"es_ES"}},"Offers":{"Summaries":[{"Condition":{"Value":"New"},"LowestPrice":{"Amount":22.36,"Currency":"EUR","DisplayAmount":"22,36 € (44,72 € / kg)","PricePerUnit":44.72}}]}},{"ASIN":"B0BML4JYYH","DetailPageURL":"https://www.amazon.es/dp/B0BML4JYYH?tag=topinalambricos-21&linkCode=osi&th=1&psc=1","Images":{"Primary":{"Small":{"Height":70,"URL":"https://m.media-amazon.com/images/I/51HAZmAo5bL._SL75_.jpg","Width":75}}},"ItemInfo":{"ByLineInfo":{"Brand":{"DisplayValue":"ilauke","Label":"Brand","Locale":"es_ES"},"Manufacturer":{"DisplayValue":"ilauke","Label":"Manufacturer","Locale":"es_ES"}},"Title":{"DisplayValue":"Kit de Ganchillos Multicolor,12 Multicolor 25g Ovillos Lanas Super Suave Algodón Leche Hilos Lana con 2 Piezas de Ganchillo,100% Acrílico para Ganchillo y Manualidades para Principiantes y Niños","Label":"Title","Locale":"es_ES"}},"Offers":{"Summaries":[{"Condition":{"Value":"New"},"LowestPrice":{"Amount":15.99,"Currency":"EUR","DisplayAmount":"15,99 €"}}]}},{"ASIN":"B085J6TZT3","DetailPageURL":"https://www.amazon.es/dp/B085J6TZT3?tag=topinalambricos-21&linkCode=osi&th=1&psc=1","Images":{"Primary":{"Small":{"Height":75,"URL":"https://m.media-amazon.com/images/I/51vVJ0moHAL._SL75_.jpg","Width":75}}},"ItemInfo":{"ByLineInfo":{"Brand":{"DisplayValue":"Ursus","Label":"Brand","Locale":"es_ES"},"Manufacturer":{"DisplayValue":"Buntpapierfabrik Ludwig Bähr GmbH & Co. KG","Label":"Manufacturer","Locale":"es_ES"}},"Title":{"DisplayValue":"Ursus ovillos g / 29 m, 100% algodón, 10 Colores, para Tejer y Hacer Ganchillo y pequeños proyectos de Manualidades, Pastel, Talla única, 290","Label":"Title","Locale":"es_ES"}},"Offers":{"Summaries":[{"Condition":{"Value":"New"},"LowestPrice":{"Amount":9.99,"Currency":"EUR","DisplayAmount":"9,99 € (0,03 € / metro)","PricePerUnit":0.03}}]}},{"ASIN":"B0CX5C4MTC","DetailPageURL":"https://www.amazon.es/dp/B0CX5C4MTC?tag=topinalambricos-21&linkCode=osi&th=1&psc=1","Images":{"Primary":{"Small":{"Height":75,"URL":"https://m.media-amazon.com/images/I/51xIEU-E3nL._SL75_.jpg","Width":75}}},"ItemInfo":{"ByLineInfo":{"Brand":{"DisplayValue":"SusggO","Label":"Brand","Locale":"es_ES"}},"Title":{"DisplayValue":"SusggO Pack 24 Ovillos Lanas para Crochet Ganchillo Lanas para Tejer Punto a mano DIY Madejas 60% Algodon 40% Acrilico Hilo para Tejer Ovillo Lana 25gr ±50m Colores surtidos","Label":"Title","Locale":"es_ES"}},"Offers":{"Summaries":[{"Condition":{"Value":"New"},"LowestPrice":{"Amount":21.9,"Currency":"EUR","DisplayAmount":"21,90 €"}}]}}],"SearchURL":"https://www.amazon.es/s?k=ganchillo+lana&rh=n%3A4358113031%2Cp_n_availability%3A-1&tag=topinalambricos-21&linkCode=osi","TotalResultCount":1000}},"7":{"SearchResult":{"Items":[{"ASIN":"B0C9TV88MK","DetailPageURL":"https://www.amazon.es/dp/B0C9TV88MK?tag=topinalambricos-21&linkCode=osi&th=1&psc=1","Images":{"Primary":{"Small":{"Height":75,"URL":"https://m.media-amazon.com/images/I/612YK7y3LYL._SL75_.jpg","Width":75}}},"ItemInfo":{"ByLineInfo":{"Brand":{"DisplayValue":"LPAOIS","Label":"Brand","Locale":"es_ES"}},"Title":{"DisplayValue":"LPAOIS Hilo para Tejer a Crochet, 24 colores, con 2 Ganchos de Ganchillo, Ovillos Acrílicos de Lana para DIY y Tejido a Mano","Label":"Title","Locale":"es_ES"}},"Offers":{"Summaries":[{"Condition":{"Value":"New"},"LowestPrice":{"Amount":17.99,"Currency":"EUR","DisplayAmount":"17,99 €"}}]}},{"ASIN":"B0CL6FP8H3","DetailPageURL":"https://www.amazon.es/dp/B0CL6FP8H3?tag=topinalambricos-21&linkCode=osi&th=1&psc=1","Images":{"Primary":{"Small":{"Height":75,"URL":"https://m.media-amazon.com/images/I/51i1j79Jx3L._SL75_.jpg","Width":75}}},"ItemInfo":{"ByLineInfo":{"Brand":{"DisplayValue":"TYXHXTF","Label":"Brand","Locale":"es_ES"},"Manufacturer":{"DisplayValue":"TYXHXTF","Label":"Manufacturer","Locale":"es_ES"}},"Title":{"DisplayValue":"TYXHXTF 24 PCS Lanas para Crochet, Ovillos de Lana de Hilo Acrílico, Hilo para Tejer a Crochet, Hilo de Tejer Acrílico, Lana para Tejer para Tejer DIY y Tejido a Mano","Label":"Title","Locale":"es_ES"}},"Offers":{"Summaries":[{"Condition":{"Value":"New"},"LowestPrice":{"Amount":11.99,"Currency":"EUR","DisplayAmount":"11,99 €"}}]}},{"ASIN":"B087BQK8WV","DetailPageURL":"https://www.amazon.es/dp/B087BQK8WV?tag=topinalambricos-21&linkCode=osi&th=1&psc=1","Images":{"Primary":{"Small":{"Height":69,"URL":"https://m.media-amazon.com/images/I/51C0dGM3t8L._SL75_.jpg","Width":75}}},"ItemInfo":{"ByLineInfo":{"Brand":{"DisplayValue":"ilauke","Label":"Brand","Locale":"es_ES"},"Manufacturer":{"DisplayValue":"ilauke","Label":"Manufacturer","Locale":"es_ES"}},"Title":{"DisplayValue":"Hilo para Tejer a Crochet, ilauke 20 * 30g Ovillo de Lana con 2 Ganchos de Ganchillo, 2 Agujas, 8 Marcadores y Bolsos Verdes, Lana Acrílico Multicolor","Label":"Title","Locale":"es_ES"}},"Offers":{"Summaries":[{"Condition":{"Value":"New"},"LowestPrice":{"Amount":19.97,"Currency":"EUR","DisplayAmount":"19,97 € (33,28 € / kg)","PricePerUnit":33.28}}]}},{"ASIN":"B0B1V9Q7H2","DetailPageURL":"https://www.amazon.es/dp/B0B1V9Q7H2?tag=topinalambricos-21&linkCode=osi&th=1&psc=1","Images":{"Primary":{"Small":{"Height":75,"URL":"https://m.media-amazon.com/images/I/41G1Q8ZzCLL._SL75_.jpg","Width":75}}},"ItemInfo":{"ByLineInfo":{"Brand":{"DisplayValue":"Lidia Crochet Tricot","Label":"Brand","Locale":"es_ES"},"Manufacturer":{"DisplayValue":"Lidia Crochet Tricot","Label":"Manufacturer","Locale":"es_ES"}},"Title":{"DisplayValue":"Classic- hilo de lana, lana acrílico, hilo de tejer, hilo de ganchillo (100 gr/ovillo ; 16 colores) (empresa española/envío desde España) (09)","Label":"Title","Locale":"es_ES"}},"Offers":{"Summaries":[{"Condition":{"Value":"New"},"LowestPrice":{"Amount":5.8,"Currency":"EUR","DisplayAmount":"5,80 €"}}]}},{"ASIN":"B0CF57YCM6","DetailPageURL":"https://www.amazon.es/dp/B0CF57YCM6?tag=topinalambricos-21&linkCode=osi&th=1&psc=1","Images":{"Primary":{"Small":{"Height":75,"URL":"https://m.media-amazon.com/images/I/516VA1-qBhL._SL75_.jpg","Width":75}}},"ItemInfo":{"ByLineInfo":{"Brand":{"DisplayValue":"VORHOT","Label":"Brand","Locale":"es_ES"},"Manufacturer":{"DisplayValue":"VORHOT","Label":"Manufacturer","Locale":"es_ES"}},"Title":{"DisplayValue":"VORHOT Hilo para Tejer a Crochet, 300g Hilo Crochet, Lanas para Crochet Suave, Ovillos de Algodon para Crochet (Tamaño de la Aguja: 3,0-4,0 mm), Color Rosa","Label":"Title","Locale":"es_ES"}},"Offers":{"Summaries":[{"Condition":{"Value":"New"},"LowestPrice":{"Amount":7.98,"Currency":"EUR","DisplayAmount":"7,98 €"}}]}},{"ASIN":"B0CFDMCN6X","DetailPageURL":"https://www.amazon.es/dp/B0CFDMCN6X?tag=topinalambricos-21&linkCode=osi&th=1&psc=1","Images":{"Primary":{"Small":{"Height":75,"URL":"https://m.media-amazon.com/images/I/51LNQzvSNpL._SL75_.jpg","Width":75}}},"ItemInfo":{"ByLineInfo":{"Brand":{"DisplayValue":"ZHHGOO","Label":"Brand","Locale":"es_ES"},"Manufacturer":{"DisplayValue":"ZHHGOO","Label":"Manufacturer","Locale":"es_ES"}},"Title":{"DisplayValue":"ZHHGOO Hilo para Tejer a Crochet,24 Colores,Ovillos de Lana Acrílica con 2 Ganchos de Ganchillo y Bolsa Organizadora,Lana para Tejer para DIY y Tejido a Mano","Label":"Title","Locale":"es_ES"}},"Offers":{"Summaries":[{"Condition":{"Value":"New"},"LowestPrice":{"Amount":15.99,"Currency":"EUR","DisplayAmount":"15,99 €"}}]}},{"ASIN":"B09SPWG4ZR","DetailPageURL":"https://www.amazon.es/dp/B09SPWG4ZR?tag=topinalambricos-21&linkCode=osi&th=1&psc=1","Images":{"Primary":{"Small":{"Height":75,"URL":"https://m.media-amazon.com/images/I/51QuOmbvIwL._SL75_.jpg","Width":61}}},"ItemInfo":{"ByLineInfo":{"Brand":{"DisplayValue":"Wollbiene","Label":"Brand","Locale":"es_ES"},"Manufacturer":{"DisplayValue":"Wollbiene","Label":"Manufacturer","Locale":"es_ES"}},"Title":{"DisplayValue":"5 ovillos de lana de abeja batik de 100 g, 500 g, con degradado, multicolor, lana de ganchillo (5040 arcoíris)","Label":"Title","Locale":"es_ES"}},"Offers":{"Summaries":[{"Condition":{"Value":"New"},"LowestPrice":{"Amount":22.36,"Currency":"EUR","DisplayAmount":"22,36 € (44,72 € / kg)","PricePerUnit":44.72}}]}},{"ASIN":"B0BML4JYYH","DetailPageURL":"https://www.amazon.es/dp/B0BML4JYYH?tag=topinalambricos-21&linkCode=osi&th=1&psc=1","Images":{"Primary":{"Small":{"Height":70,"URL":"https://m.media-amazon.com/images/I/51HAZmAo5bL._SL75_.jpg","Width":75}}},"ItemInfo":{"ByLineInfo":{"Brand":{"DisplayValue":"ilauke","Label":"Brand","Locale":"es_ES"},"Manufacturer":{"DisplayValue":"ilauke","Label":"Manufacturer","Locale":"es_ES"}},"Title":{"DisplayValue":"Kit de Ganchillos Multicolor,12 Multicolor 25g Ovillos Lanas Super Suave Algodón Leche Hilos Lana con 2 Piezas de Ganchillo,100% Acrílico para Ganchillo y Manualidades para Principiantes y Niños","Label":"Title","Locale":"es_ES"}},"Offers":{"Summaries":[{"Condition":{"Value":"New"},"LowestPrice":{"Amount":15.99,"Currency":"EUR","DisplayAmount":"15,99 €"}}]}},{"ASIN":"B085J6TZT3","DetailPageURL":"https://www.amazon.es/dp/B085J6TZT3?tag=topinalambricos-21&linkCode=osi&th=1&psc=1","Images":{"Primary":{"Small":{"Height":75,"URL":"https://m.media-amazon.com/images/I/51vVJ0moHAL._SL75_.jpg","Width":75}}},"ItemInfo":{"ByLineInfo":{"Brand":{"DisplayValue":"Ursus","Label":"Brand","Locale":"es_ES"},"Manufacturer":{"DisplayValue":"Buntpapierfabrik Ludwig Bähr GmbH & Co. KG","Label":"Manufacturer","Locale":"es_ES"}},"Title":{"DisplayValue":"Ursus ovillos g / 29 m, 100% algodón, 10 Colores, para Tejer y Hacer Ganchillo y pequeños proyectos de Manualidades, Pastel, Talla única, 290","Label":"Title","Locale":"es_ES"}},"Offers":{"Summaries":[{"Condition":{"Value":"New"},"LowestPrice":{"Amount":9.99,"Currency":"EUR","DisplayAmount":"9,99 € (0,03 € / metro)","PricePerUnit":0.03}}]}},{"ASIN":"B0CX5C4MTC","DetailPageURL":"https://www.amazon.es/dp/B0CX5C4MTC?tag=topinalambricos-21&linkCode=osi&th=1&psc=1","Images":{"Primary":{"Small":{"Height":75,"URL":"https://m.media-amazon.com/images/I/51xIEU-E3nL._SL75_.jpg","Width":75}}},"ItemInfo":{"ByLineInfo":{"Brand":{"DisplayValue":"SusggO","Label":"Brand","Locale":"es_ES"}},"Title":{"DisplayValue":"SusggO Pack 24 Ovillos Lanas para Crochet Ganchillo Lanas para Tejer Punto a mano DIY Madejas 60% Algodon 40% Acrilico Hilo para Tejer Ovillo Lana 25gr ±50m Colores surtidos","Label":"Title","Locale":"es_ES"}},"Offers":{"Summaries":[{"Condition":{"Value":"New"},"LowestPrice":{"Amount":21.9,"Currency":"EUR","DisplayAmount":"21,90 €"}}]}}],"SearchURL":"https://www.amazon.es/s?k=ganchillo+lana&rh=n%3A4358113031%2Cp_n_availability%3A-1&tag=topinalambricos-21&linkCode=osi","TotalResultCount":1000}},"8":{"SearchResult":{"Items":[{"ASIN":"B0C9TV88MK","DetailPageURL":"https://www.amazon.es/dp/B0C9TV88MK?tag=topinalambricos-21&linkCode=osi&th=1&psc=1","Images":{"Primary":{"Small":{"Height":75,"URL":"https://m.media-amazon.com/images/I/612YK7y3LYL._SL75_.jpg","Width":75}}},"ItemInfo":{"ByLineInfo":{"Brand":{"DisplayValue":"LPAOIS","Label":"Brand","Locale":"es_ES"}},"Title":{"DisplayValue":"LPAOIS Hilo para Tejer a Crochet, 24 colores, con 2 Ganchos de Ganchillo, Ovillos Acrílicos de Lana para DIY y Tejido a Mano","Label":"Title","Locale":"es_ES"}},"Offers":{"Summaries":[{"Condition":{"Value":"New"},"LowestPrice":{"Amount":17.99,"Currency":"EUR","DisplayAmount":"17,99 €"}}]}},{"ASIN":"B0CL6FP8H3","DetailPageURL":"https://www.amazon.es/dp/B0CL6FP8H3?tag=topinalambricos-21&linkCode=osi&th=1&psc=1","Images":{"Primary":{"Small":{"Height":75,"URL":"https://m.media-amazon.com/images/I/51i1j79Jx3L._SL75_.jpg","Width":75}}},"ItemInfo":{"ByLineInfo":{"Brand":{"DisplayValue":"TYXHXTF","Label":"Brand","Locale":"es_ES"},"Manufacturer":{"DisplayValue":"TYXHXTF","Label":"Manufacturer","Locale":"es_ES"}},"Title":{"DisplayValue":"TYXHXTF 24 PCS Lanas para Crochet, Ovillos de Lana de Hilo Acrílico, Hilo para Tejer a Crochet, Hilo de Tejer Acrílico, Lana para Tejer para Tejer DIY y Tejido a Mano","Label":"Title","Locale":"es_ES"}},"Offers":{"Summaries":[{"Condition":{"Value":"New"},"LowestPrice":{"Amount":11.99,"Currency":"EUR","DisplayAmount":"11,99 €"}}]}},{"ASIN":"B087BQK8WV","DetailPageURL":"https://www.amazon.es/dp/B087BQK8WV?tag=topinalambricos-21&linkCode=osi&th=1&psc=1","Images":{"Primary":{"Small":{"Height":69,"URL":"https://m.media-amazon.com/images/I/51C0dGM3t8L._SL75_.jpg","Width":75}}},"ItemInfo":{"ByLineInfo":{"Brand":{"DisplayValue":"ilauke","Label":"Brand","Locale":"es_ES"},"Manufacturer":{"DisplayValue":"ilauke","Label":"Manufacturer","Locale":"es_ES"}},"Title":{"DisplayValue":"Hilo para Tejer a Crochet, ilauke 20 * 30g Ovillo de Lana con 2 Ganchos de Ganchillo, 2 Agujas, 8 Marcadores y Bolsos Verdes, Lana Acrílico Multicolor","Label":"Title","Locale":"es_ES"}},"Offers":{"Summaries":[{"Condition":{"Value":"New"},"LowestPrice":{"Amount":19.97,"Currency":"EUR","DisplayAmount":"19,97 € (33,28 € / kg)","PricePerUnit":33.28}}]}},{"ASIN":"B0B1V9Q7H2","DetailPageURL":"https://www.amazon.es/dp/B0B1V9Q7H2?tag=topinalambricos-21&linkCode=osi&th=1&psc=1","Images":{"Primary":{"Small":{"Height":75,"URL":"https://m.media-amazon.com/images/I/41G1Q8ZzCLL._SL75_.jpg","Width":75}}},"ItemInfo":{"ByLineInfo":{"Brand":{"DisplayValue":"Lidia Crochet Tricot","Label":"Brand","Locale":"es_ES"},"Manufacturer":{"DisplayValue":"Lidia Crochet Tricot","Label":"Manufacturer","Locale":"es_ES"}},"Title":{"DisplayValue":"Classic- hilo de lana, lana acrílico, hilo de tejer, hilo de ganchillo (100 gr/ovillo ; 16 colores) (empresa española/envío desde España) (09)","Label":"Title","Locale":"es_ES"}},"Offers":{"Summaries":[{"Condition":{"Value":"New"},"LowestPrice":{"Amount":5.8,"Currency":"EUR","DisplayAmount":"5,80 €"}}]}},{"ASIN":"B0CF57YCM6","DetailPageURL":"https://www.amazon.es/dp/B0CF57YCM6?tag=topinalambricos-21&linkCode=osi&th=1&psc=1","Images":{"Primary":{"Small":{"Height":75,"URL":"https://m.media-amazon.com/images/I/516VA1-qBhL._SL75_.jpg","Width":75}}},"ItemInfo":{"ByLineInfo":{"Brand":{"DisplayValue":"VORHOT","Label":"Brand","Locale":"es_ES"},"Manufacturer":{"DisplayValue":"VORHOT","Label":"Manufacturer","Locale":"es_ES"}},"Title":{"DisplayValue":"VORHOT Hilo para Tejer a Crochet, 300g Hilo Crochet, Lanas para Crochet Suave, Ovillos de Algodon para Crochet (Tamaño de la Aguja: 3,0-4,0 mm), Color Rosa","Label":"Title","Locale":"es_ES"}},"Offers":{"Summaries":[{"Condition":{"Value":"New"},"LowestPrice":{"Amount":7.98,"Currency":"EUR","DisplayAmount":"7,98 €"}}]}},{"ASIN":"B0CFDMCN6X","DetailPageURL":"https://www.amazon.es/dp/B0CFDMCN6X?tag=topinalambricos-21&linkCode=osi&th=1&psc=1","Images":{"Primary":{"Small":{"Height":75,"URL":"https://m.media-amazon.com/images/I/51LNQzvSNpL._SL75_.jpg","Width":75}}},"ItemInfo":{"ByLineInfo":{"Brand":{"DisplayValue":"ZHHGOO","Label":"Brand","Locale":"es_ES"},"Manufacturer":{"DisplayValue":"ZHHGOO","Label":"Manufacturer","Locale":"es_ES"}},"Title":{"DisplayValue":"ZHHGOO Hilo para Tejer a Crochet,24 Colores,Ovillos de Lana Acrílica con 2 Ganchos de Ganchillo y Bolsa Organizadora,Lana para Tejer para DIY y Tejido a Mano","Label":"Title","Locale":"es_ES"}},"Offers":{"Summaries":[{"Condition":{"Value":"New"},"LowestPrice":{"Amount":15.99,"Currency":"EUR","DisplayAmount":"15,99 €"}}]}},{"ASIN":"B09SPWG4ZR","DetailPageURL":"https://www.amazon.es/dp/B09SPWG4ZR?tag=topinalambricos-21&linkCode=osi&th=1&psc=1","Images":{"Primary":{"Small":{"Height":75,"URL":"https://m.media-amazon.com/images/I/51QuOmbvIwL._SL75_.jpg","Width":61}}},"ItemInfo":{"ByLineInfo":{"Brand":{"DisplayValue":"Wollbiene","Label":"Brand","Locale":"es_ES"},"Manufacturer":{"DisplayValue":"Wollbiene","Label":"Manufacturer","Locale":"es_ES"}},"Title":{"DisplayValue":"5 ovillos de lana de abeja batik de 100 g, 500 g, con degradado, multicolor, lana de ganchillo (5040 arcoíris)","Label":"Title","Locale":"es_ES"}},"Offers":{"Summaries":[{"Condition":{"Value":"New"},"LowestPrice":{"Amount":22.36,"Currency":"EUR","DisplayAmount":"22,36 € (44,72 € / kg)","PricePerUnit":44.72}}]}},{"ASIN":"B0BML4JYYH","DetailPageURL":"https://www.amazon.es/dp/B0BML4JYYH?tag=topinalambricos-21&linkCode=osi&th=1&psc=1","Images":{"Primary":{"Small":{"Height":70,"URL":"https://m.media-amazon.com/images/I/51HAZmAo5bL._SL75_.jpg","Width":75}}},"ItemInfo":{"ByLineInfo":{"Brand":{"DisplayValue":"ilauke","Label":"Brand","Locale":"es_ES"},"Manufacturer":{"DisplayValue":"ilauke","Label":"Manufacturer","Locale":"es_ES"}},"Title":{"DisplayValue":"Kit de Ganchillos Multicolor,12 Multicolor 25g Ovillos Lanas Super Suave Algodón Leche Hilos Lana con 2 Piezas de Ganchillo,100% Acrílico para Ganchillo y Manualidades para Principiantes y Niños","Label":"Title","Locale":"es_ES"}},"Offers":{"Summaries":[{"Condition":{"Value":"New"},"LowestPrice":{"Amount":15.99,"Currency":"EUR","DisplayAmount":"15,99 €"}}]}},{"ASIN":"B085J6TZT3","DetailPageURL":"https://www.amazon.es/dp/B085J6TZT3?tag=topinalambricos-21&linkCode=osi&th=1&psc=1","Images":{"Primary":{"Small":{"Height":75,"URL":"https://m.media-amazon.com/images/I/51vVJ0moHAL._SL75_.jpg","Width":75}}},"ItemInfo":{"ByLineInfo":{"Brand":{"DisplayValue":"Ursus","Label":"Brand","Locale":"es_ES"},"Manufacturer":{"DisplayValue":"Buntpapierfabrik Ludwig Bähr GmbH & Co. KG","Label":"Manufacturer","Locale":"es_ES"}},"Title":{"DisplayValue":"Ursus ovillos g / 29 m, 100% algodón, 10 Colores, para Tejer y Hacer Ganchillo y pequeños proyectos de Manualidades, Pastel, Talla única, 290","Label":"Title","Locale":"es_ES"}},"Offers":{"Summaries":[{"Condition":{"Value":"New"},"LowestPrice":{"Amount":9.99,"Currency":"EUR","DisplayAmount":"9,99 € (0,03 € / metro)","PricePerUnit":0.03}}]}},{"ASIN":"B0CX5C4MTC","DetailPageURL":"https://www.amazon.es/dp/B0CX5C4MTC?tag=topinalambricos-21&linkCode=osi&th=1&psc=1","Images":{"Primary":{"Small":{"Height":75,"URL":"https://m.media-amazon.com/images/I/51xIEU-E3nL._SL75_.jpg","Width":75}}},"ItemInfo":{"ByLineInfo":{"Brand":{"DisplayValue":"SusggO","Label":"Brand","Locale":"es_ES"}},"Title":{"DisplayValue":"SusggO Pack 24 Ovillos Lanas para Crochet Ganchillo Lanas para Tejer Punto a mano DIY Madejas 60% Algodon 40% Acrilico Hilo para Tejer Ovillo Lana 25gr ±50m Colores surtidos","Label":"Title","Locale":"es_ES"}},"Offers":{"Summaries":[{"Condition":{"Value":"New"},"LowestPrice":{"Amount":21.9,"Currency":"EUR","DisplayAmount":"21,90 €"}}]}}],"SearchURL":"https://www.amazon.es/s?k=ganchillo+lana&rh=n%3A4358113031%2Cp_n_availability%3A-1&tag=topinalambricos-21&linkCode=osi","TotalResultCount":1000}},"9":{"SearchResult":{"Items":[{"ASIN":"B0C9TV88MK","DetailPageURL":"https://www.amazon.es/dp/B0C9TV88MK?tag=topinalambricos-21&linkCode=osi&th=1&psc=1","Images":{"Primary":{"Small":{"Height":75,"URL":"https://m.media-amazon.com/images/I/612YK7y3LYL._SL75_.jpg","Width":75}}},"ItemInfo":{"ByLineInfo":{"Brand":{"DisplayValue":"LPAOIS","Label":"Brand","Locale":"es_ES"}},"Title":{"DisplayValue":"LPAOIS Hilo para Tejer a Crochet, 24 colores, con 2 Ganchos de Ganchillo, Ovillos Acrílicos de Lana para DIY y Tejido a Mano","Label":"Title","Locale":"es_ES"}},"Offers":{"Summaries":[{"Condition":{"Value":"New"},"LowestPrice":{"Amount":17.99,"Currency":"EUR","DisplayAmount":"17,99 €"}}]}},{"ASIN":"B0CL6FP8H3","DetailPageURL":"https://www.amazon.es/dp/B0CL6FP8H3?tag=topinalambricos-21&linkCode=osi&th=1&psc=1","Images":{"Primary":{"Small":{"Height":75,"URL":"https://m.media-amazon.com/images/I/51i1j79Jx3L._SL75_.jpg","Width":75}}},"ItemInfo":{"ByLineInfo":{"Brand":{"DisplayValue":"TYXHXTF","Label":"Brand","Locale":"es_ES"},"Manufacturer":{"DisplayValue":"TYXHXTF","Label":"Manufacturer","Locale":"es_ES"}},"Title":{"DisplayValue":"TYXHXTF 24 PCS Lanas para Crochet, Ovillos de Lana de Hilo Acrílico, Hilo para Tejer a Crochet, Hilo de Tejer Acrílico, Lana para Tejer para Tejer DIY y Tejido a Mano","Label":"Title","Locale":"es_ES"}},"Offers":{"Summaries":[{"Condition":{"Value":"New"},"LowestPrice":{"Amount":11.99,"Currency":"EUR","DisplayAmount":"11,99 €"}}]}},{"ASIN":"B087BQK8WV","DetailPageURL":"https://www.amazon.es/dp/B087BQK8WV?tag=topinalambricos-21&linkCode=osi&th=1&psc=1","Images":{"Primary":{"Small":{"Height":69,"URL":"https://m.media-amazon.com/images/I/51C0dGM3t8L._SL75_.jpg","Width":75}}},"ItemInfo":{"ByLineInfo":{"Brand":{"DisplayValue":"ilauke","Label":"Brand","Locale":"es_ES"},"Manufacturer":{"DisplayValue":"ilauke","Label":"Manufacturer","Locale":"es_ES"}},"Title":{"DisplayValue":"Hilo para Tejer a Crochet, ilauke 20 * 30g Ovillo de Lana con 2 Ganchos de Ganchillo, 2 Agujas, 8 Marcadores y Bolsos Verdes, Lana Acrílico Multicolor","Label":"Title","Locale":"es_ES"}},"Offers":{"Summaries":[{"Condition":{"Value":"New"},"LowestPrice":{"Amount":19.97,"Currency":"EUR","DisplayAmount":"19,97 € (33,28 € / kg)","PricePerUnit":33.28}}]}},{"ASIN":"B0B1V9Q7H2","DetailPageURL":"https://www.amazon.es/dp/B0B1V9Q7H2?tag=topinalambricos-21&linkCode=osi&th=1&psc=1","Images":{"Primary":{"Small":{"Height":75,"URL":"https://m.media-amazon.com/images/I/41G1Q8ZzCLL._SL75_.jpg","Width":75}}},"ItemInfo":{"ByLineInfo":{"Brand":{"DisplayValue":"Lidia Crochet Tricot","Label":"Brand","Locale":"es_ES"},"Manufacturer":{"DisplayValue":"Lidia Crochet Tricot","Label":"Manufacturer","Locale":"es_ES"}},"Title":{"DisplayValue":"Classic- hilo de lana, lana acrílico, hilo de tejer, hilo de ganchillo (100 gr/ovillo ; 16 colores) (empresa española/envío desde España) (09)","Label":"Title","Locale":"es_ES"}},"Offers":{"Summaries":[{"Condition":{"Value":"New"},"LowestPrice":{"Amount":5.8,"Currency":"EUR","DisplayAmount":"5,80 €"}}]}},{"ASIN":"B0CF57YCM6","DetailPageURL":"https://www.amazon.es/dp/B0CF57YCM6?tag=topinalambricos-21&linkCode=osi&th=1&psc=1","Images":{"Primary":{"Small":{"Height":75,"URL":"https://m.media-amazon.com/images/I/516VA1-qBhL._SL75_.jpg","Width":75}}},"ItemInfo":{"ByLineInfo":{"Brand":{"DisplayValue":"VORHOT","Label":"Brand","Locale":"es_ES"},"Manufacturer":{"DisplayValue":"VORHOT","Label":"Manufacturer","Locale":"es_ES"}},"Title":{"DisplayValue":"VORHOT Hilo para Tejer a Crochet, 300g Hilo Crochet, Lanas para Crochet Suave, Ovillos de Algodon para Crochet (Tamaño de la Aguja: 3,0-4,0 mm), Color Rosa","Label":"Title","Locale":"es_ES"}},"Offers":{"Summaries":[{"Condition":{"Value":"New"},"LowestPrice":{"Amount":7.98,"Currency":"EUR","DisplayAmount":"7,98 €"}}]}},{"ASIN":"B0CFDMCN6X","DetailPageURL":"https://www.amazon.es/dp/B0CFDMCN6X?tag=topinalambricos-21&linkCode=osi&th=1&psc=1","Images":{"Primary":{"Small":{"Height":75,"URL":"https://m.media-amazon.com/images/I/51LNQzvSNpL._SL75_.jpg","Width":75}}},"ItemInfo":{"ByLineInfo":{"Brand":{"DisplayValue":"ZHHGOO","Label":"Brand","Locale":"es_ES"},"Manufacturer":{"DisplayValue":"ZHHGOO","Label":"Manufacturer","Locale":"es_ES"}},"Title":{"DisplayValue":"ZHHGOO Hilo para Tejer a Crochet,24 Colores,Ovillos de Lana Acrílica con 2 Ganchos de Ganchillo y Bolsa Organizadora,Lana para Tejer para DIY y Tejido a Mano","Label":"Title","Locale":"es_ES"}},"Offers":{"Summaries":[{"Condition":{"Value":"New"},"LowestPrice":{"Amount":15.99,"Currency":"EUR","DisplayAmount":"15,99 €"}}]}},{"ASIN":"B09SPWG4ZR","DetailPageURL":"https://www.amazon.es/dp/B09SPWG4ZR?tag=topinalambricos-21&linkCode=osi&th=1&psc=1","Images":{"Primary":{"Small":{"Height":75,"URL":"https://m.media-amazon.com/images/I/51QuOmbvIwL._SL75_.jpg","Width":61}}},"ItemInfo":{"ByLineInfo":{"Brand":{"DisplayValue":"Wollbiene","Label":"Brand","Locale":"es_ES"},"Manufacturer":{"DisplayValue":"Wollbiene","Label":"Manufacturer","Locale":"es_ES"}},"Title":{"DisplayValue":"5 ovillos de lana de abeja batik de 100 g, 500 g, con degradado, multicolor, lana de ganchillo (5040 arcoíris)","Label":"Title","Locale":"es_ES"}},"Offers":{"Summaries":[{"Condition":{"Value":"New"},"LowestPrice":{"Amount":22.36,"Currency":"EUR","DisplayAmount":"22,36 € (44,72 € / kg)","PricePerUnit":44.72}}]}},{"ASIN":"B0BML4JYYH","DetailPageURL":"https://www.amazon.es/dp/B0BML4JYYH?tag=topinalambricos-21&linkCode=osi&th=1&psc=1","Images":{"Primary":{"Small":{"Height":70,"URL":"https://m.media-amazon.com/images/I/51HAZmAo5bL._SL75_.jpg","Width":75}}},"ItemInfo":{"ByLineInfo":{"Brand":{"DisplayValue":"ilauke","Label":"Brand","Locale":"es_ES"},"Manufacturer":{"DisplayValue":"ilauke","Label":"Manufacturer","Locale":"es_ES"}},"Title":{"DisplayValue":"Kit de Ganchillos Multicolor,12 Multicolor 25g Ovillos Lanas Super Suave Algodón Leche Hilos Lana con 2 Piezas de Ganchillo,100% Acrílico para Ganchillo y Manualidades para Principiantes y Niños","Label":"Title","Locale":"es_ES"}},"Offers":{"Summaries":[{"Condition":{"Value":"New"},"LowestPrice":{"Amount":15.99,"Currency":"EUR","DisplayAmount":"15,99 €"}}]}},{"ASIN":"B085J6TZT3","DetailPageURL":"https://www.amazon.es/dp/B085J6TZT3?tag=topinalambricos-21&linkCode=osi&th=1&psc=1","Images":{"Primary":{"Small":{"Height":75,"URL":"https://m.media-amazon.com/images/I/51vVJ0moHAL._SL75_.jpg","Width":75}}},"ItemInfo":{"ByLineInfo":{"Brand":{"DisplayValue":"Ursus","Label":"Brand","Locale":"es_ES"},"Manufacturer":{"DisplayValue":"Buntpapierfabrik Ludwig Bähr GmbH & Co. KG","Label":"Manufacturer","Locale":"es_ES"}},"Title":{"DisplayValue":"Ursus ovillos g / 29 m, 100% algodón, 10 Colores, para Tejer y Hacer Ganchillo y pequeños proyectos de Manualidades, Pastel, Talla única, 290","Label":"Title","Locale":"es_ES"}},"Offers":{"Summaries":[{"Condition":{"Value":"New"},"LowestPrice":{"Amount":9.99,"Currency":"EUR","DisplayAmount":"9,99 € (0,03 € / metro)","PricePerUnit":0.03}}]}},{"ASIN":"B0CX5C4MTC","DetailPageURL":"https://www.amazon.es/dp/B0CX5C4MTC?tag=topinalambricos-21&linkCode=osi&th=1&psc=1","Images":{"Primary":{"Small":{"Height":75,"URL":"https://m.media-amazon.com/images/I/51xIEU-E3nL._SL75_.jpg","Width":75}}},"ItemInfo":{"ByLineInfo":{"Brand":{"DisplayValue":"SusggO","Label":"Brand","Locale":"es_ES"}},"Title":{"DisplayValue":"SusggO Pack 24 Ovillos Lanas para Crochet Ganchillo Lanas para Tejer Punto a mano DIY Madejas 60% Algodon 40% Acrilico Hilo para Tejer Ovillo Lana 25gr ±50m Colores surtidos","Label":"Title","Locale":"es_ES"}},"Offers":{"Summaries":[{"Condition":{"Value":"New"},"LowestPrice":{"Amount":21.9,"Currency":"EUR","DisplayAmount":"21,90 €"}}]}}],"SearchURL":"https://www.amazon.es/s?k=ganchillo+lana&rh=n%3A4358113031%2Cp_n_availability%3A-1&tag=topinalambricos-21&linkCode=osi","TotalResultCount":1000}},"10":{"SearchResult":{"Items":[{"ASIN":"B0C9TV88MK","DetailPageURL":"https://www.amazon.es/dp/B0C9TV88MK?tag=topinalambricos-21&linkCode=osi&th=1&psc=1","Images":{"Primary":{"Small":{"Height":75,"URL":"https://m.media-amazon.com/images/I/612YK7y3LYL._SL75_.jpg","Width":75}}},"ItemInfo":{"ByLineInfo":{"Brand":{"DisplayValue":"LPAOIS","Label":"Brand","Locale":"es_ES"}},"Title":{"DisplayValue":"LPAOIS Hilo para Tejer a Crochet, 24 colores, con 2 Ganchos de Ganchillo, Ovillos Acrílicos de Lana para DIY y Tejido a Mano","Label":"Title","Locale":"es_ES"}},"Offers":{"Summaries":[{"Condition":{"Value":"New"},"LowestPrice":{"Amount":17.99,"Currency":"EUR","DisplayAmount":"17,99 €"}}]}},{"ASIN":"B0CL6FP8H3","DetailPageURL":"https://www.amazon.es/dp/B0CL6FP8H3?tag=topinalambricos-21&linkCode=osi&th=1&psc=1","Images":{"Primary":{"Small":{"Height":75,"URL":"https://m.media-amazon.com/images/I/51i1j79Jx3L._SL75_.jpg","Width":75}}},"ItemInfo":{"ByLineInfo":{"Brand":{"DisplayValue":"TYXHXTF","Label":"Brand","Locale":"es_ES"},"Manufacturer":{"DisplayValue":"TYXHXTF","Label":"Manufacturer","Locale":"es_ES"}},"Title":{"DisplayValue":"TYXHXTF 24 PCS Lanas para Crochet, Ovillos de Lana de Hilo Acrílico, Hilo para Tejer a Crochet, Hilo de Tejer Acrílico, Lana para Tejer para Tejer DIY y Tejido a Mano","Label":"Title","Locale":"es_ES"}},"Offers":{"Summaries":[{"Condition":{"Value":"New"},"LowestPrice":{"Amount":11.99,"Currency":"EUR","DisplayAmount":"11,99 €"}}]}},{"ASIN":"B087BQK8WV","DetailPageURL":"https://www.amazon.es/dp/B087BQK8WV?tag=topinalambricos-21&linkCode=osi&th=1&psc=1","Images":{"Primary":{"Small":{"Height":69,"URL":"https://m.media-amazon.com/images/I/51C0dGM3t8L._SL75_.jpg","Width":75}}},"ItemInfo":{"ByLineInfo":{"Brand":{"DisplayValue":"ilauke","Label":"Brand","Locale":"es_ES"},"Manufacturer":{"DisplayValue":"ilauke","Label":"Manufacturer","Locale":"es_ES"}},"Title":{"DisplayValue":"Hilo para Tejer a Crochet, ilauke 20 * 30g Ovillo de Lana con 2 Ganchos de Ganchillo, 2 Agujas, 8 Marcadores y Bolsos Verdes, Lana Acrílico Multicolor","Label":"Title","Locale":"es_ES"}},"Offers":{"Summaries":[{"Condition":{"Value":"New"},"LowestPrice":{"Amount":19.97,"Currency":"EUR","DisplayAmount":"19,97 € (33,28 € / kg)","PricePerUnit":33.28}}]}},{"ASIN":"B0B1V9Q7H2","DetailPageURL":"https://www.amazon.es/dp/B0B1V9Q7H2?tag=topinalambricos-21&linkCode=osi&th=1&psc=1","Images":{"Primary":{"Small":{"Height":75,"URL":"https://m.media-amazon.com/images/I/41G1Q8ZzCLL._SL75_.jpg","Width":75}}},"ItemInfo":{"ByLineInfo":{"Brand":{"DisplayValue":"Lidia Crochet Tricot","Label":"Brand","Locale":"es_ES"},"Manufacturer":{"DisplayValue":"Lidia Crochet Tricot","Label":"Manufacturer","Locale":"es_ES"}},"Title":{"DisplayValue":"Classic- hilo de lana, lana acrílico, hilo de tejer, hilo de ganchillo (100 gr/ovillo ; 16 colores) (empresa española/envío desde España) (09)","Label":"Title","Locale":"es_ES"}},"Offers":{"Summaries":[{"Condition":{"Value":"New"},"LowestPrice":{"Amount":5.8,"Currency":"EUR","DisplayAmount":"5,80 €"}}]}},{"ASIN":"B0CF57YCM6","DetailPageURL":"https://www.amazon.es/dp/B0CF57YCM6?tag=topinalambricos-21&linkCode=osi&th=1&psc=1","Images":{"Primary":{"Small":{"Height":75,"URL":"https://m.media-amazon.com/images/I/516VA1-qBhL._SL75_.jpg","Width":75}}},"ItemInfo":{"ByLineInfo":{"Brand":{"DisplayValue":"VORHOT","Label":"Brand","Locale":"es_ES"},"Manufacturer":{"DisplayValue":"VORHOT","Label":"Manufacturer","Locale":"es_ES"}},"Title":{"DisplayValue":"VORHOT Hilo para Tejer a Crochet, 300g Hilo Crochet, Lanas para Crochet Suave, Ovillos de Algodon para Crochet (Tamaño de la Aguja: 3,0-4,0 mm), Color Rosa","Label":"Title","Locale":"es_ES"}},"Offers":{"Summaries":[{"Condition":{"Value":"New"},"LowestPrice":{"Amount":7.98,"Currency":"EUR","DisplayAmount":"7,98 €"}}]}},{"ASIN":"B0CFDMCN6X","DetailPageURL":"https://www.amazon.es/dp/B0CFDMCN6X?tag=topinalambricos-21&linkCode=osi&th=1&psc=1","Images":{"Primary":{"Small":{"Height":75,"URL":"https://m.media-amazon.com/images/I/51LNQzvSNpL._SL75_.jpg","Width":75}}},"ItemInfo":{"ByLineInfo":{"Brand":{"DisplayValue":"ZHHGOO","Label":"Brand","Locale":"es_ES"},"Manufacturer":{"DisplayValue":"ZHHGOO","Label":"Manufacturer","Locale":"es_ES"}},"Title":{"DisplayValue":"ZHHGOO Hilo para Tejer a Crochet,24 Colores,Ovillos de Lana Acrílica con 2 Ganchos de Ganchillo y Bolsa Organizadora,Lana para Tejer para DIY y Tejido a Mano","Label":"Title","Locale":"es_ES"}},"Offers":{"Summaries":[{"Condition":{"Value":"New"},"LowestPrice":{"Amount":15.99,"Currency":"EUR","DisplayAmount":"15,99 €"}}]}},{"ASIN":"B09SPWG4ZR","DetailPageURL":"https://www.amazon.es/dp/B09SPWG4ZR?tag=topinalambricos-21&linkCode=osi&th=1&psc=1","Images":{"Primary":{"Small":{"Height":75,"URL":"https://m.media-amazon.com/images/I/51QuOmbvIwL._SL75_.jpg","Width":61}}},"ItemInfo":{"ByLineInfo":{"Brand":{"DisplayValue":"Wollbiene","Label":"Brand","Locale":"es_ES"},"Manufacturer":{"DisplayValue":"Wollbiene","Label":"Manufacturer","Locale":"es_ES"}},"Title":{"DisplayValue":"5 ovillos de lana de abeja batik de 100 g, 500 g, con degradado, multicolor, lana de ganchillo (5040 arcoíris)","Label":"Title","Locale":"es_ES"}},"Offers":{"Summaries":[{"Condition":{"Value":"New"},"LowestPrice":{"Amount":22.36,"Currency":"EUR","DisplayAmount":"22,36 € (44,72 € / kg)","PricePerUnit":44.72}}]}},{"ASIN":"B0BML4JYYH","DetailPageURL":"https://www.amazon.es/dp/B0BML4JYYH?tag=topinalambricos-21&linkCode=osi&th=1&psc=1","Images":{"Primary":{"Small":{"Height":70,"URL":"https://m.media-amazon.com/images/I/51HAZmAo5bL._SL75_.jpg","Width":75}}},"ItemInfo":{"ByLineInfo":{"Brand":{"DisplayValue":"ilauke","Label":"Brand","Locale":"es_ES"},"Manufacturer":{"DisplayValue":"ilauke","Label":"Manufacturer","Locale":"es_ES"}},"Title":{"DisplayValue":"Kit de Ganchillos Multicolor,12 Multicolor 25g Ovillos Lanas Super Suave Algodón Leche Hilos Lana con 2 Piezas de Ganchillo,100% Acrílico para Ganchillo y Manualidades para Principiantes y Niños","Label":"Title","Locale":"es_ES"}},"Offers":{"Summaries":[{"Condition":{"Value":"New"},"LowestPrice":{"Amount":15.99,"Currency":"EUR","DisplayAmount":"15,99 €"}}]}},{"ASIN":"B085J6TZT3","DetailPageURL":"https://www.amazon.es/dp/B085J6TZT3?tag=topinalambricos-21&linkCode=osi&th=1&psc=1","Images":{"Primary":{"Small":{"Height":75,"URL":"https://m.media-amazon.com/images/I/51vVJ0moHAL._SL75_.jpg","Width":75}}},"ItemInfo":{"ByLineInfo":{"Brand":{"DisplayValue":"Ursus","Label":"Brand","Locale":"es_ES"},"Manufacturer":{"DisplayValue":"Buntpapierfabrik Ludwig Bähr GmbH & Co. KG","Label":"Manufacturer","Locale":"es_ES"}},"Title":{"DisplayValue":"Ursus ovillos g / 29 m, 100% algodón, 10 Colores, para Tejer y Hacer Ganchillo y pequeños proyectos de Manualidades, Pastel, Talla única, 290","Label":"Title","Locale":"es_ES"}},"Offers":{"Summaries":[{"Condition":{"Value":"New"},"LowestPrice":{"Amount":9.99,"Currency":"EUR","DisplayAmount":"9,99 € (0,03 € / metro)","PricePerUnit":0.03}}]}},{"ASIN":"B0CX5C4MTC","DetailPageURL":"https://www.amazon.es/dp/B0CX5C4MTC?tag=topinalambricos-21&linkCode=osi&th=1&psc=1","Images":{"Primary":{"Small":{"Height":75,"URL":"https://m.media-amazon.com/images/I/51xIEU-E3nL._SL75_.jpg","Width":75}}},"ItemInfo":{"ByLineInfo":{"Brand":{"DisplayValue":"SusggO","Label":"Brand","Locale":"es_ES"}},"Title":{"DisplayValue":"SusggO Pack 24 Ovillos Lanas para Crochet Ganchillo Lanas para Tejer Punto a mano DIY Madejas 60% Algodon 40% Acrilico Hilo para Tejer Ovillo Lana 25gr ±50m Colores surtidos","Label":"Title","Locale":"es_ES"}},"Offers":{"Summaries":[{"Condition":{"Value":"New"},"LowestPrice":{"Amount":21.9,"Currency":"EUR","DisplayAmount":"21,90 €"}}]}}],"SearchURL":"https://www.amazon.es/s?k=ganchillo+lana&rh=n%3A4358113031%2Cp_n_availability%3A-1&tag=topinalambricos-21&linkCode=osi","TotalResultCount":1000}},"11":{"SearchResult":{"Items":[{"ASIN":"B0C9TV88MK","DetailPageURL":"https://www.amazon.es/dp/B0C9TV88MK?tag=topinalambricos-21&linkCode=osi&th=1&psc=1","Images":{"Primary":{"Small":{"Height":75,"URL":"https://m.media-amazon.com/images/I/612YK7y3LYL._SL75_.jpg","Width":75}}},"ItemInfo":{"ByLineInfo":{"Brand":{"DisplayValue":"LPAOIS","Label":"Brand","Locale":"es_ES"}},"Title":{"DisplayValue":"LPAOIS Hilo para Tejer a Crochet, 24 colores, con 2 Ganchos de Ganchillo, Ovillos Acrílicos de Lana para DIY y Tejido a Mano","Label":"Title","Locale":"es_ES"}},"Offers":{"Summaries":[{"Condition":{"Value":"New"},"LowestPrice":{"Amount":17.99,"Currency":"EUR","DisplayAmount":"17,99 €"}}]}},{"ASIN":"B0CL6FP8H3","DetailPageURL":"https://www.amazon.es/dp/B0CL6FP8H3?tag=topinalambricos-21&linkCode=osi&th=1&psc=1","Images":{"Primary":{"Small":{"Height":75,"URL":"https://m.media-amazon.com/images/I/51i1j79Jx3L._SL75_.jpg","Width":75}}},"ItemInfo":{"ByLineInfo":{"Brand":{"DisplayValue":"TYXHXTF","Label":"Brand","Locale":"es_ES"},"Manufacturer":{"DisplayValue":"TYXHXTF","Label":"Manufacturer","Locale":"es_ES"}},"Title":{"DisplayValue":"TYXHXTF 24 PCS Lanas para Crochet, Ovillos de Lana de Hilo Acrílico, Hilo para Tejer a Crochet, Hilo de Tejer Acrílico, Lana para Tejer para Tejer DIY y Tejido a Mano","Label":"Title","Locale":"es_ES"}},"Offers":{"Summaries":[{"Condition":{"Value":"New"},"LowestPrice":{"Amount":11.99,"Currency":"EUR","DisplayAmount":"11,99 €"}}]}},{"ASIN":"B087BQK8WV","DetailPageURL":"https://www.amazon.es/dp/B087BQK8WV?tag=topinalambricos-21&linkCode=osi&th=1&psc=1","Images":{"Primary":{"Small":{"Height":69,"URL":"https://m.media-amazon.com/images/I/51C0dGM3t8L._SL75_.jpg","Width":75}}},"ItemInfo":{"ByLineInfo":{"Brand":{"DisplayValue":"ilauke","Label":"Brand","Locale":"es_ES"},"Manufacturer":{"DisplayValue":"ilauke","Label":"Manufacturer","Locale":"es_ES"}},"Title":{"DisplayValue":"Hilo para Tejer a Crochet, ilauke 20 * 30g Ovillo de Lana con 2 Ganchos de Ganchillo, 2 Agujas, 8 Marcadores y Bolsos Verdes, Lana Acrílico Multicolor","Label":"Title","Locale":"es_ES"}},"Offers":{"Summaries":[{"Condition":{"Value":"New"},"LowestPrice":{"Amount":19.97,"Currency":"EUR","DisplayAmount":"19,97 € (33,28 € / kg)","PricePerUnit":33.28}}]}},{"ASIN":"B0B1V9Q7H2","DetailPageURL":"https://www.amazon.es/dp/B0B1V9Q7H2?tag=topinalambricos-21&linkCode=osi&th=1&psc=1","Images":{"Primary":{"Small":{"Height":75,"URL":"https://m.media-amazon.com/images/I/41G1Q8ZzCLL._SL75_.jpg","Width":75}}},"ItemInfo":{"ByLineInfo":{"Brand":{"DisplayValue":"Lidia Crochet Tricot","Label":"Brand","Locale":"es_ES"},"Manufacturer":{"DisplayValue":"Lidia Crochet Tricot","Label":"Manufacturer","Locale":"es_ES"}},"Title":{"DisplayValue":"Classic- hilo de lana, lana acrílico, hilo de tejer, hilo de ganchillo (100 gr/ovillo ; 16 colores) (empresa española/envío desde España) (09)","Label":"Title","Locale":"es_ES"}},"Offers":{"Summaries":[{"Condition":{"Value":"New"},"LowestPrice":{"Amount":5.8,"Currency":"EUR","DisplayAmount":"5,80 €"}}]}},{"ASIN":"B0CF57YCM6","DetailPageURL":"https://www.amazon.es/dp/B0CF57YCM6?tag=topinalambricos-21&linkCode=osi&th=1&psc=1","Images":{"Primary":{"Small":{"Height":75,"URL":"https://m.media-amazon.com/images/I/516VA1-qBhL._SL75_.jpg","Width":75}}},"ItemInfo":{"ByLineInfo":{"Brand":{"DisplayValue":"VORHOT","Label":"Brand","Locale":"es_ES"},"Manufacturer":{"DisplayValue":"VORHOT","Label":"Manufacturer","Locale":"es_ES"}},"Title":{"DisplayValue":"VORHOT Hilo para Tejer a Crochet, 300g Hilo Crochet, Lanas para Crochet Suave, Ovillos de Algodon para Crochet (Tamaño de la Aguja: 3,0-4,0 mm), Color Rosa","Label":"Title","Locale":"es_ES"}},"Offers":{"Summaries":[{"Condition":{"Value":"New"},"LowestPrice":{"Amount":7.98,"Currency":"EUR","DisplayAmount":"7,98 €"}}]}},{"ASIN":"B0CFDMCN6X","DetailPageURL":"https://www.amazon.es/dp/B0CFDMCN6X?tag=topinalambricos-21&linkCode=osi&th=1&psc=1","Images":{"Primary":{"Small":{"Height":75,"URL":"https://m.media-amazon.com/images/I/51LNQzvSNpL._SL75_.jpg","Width":75}}},"ItemInfo":{"ByLineInfo":{"Brand":{"DisplayValue":"ZHHGOO","Label":"Brand","Locale":"es_ES"},"Manufacturer":{"DisplayValue":"ZHHGOO","Label":"Manufacturer","Locale":"es_ES"}},"Title":{"DisplayValue":"ZHHGOO Hilo para Tejer a Crochet,24 Colores,Ovillos de Lana Acrílica con 2 Ganchos de Ganchillo y Bolsa Organizadora,Lana para Tejer para DIY y Tejido a Mano","Label":"Title","Locale":"es_ES"}},"Offers":{"Summaries":[{"Condition":{"Value":"New"},"LowestPrice":{"Amount":15.99,"Currency":"EUR","DisplayAmount":"15,99 €"}}]}},{"ASIN":"B09SPWG4ZR","DetailPageURL":"https://www.amazon.es/dp/B09SPWG4ZR?tag=topinalambricos-21&linkCode=osi&th=1&psc=1","Images":{"Primary":{"Small":{"Height":75,"URL":"https://m.media-amazon.com/images/I/51QuOmbvIwL._SL75_.jpg","Width":61}}},"ItemInfo":{"ByLineInfo":{"Brand":{"DisplayValue":"Wollbiene","Label":"Brand","Locale":"es_ES"},"Manufacturer":{"DisplayValue":"Wollbiene","Label":"Manufacturer","Locale":"es_ES"}},"Title":{"DisplayValue":"5 ovillos de lana de abeja batik de 100 g, 500 g, con degradado, multicolor, lana de ganchillo (5040 arcoíris)","Label":"Title","Locale":"es_ES"}},"Offers":{"Summaries":[{"Condition":{"Value":"New"},"LowestPrice":{"Amount":22.36,"Currency":"EUR","DisplayAmount":"22,36 € (44,72 € / kg)","PricePerUnit":44.72}}]}},{"ASIN":"B0BML4JYYH","DetailPageURL":"https://www.amazon.es/dp/B0BML4JYYH?tag=topinalambricos-21&linkCode=osi&th=1&psc=1","Images":{"Primary":{"Small":{"Height":70,"URL":"https://m.media-amazon.com/images/I/51HAZmAo5bL._SL75_.jpg","Width":75}}},"ItemInfo":{"ByLineInfo":{"Brand":{"DisplayValue":"ilauke","Label":"Brand","Locale":"es_ES"},"Manufacturer":{"DisplayValue":"ilauke","Label":"Manufacturer","Locale":"es_ES"}},"Title":{"DisplayValue":"Kit de Ganchillos Multicolor,12 Multicolor 25g Ovillos Lanas Super Suave Algodón Leche Hilos Lana con 2 Piezas de Ganchillo,100% Acrílico para Ganchillo y Manualidades para Principiantes y Niños","Label":"Title","Locale":"es_ES"}},"Offers":{"Summaries":[{"Condition":{"Value":"New"},"LowestPrice":{"Amount":15.99,"Currency":"EUR","DisplayAmount":"15,99 €"}}]}},{"ASIN":"B085J6TZT3","DetailPageURL":"https://www.amazon.es/dp/B085J6TZT3?tag=topinalambricos-21&linkCode=osi&th=1&psc=1","Images":{"Primary":{"Small":{"Height":75,"URL":"https://m.media-amazon.com/images/I/51vVJ0moHAL._SL75_.jpg","Width":75}}},"ItemInfo":{"ByLineInfo":{"Brand":{"DisplayValue":"Ursus","Label":"Brand","Locale":"es_ES"},"Manufacturer":{"DisplayValue":"Buntpapierfabrik Ludwig Bähr GmbH & Co. KG","Label":"Manufacturer","Locale":"es_ES"}},"Title":{"DisplayValue":"Ursus ovillos g / 29 m, 100% algodón, 10 Colores, para Tejer y Hacer Ganchillo y pequeños proyectos de Manualidades, Pastel, Talla única, 290","Label":"Title","Locale":"es_ES"}},"Offers":{"Summaries":[{"Condition":{"Value":"New"},"LowestPrice":{"Amount":9.99,"Currency":"EUR","DisplayAmount":"9,99 € (0,03 € / metro)","PricePerUnit":0.03}}]}},{"ASIN":"B0CX5C4MTC","DetailPageURL":"https://www.amazon.es/dp/B0CX5C4MTC?tag=topinalambricos-21&linkCode=osi&th=1&psc=1","Images":{"Primary":{"Small":{"Height":75,"URL":"https://m.media-amazon.com/images/I/51xIEU-E3nL._SL75_.jpg","Width":75}}},"ItemInfo":{"ByLineInfo":{"Brand":{"DisplayValue":"SusggO","Label":"Brand","Locale":"es_ES"}},"Title":{"DisplayValue":"SusggO Pack 24 Ovillos Lanas para Crochet Ganchillo Lanas para Tejer Punto a mano DIY Madejas 60% Algodon 40% Acrilico Hilo para Tejer Ovillo Lana 25gr ±50m Colores surtidos","Label":"Title","Locale":"es_ES"}},"Offers":{"Summaries":[{"Condition":{"Value":"New"},"LowestPrice":{"Amount":21.9,"Currency":"EUR","DisplayAmount":"21,90 €"}}]}}],"SearchURL":"https://www.amazon.es/s?k=ganchillo+lana&rh=n%3A4358113031%2Cp_n_availability%3A-1&tag=topinalambricos-21&linkCode=osi","TotalResultCount":1000}},"13":{"SearchResult":{"Items":[{"ASIN":"B0C9TV88MK","DetailPageURL":"https://www.amazon.es/dp/B0C9TV88MK?tag=topinalambricos-21&linkCode=osi&th=1&psc=1","Images":{"Primary":{"Small":{"Height":75,"URL":"https://m.media-amazon.com/images/I/612YK7y3LYL._SL75_.jpg","Width":75}}},"ItemInfo":{"ByLineInfo":{"Brand":{"DisplayValue":"LPAOIS","Label":"Brand","Locale":"es_ES"}},"Title":{"DisplayValue":"LPAOIS Hilo para Tejer a Crochet, 24 colores, con 2 Ganchos de Ganchillo, Ovillos Acrílicos de Lana para DIY y Tejido a Mano","Label":"Title","Locale":"es_ES"}},"Offers":{"Summaries":[{"Condition":{"Value":"New"},"LowestPrice":{"Amount":17.99,"Currency":"EUR","DisplayAmount":"17,99 €"}}]}},{"ASIN":"B0CL6FP8H3","DetailPageURL":"https://www.amazon.es/dp/B0CL6FP8H3?tag=topinalambricos-21&linkCode=osi&th=1&psc=1","Images":{"Primary":{"Small":{"Height":75,"URL":"https://m.media-amazon.com/images/I/51i1j79Jx3L._SL75_.jpg","Width":75}}},"ItemInfo":{"ByLineInfo":{"Brand":{"DisplayValue":"TYXHXTF","Label":"Brand","Locale":"es_ES"},"Manufacturer":{"DisplayValue":"TYXHXTF","Label":"Manufacturer","Locale":"es_ES"}},"Title":{"DisplayValue":"TYXHXTF 24 PCS Lanas para Crochet, Ovillos de Lana de Hilo Acrílico, Hilo para Tejer a Crochet, Hilo de Tejer Acrílico, Lana para Tejer para Tejer DIY y Tejido a Mano","Label":"Title","Locale":"es_ES"}},"Offers":{"Summaries":[{"Condition":{"Value":"New"},"LowestPrice":{"Amount":11.99,"Currency":"EUR","DisplayAmount":"11,99 €"}}]}},{"ASIN":"B087BQK8WV","DetailPageURL":"https://www.amazon.es/dp/B087BQK8WV?tag=topinalambricos-21&linkCode=osi&th=1&psc=1","Images":{"Primary":{"Small":{"Height":69,"URL":"https://m.media-amazon.com/images/I/51C0dGM3t8L._SL75_.jpg","Width":75}}},"ItemInfo":{"ByLineInfo":{"Brand":{"DisplayValue":"ilauke","Label":"Brand","Locale":"es_ES"},"Manufacturer":{"DisplayValue":"ilauke","Label":"Manufacturer","Locale":"es_ES"}},"Title":{"DisplayValue":"Hilo para Tejer a Crochet, ilauke 20 * 30g Ovillo de Lana con 2 Ganchos de Ganchillo, 2 Agujas, 8 Marcadores y Bolsos Verdes, Lana Acrílico Multicolor","Label":"Title","Locale":"es_ES"}},"Offers":{"Summaries":[{"Condition":{"Value":"New"},"LowestPrice":{"Amount":19.97,"Currency":"EUR","DisplayAmount":"19,97 € (33,28 € / kg)","PricePerUnit":33.28}}]}},{"ASIN":"B0B1V9Q7H2","DetailPageURL":"https://www.amazon.es/dp/B0B1V9Q7H2?tag=topinalambricos-21&linkCode=osi&th=1&psc=1","Images":{"Primary":{"Small":{"Height":75,"URL":"https://m.media-amazon.com/images/I/41G1Q8ZzCLL._SL75_.jpg","Width":75}}},"ItemInfo":{"ByLineInfo":{"Brand":{"DisplayValue":"Lidia Crochet Tricot","Label":"Brand","Locale":"es_ES"},"Manufacturer":{"DisplayValue":"Lidia Crochet Tricot","Label":"Manufacturer","Locale":"es_ES"}},"Title":{"DisplayValue":"Classic- hilo de lana, lana acrílico, hilo de tejer, hilo de ganchillo (100 gr/ovillo ; 16 colores) (empresa española/envío desde España) (09)","Label":"Title","Locale":"es_ES"}},"Offers":{"Summaries":[{"Condition":{"Value":"New"},"LowestPrice":{"Amount":5.8,"Currency":"EUR","DisplayAmount":"5,80 €"}}]}},{"ASIN":"B0CF57YCM6","DetailPageURL":"https://www.amazon.es/dp/B0CF57YCM6?tag=topinalambricos-21&linkCode=osi&th=1&psc=1","Images":{"Primary":{"Small":{"Height":75,"URL":"https://m.media-amazon.com/images/I/516VA1-qBhL._SL75_.jpg","Width":75}}},"ItemInfo":{"ByLineInfo":{"Brand":{"DisplayValue":"VORHOT","Label":"Brand","Locale":"es_ES"},"Manufacturer":{"DisplayValue":"VORHOT","Label":"Manufacturer","Locale":"es_ES"}},"Title":{"DisplayValue":"VORHOT Hilo para Tejer a Crochet, 300g Hilo Crochet, Lanas para Crochet Suave, Ovillos de Algodon para Crochet (Tamaño de la Aguja: 3,0-4,0 mm), Color Rosa","Label":"Title","Locale":"es_ES"}},"Offers":{"Summaries":[{"Condition":{"Value":"New"},"LowestPrice":{"Amount":7.98,"Currency":"EUR","DisplayAmount":"7,98 €"}}]}},{"ASIN":"B0CFDMCN6X","DetailPageURL":"https://www.amazon.es/dp/B0CFDMCN6X?tag=topinalambricos-21&linkCode=osi&th=1&psc=1","Images":{"Primary":{"Small":{"Height":75,"URL":"https://m.media-amazon.com/images/I/51LNQzvSNpL._SL75_.jpg","Width":75}}},"ItemInfo":{"ByLineInfo":{"Brand":{"DisplayValue":"ZHHGOO","Label":"Brand","Locale":"es_ES"},"Manufacturer":{"DisplayValue":"ZHHGOO","Label":"Manufacturer","Locale":"es_ES"}},"Title":{"DisplayValue":"ZHHGOO Hilo para Tejer a Crochet,24 Colores,Ovillos de Lana Acrílica con 2 Ganchos de Ganchillo y Bolsa Organizadora,Lana para Tejer para DIY y Tejido a Mano","Label":"Title","Locale":"es_ES"}},"Offers":{"Summaries":[{"Condition":{"Value":"New"},"LowestPrice":{"Amount":15.99,"Currency":"EUR","DisplayAmount":"15,99 €"}}]}},{"ASIN":"B09SPWG4ZR","DetailPageURL":"https://www.amazon.es/dp/B09SPWG4ZR?tag=topinalambricos-21&linkCode=osi&th=1&psc=1","Images":{"Primary":{"Small":{"Height":75,"URL":"https://m.media-amazon.com/images/I/51QuOmbvIwL._SL75_.jpg","Width":61}}},"ItemInfo":{"ByLineInfo":{"Brand":{"DisplayValue":"Wollbiene","Label":"Brand","Locale":"es_ES"},"Manufacturer":{"DisplayValue":"Wollbiene","Label":"Manufacturer","Locale":"es_ES"}},"Title":{"DisplayValue":"5 ovillos de lana de abeja batik de 100 g, 500 g, con degradado, multicolor, lana de ganchillo (5040 arcoíris)","Label":"Title","Locale":"es_ES"}},"Offers":{"Summaries":[{"Condition":{"Value":"New"},"LowestPrice":{"Amount":22.36,"Currency":"EUR","DisplayAmount":"22,36 € (44,72 € / kg)","PricePerUnit":44.72}}]}},{"ASIN":"B0BML4JYYH","DetailPageURL":"https://www.amazon.es/dp/B0BML4JYYH?tag=topinalambricos-21&linkCode=osi&th=1&psc=1","Images":{"Primary":{"Small":{"Height":70,"URL":"https://m.media-amazon.com/images/I/51HAZmAo5bL._SL75_.jpg","Width":75}}},"ItemInfo":{"ByLineInfo":{"Brand":{"DisplayValue":"ilauke","Label":"Brand","Locale":"es_ES"},"Manufacturer":{"DisplayValue":"ilauke","Label":"Manufacturer","Locale":"es_ES"}},"Title":{"DisplayValue":"Kit de Ganchillos Multicolor,12 Multicolor 25g Ovillos Lanas Super Suave Algodón Leche Hilos Lana con 2 Piezas de Ganchillo,100% Acrílico para Ganchillo y Manualidades para Principiantes y Niños","Label":"Title","Locale":"es_ES"}},"Offers":{"Summaries":[{"Condition":{"Value":"New"},"LowestPrice":{"Amount":15.99,"Currency":"EUR","DisplayAmount":"15,99 €"}}]}},{"ASIN":"B085J6TZT3","DetailPageURL":"https://www.amazon.es/dp/B085J6TZT3?tag=topinalambricos-21&linkCode=osi&th=1&psc=1","Images":{"Primary":{"Small":{"Height":75,"URL":"https://m.media-amazon.com/images/I/51vVJ0moHAL._SL75_.jpg","Width":75}}},"ItemInfo":{"ByLineInfo":{"Brand":{"DisplayValue":"Ursus","Label":"Brand","Locale":"es_ES"},"Manufacturer":{"DisplayValue":"Buntpapierfabrik Ludwig Bähr GmbH & Co. KG","Label":"Manufacturer","Locale":"es_ES"}},"Title":{"DisplayValue":"Ursus ovillos g / 29 m, 100% algodón, 10 Colores, para Tejer y Hacer Ganchillo y pequeños proyectos de Manualidades, Pastel, Talla única, 290","Label":"Title","Locale":"es_ES"}},"Offers":{"Summaries":[{"Condition":{"Value":"New"},"LowestPrice":{"Amount":9.99,"Currency":"EUR","DisplayAmount":"9,99 € (0,03 € / metro)","PricePerUnit":0.03}}]}},{"ASIN":"B0CX5C4MTC","DetailPageURL":"https://www.amazon.es/dp/B0CX5C4MTC?tag=topinalambricos-21&linkCode=osi&th=1&psc=1","Images":{"Primary":{"Small":{"Height":75,"URL":"https://m.media-amazon.com/images/I/51xIEU-E3nL._SL75_.jpg","Width":75}}},"ItemInfo":{"ByLineInfo":{"Brand":{"DisplayValue":"SusggO","Label":"Brand","Locale":"es_ES"}},"Title":{"DisplayValue":"SusggO Pack 24 Ovillos Lanas para Crochet Ganchillo Lanas para Tejer Punto a mano DIY Madejas 60% Algodon 40% Acrilico Hilo para Tejer Ovillo Lana 25gr ±50m Colores surtidos","Label":"Title","Locale":"es_ES"}},"Offers":{"Summaries":[{"Condition":{"Value":"New"},"LowestPrice":{"Amount":21.9,"Currency":"EUR","DisplayAmount":"21,90 €"}}]}}],"SearchURL":"https://www.amazon.es/s?k=ganchillo+lana&rh=n%3A4358113031%2Cp_n_availability%3A-1&tag=topinalambricos-21&linkCode=osi","TotalResultCount":1000}},"14":{"SearchResult":{"Items":[{"ASIN":"B0C9TV88MK","DetailPageURL":"https://www.amazon.es/dp/B0C9TV88MK?tag=topinalambricos-21&linkCode=osi&th=1&psc=1","Images":{"Primary":{"Small":{"Height":75,"URL":"https://m.media-amazon.com/images/I/612YK7y3LYL._SL75_.jpg","Width":75}}},"ItemInfo":{"ByLineInfo":{"Brand":{"DisplayValue":"LPAOIS","Label":"Brand","Locale":"es_ES"}},"Title":{"DisplayValue":"LPAOIS Hilo para Tejer a Crochet, 24 colores, con 2 Ganchos de Ganchillo, Ovillos Acrílicos de Lana para DIY y Tejido a Mano","Label":"Title","Locale":"es_ES"}},"Offers":{"Summaries":[{"Condition":{"Value":"New"},"LowestPrice":{"Amount":17.99,"Currency":"EUR","DisplayAmount":"17,99 €"}}]}},{"ASIN":"B0CL6FP8H3","DetailPageURL":"https://www.amazon.es/dp/B0CL6FP8H3?tag=topinalambricos-21&linkCode=osi&th=1&psc=1","Images":{"Primary":{"Small":{"Height":75,"URL":"https://m.media-amazon.com/images/I/51i1j79Jx3L._SL75_.jpg","Width":75}}},"ItemInfo":{"ByLineInfo":{"Brand":{"DisplayValue":"TYXHXTF","Label":"Brand","Locale":"es_ES"},"Manufacturer":{"DisplayValue":"TYXHXTF","Label":"Manufacturer","Locale":"es_ES"}},"Title":{"DisplayValue":"TYXHXTF 24 PCS Lanas para Crochet, Ovillos de Lana de Hilo Acrílico, Hilo para Tejer a Crochet, Hilo de Tejer Acrílico, Lana para Tejer para Tejer DIY y Tejido a Mano","Label":"Title","Locale":"es_ES"}},"Offers":{"Summaries":[{"Condition":{"Value":"New"},"LowestPrice":{"Amount":11.99,"Currency":"EUR","DisplayAmount":"11,99 €"}}]}},{"ASIN":"B087BQK8WV","DetailPageURL":"https://www.amazon.es/dp/B087BQK8WV?tag=topinalambricos-21&linkCode=osi&th=1&psc=1","Images":{"Primary":{"Small":{"Height":69,"URL":"https://m.media-amazon.com/images/I/51C0dGM3t8L._SL75_.jpg","Width":75}}},"ItemInfo":{"ByLineInfo":{"Brand":{"DisplayValue":"ilauke","Label":"Brand","Locale":"es_ES"},"Manufacturer":{"DisplayValue":"ilauke","Label":"Manufacturer","Locale":"es_ES"}},"Title":{"DisplayValue":"Hilo para Tejer a Crochet, ilauke 20 * 30g Ovillo de Lana con 2 Ganchos de Ganchillo, 2 Agujas, 8 Marcadores y Bolsos Verdes, Lana Acrílico Multicolor","Label":"Title","Locale":"es_ES"}},"Offers":{"Summaries":[{"Condition":{"Value":"New"},"LowestPrice":{"Amount":19.97,"Currency":"EUR","DisplayAmount":"19,97 € (33,28 € / kg)","PricePerUnit":33.28}}]}},{"ASIN":"B0B1V9Q7H2","DetailPageURL":"https://www.amazon.es/dp/B0B1V9Q7H2?tag=topinalambricos-21&linkCode=osi&th=1&psc=1","Images":{"Primary":{"Small":{"Height":75,"URL":"https://m.media-amazon.com/images/I/41G1Q8ZzCLL._SL75_.jpg","Width":75}}},"ItemInfo":{"ByLineInfo":{"Brand":{"DisplayValue":"Lidia Crochet Tricot","Label":"Brand","Locale":"es_ES"},"Manufacturer":{"DisplayValue":"Lidia Crochet Tricot","Label":"Manufacturer","Locale":"es_ES"}},"Title":{"DisplayValue":"Classic- hilo de lana, lana acrílico, hilo de tejer, hilo de ganchillo (100 gr/ovillo ; 16 colores) (empresa española/envío desde España) (09)","Label":"Title","Locale":"es_ES"}},"Offers":{"Summaries":[{"Condition":{"Value":"New"},"LowestPrice":{"Amount":5.8,"Currency":"EUR","DisplayAmount":"5,80 €"}}]}},{"ASIN":"B0CF57YCM6","DetailPageURL":"https://www.amazon.es/dp/B0CF57YCM6?tag=topinalambricos-21&linkCode=osi&th=1&psc=1","Images":{"Primary":{"Small":{"Height":75,"URL":"https://m.media-amazon.com/images/I/516VA1-qBhL._SL75_.jpg","Width":75}}},"ItemInfo":{"ByLineInfo":{"Brand":{"DisplayValue":"VORHOT","Label":"Brand","Locale":"es_ES"},"Manufacturer":{"DisplayValue":"VORHOT","Label":"Manufacturer","Locale":"es_ES"}},"Title":{"DisplayValue":"VORHOT Hilo para Tejer a Crochet, 300g Hilo Crochet, Lanas para Crochet Suave, Ovillos de Algodon para Crochet (Tamaño de la Aguja: 3,0-4,0 mm), Color Rosa","Label":"Title","Locale":"es_ES"}},"Offers":{"Summaries":[{"Condition":{"Value":"New"},"LowestPrice":{"Amount":7.98,"Currency":"EUR","DisplayAmount":"7,98 €"}}]}},{"ASIN":"B0CFDMCN6X","DetailPageURL":"https://www.amazon.es/dp/B0CFDMCN6X?tag=topinalambricos-21&linkCode=osi&th=1&psc=1","Images":{"Primary":{"Small":{"Height":75,"URL":"https://m.media-amazon.com/images/I/51LNQzvSNpL._SL75_.jpg","Width":75}}},"ItemInfo":{"ByLineInfo":{"Brand":{"DisplayValue":"ZHHGOO","Label":"Brand","Locale":"es_ES"},"Manufacturer":{"DisplayValue":"ZHHGOO","Label":"Manufacturer","Locale":"es_ES"}},"Title":{"DisplayValue":"ZHHGOO Hilo para Tejer a Crochet,24 Colores,Ovillos de Lana Acrílica con 2 Ganchos de Ganchillo y Bolsa Organizadora,Lana para Tejer para DIY y Tejido a Mano","Label":"Title","Locale":"es_ES"}},"Offers":{"Summaries":[{"Condition":{"Value":"New"},"LowestPrice":{"Amount":15.99,"Currency":"EUR","DisplayAmount":"15,99 €"}}]}},{"ASIN":"B09SPWG4ZR","DetailPageURL":"https://www.amazon.es/dp/B09SPWG4ZR?tag=topinalambricos-21&linkCode=osi&th=1&psc=1","Images":{"Primary":{"Small":{"Height":75,"URL":"https://m.media-amazon.com/images/I/51QuOmbvIwL._SL75_.jpg","Width":61}}},"ItemInfo":{"ByLineInfo":{"Brand":{"DisplayValue":"Wollbiene","Label":"Brand","Locale":"es_ES"},"Manufacturer":{"DisplayValue":"Wollbiene","Label":"Manufacturer","Locale":"es_ES"}},"Title":{"DisplayValue":"5 ovillos de lana de abeja batik de 100 g, 500 g, con degradado, multicolor, lana de ganchillo (5040 arcoíris)","Label":"Title","Locale":"es_ES"}},"Offers":{"Summaries":[{"Condition":{"Value":"New"},"LowestPrice":{"Amount":22.36,"Currency":"EUR","DisplayAmount":"22,36 € (44,72 € / kg)","PricePerUnit":44.72}}]}},{"ASIN":"B0BML4JYYH","DetailPageURL":"https://www.amazon.es/dp/B0BML4JYYH?tag=topinalambricos-21&linkCode=osi&th=1&psc=1","Images":{"Primary":{"Small":{"Height":70,"URL":"https://m.media-amazon.com/images/I/51HAZmAo5bL._SL75_.jpg","Width":75}}},"ItemInfo":{"ByLineInfo":{"Brand":{"DisplayValue":"ilauke","Label":"Brand","Locale":"es_ES"},"Manufacturer":{"DisplayValue":"ilauke","Label":"Manufacturer","Locale":"es_ES"}},"Title":{"DisplayValue":"Kit de Ganchillos Multicolor,12 Multicolor 25g Ovillos Lanas Super Suave Algodón Leche Hilos Lana con 2 Piezas de Ganchillo,100% Acrílico para Ganchillo y Manualidades para Principiantes y Niños","Label":"Title","Locale":"es_ES"}},"Offers":{"Summaries":[{"Condition":{"Value":"New"},"LowestPrice":{"Amount":15.99,"Currency":"EUR","DisplayAmount":"15,99 €"}}]}},{"ASIN":"B085J6TZT3","DetailPageURL":"https://www.amazon.es/dp/B085J6TZT3?tag=topinalambricos-21&linkCode=osi&th=1&psc=1","Images":{"Primary":{"Small":{"Height":75,"URL":"https://m.media-amazon.com/images/I/51vVJ0moHAL._SL75_.jpg","Width":75}}},"ItemInfo":{"ByLineInfo":{"Brand":{"DisplayValue":"Ursus","Label":"Brand","Locale":"es_ES"},"Manufacturer":{"DisplayValue":"Buntpapierfabrik Ludwig Bähr GmbH & Co. KG","Label":"Manufacturer","Locale":"es_ES"}},"Title":{"DisplayValue":"Ursus ovillos g / 29 m, 100% algodón, 10 Colores, para Tejer y Hacer Ganchillo y pequeños proyectos de Manualidades, Pastel, Talla única, 290","Label":"Title","Locale":"es_ES"}},"Offers":{"Summaries":[{"Condition":{"Value":"New"},"LowestPrice":{"Amount":9.99,"Currency":"EUR","DisplayAmount":"9,99 € (0,03 € / metro)","PricePerUnit":0.03}}]}},{"ASIN":"B0CX5C4MTC","DetailPageURL":"https://www.amazon.es/dp/B0CX5C4MTC?tag=topinalambricos-21&linkCode=osi&th=1&psc=1","Images":{"Primary":{"Small":{"Height":75,"URL":"https://m.media-amazon.com/images/I/51xIEU-E3nL._SL75_.jpg","Width":75}}},"ItemInfo":{"ByLineInfo":{"Brand":{"DisplayValue":"SusggO","Label":"Brand","Locale":"es_ES"}},"Title":{"DisplayValue":"SusggO Pack 24 Ovillos Lanas para Crochet Ganchillo Lanas para Tejer Punto a mano DIY Madejas 60% Algodon 40% Acrilico Hilo para Tejer Ovillo Lana 25gr ±50m Colores surtidos","Label":"Title","Locale":"es_ES"}},"Offers":{"Summaries":[{"Condition":{"Value":"New"},"LowestPrice":{"Amount":21.9,"Currency":"EUR","DisplayAmount":"21,90 €"}}]}}],"SearchURL":"https://www.amazon.es/s?k=ganchillo+lana&rh=n%3A4358113031%2Cp_n_availability%3A-1&tag=topinalambricos-21&linkCode=osi","TotalResultCount":1000}},"15":{"SearchResult":{"Items":[{"ASIN":"B0C9TV88MK","DetailPageURL":"https://www.amazon.es/dp/B0C9TV88MK?tag=topinalambricos-21&linkCode=osi&th=1&psc=1","Images":{"Primary":{"Small":{"Height":75,"URL":"https://m.media-amazon.com/images/I/612YK7y3LYL._SL75_.jpg","Width":75}}},"ItemInfo":{"ByLineInfo":{"Brand":{"DisplayValue":"LPAOIS","Label":"Brand","Locale":"es_ES"}},"Title":{"DisplayValue":"LPAOIS Hilo para Tejer a Crochet, 24 colores, con 2 Ganchos de Ganchillo, Ovillos Acrílicos de Lana para DIY y Tejido a Mano","Label":"Title","Locale":"es_ES"}},"Offers":{"Summaries":[{"Condition":{"Value":"New"},"LowestPrice":{"Amount":17.99,"Currency":"EUR","DisplayAmount":"17,99 €"}}]}},{"ASIN":"B0CL6FP8H3","DetailPageURL":"https://www.amazon.es/dp/B0CL6FP8H3?tag=topinalambricos-21&linkCode=osi&th=1&psc=1","Images":{"Primary":{"Small":{"Height":75,"URL":"https://m.media-amazon.com/images/I/51i1j79Jx3L._SL75_.jpg","Width":75}}},"ItemInfo":{"ByLineInfo":{"Brand":{"DisplayValue":"TYXHXTF","Label":"Brand","Locale":"es_ES"},"Manufacturer":{"DisplayValue":"TYXHXTF","Label":"Manufacturer","Locale":"es_ES"}},"Title":{"DisplayValue":"TYXHXTF 24 PCS Lanas para Crochet, Ovillos de Lana de Hilo Acrílico, Hilo para Tejer a Crochet, Hilo de Tejer Acrílico, Lana para Tejer para Tejer DIY y Tejido a Mano","Label":"Title","Locale":"es_ES"}},"Offers":{"Summaries":[{"Condition":{"Value":"New"},"LowestPrice":{"Amount":11.99,"Currency":"EUR","DisplayAmount":"11,99 €"}}]}},{"ASIN":"B087BQK8WV","DetailPageURL":"https://www.amazon.es/dp/B087BQK8WV?tag=topinalambricos-21&linkCode=osi&th=1&psc=1","Images":{"Primary":{"Small":{"Height":69,"URL":"https://m.media-amazon.com/images/I/51C0dGM3t8L._SL75_.jpg","Width":75}}},"ItemInfo":{"ByLineInfo":{"Brand":{"DisplayValue":"ilauke","Label":"Brand","Locale":"es_ES"},"Manufacturer":{"DisplayValue":"ilauke","Label":"Manufacturer","Locale":"es_ES"}},"Title":{"DisplayValue":"Hilo para Tejer a Crochet, ilauke 20 * 30g Ovillo de Lana con 2 Ganchos de Ganchillo, 2 Agujas, 8 Marcadores y Bolsos Verdes, Lana Acrílico Multicolor","Label":"Title","Locale":"es_ES"}},"Offers":{"Summaries":[{"Condition":{"Value":"New"},"LowestPrice":{"Amount":19.97,"Currency":"EUR","DisplayAmount":"19,97 € (33,28 € / kg)","PricePerUnit":33.28}}]}},{"ASIN":"B0B1V9Q7H2","DetailPageURL":"https://www.amazon.es/dp/B0B1V9Q7H2?tag=topinalambricos-21&linkCode=osi&th=1&psc=1","Images":{"Primary":{"Small":{"Height":75,"URL":"https://m.media-amazon.com/images/I/41G1Q8ZzCLL._SL75_.jpg","Width":75}}},"ItemInfo":{"ByLineInfo":{"Brand":{"DisplayValue":"Lidia Crochet Tricot","Label":"Brand","Locale":"es_ES"},"Manufacturer":{"DisplayValue":"Lidia Crochet Tricot","Label":"Manufacturer","Locale":"es_ES"}},"Title":{"DisplayValue":"Classic- hilo de lana, lana acrílico, hilo de tejer, hilo de ganchillo (100 gr/ovillo ; 16 colores) (empresa española/envío desde España) (09)","Label":"Title","Locale":"es_ES"}},"Offers":{"Summaries":[{"Condition":{"Value":"New"},"LowestPrice":{"Amount":5.8,"Currency":"EUR","DisplayAmount":"5,80 €"}}]}},{"ASIN":"B0CF57YCM6","DetailPageURL":"https://www.amazon.es/dp/B0CF57YCM6?tag=topinalambricos-21&linkCode=osi&th=1&psc=1","Images":{"Primary":{"Small":{"Height":75,"URL":"https://m.media-amazon.com/images/I/516VA1-qBhL._SL75_.jpg","Width":75}}},"ItemInfo":{"ByLineInfo":{"Brand":{"DisplayValue":"VORHOT","Label":"Brand","Locale":"es_ES"},"Manufacturer":{"DisplayValue":"VORHOT","Label":"Manufacturer","Locale":"es_ES"}},"Title":{"DisplayValue":"VORHOT Hilo para Tejer a Crochet, 300g Hilo Crochet, Lanas para Crochet Suave, Ovillos de Algodon para Crochet (Tamaño de la Aguja: 3,0-4,0 mm), Color Rosa","Label":"Title","Locale":"es_ES"}},"Offers":{"Summaries":[{"Condition":{"Value":"New"},"LowestPrice":{"Amount":7.98,"Currency":"EUR","DisplayAmount":"7,98 €"}}]}},{"ASIN":"B0CFDMCN6X","DetailPageURL":"https://www.amazon.es/dp/B0CFDMCN6X?tag=topinalambricos-21&linkCode=osi&th=1&psc=1","Images":{"Primary":{"Small":{"Height":75,"URL":"https://m.media-amazon.com/images/I/51LNQzvSNpL._SL75_.jpg","Width":75}}},"ItemInfo":{"ByLineInfo":{"Brand":{"DisplayValue":"ZHHGOO","Label":"Brand","Locale":"es_ES"},"Manufacturer":{"DisplayValue":"ZHHGOO","Label":"Manufacturer","Locale":"es_ES"}},"Title":{"DisplayValue":"ZHHGOO Hilo para Tejer a Crochet,24 Colores,Ovillos de Lana Acrílica con 2 Ganchos de Ganchillo y Bolsa Organizadora,Lana para Tejer para DIY y Tejido a Mano","Label":"Title","Locale":"es_ES"}},"Offers":{"Summaries":[{"Condition":{"Value":"New"},"LowestPrice":{"Amount":15.99,"Currency":"EUR","DisplayAmount":"15,99 €"}}]}},{"ASIN":"B09SPWG4ZR","DetailPageURL":"https://www.amazon.es/dp/B09SPWG4ZR?tag=topinalambricos-21&linkCode=osi&th=1&psc=1","Images":{"Primary":{"Small":{"Height":75,"URL":"https://m.media-amazon.com/images/I/51QuOmbvIwL._SL75_.jpg","Width":61}}},"ItemInfo":{"ByLineInfo":{"Brand":{"DisplayValue":"Wollbiene","Label":"Brand","Locale":"es_ES"},"Manufacturer":{"DisplayValue":"Wollbiene","Label":"Manufacturer","Locale":"es_ES"}},"Title":{"DisplayValue":"5 ovillos de lana de abeja batik de 100 g, 500 g, con degradado, multicolor, lana de ganchillo (5040 arcoíris)","Label":"Title","Locale":"es_ES"}},"Offers":{"Summaries":[{"Condition":{"Value":"New"},"LowestPrice":{"Amount":22.36,"Currency":"EUR","DisplayAmount":"22,36 € (44,72 € / kg)","PricePerUnit":44.72}}]}},{"ASIN":"B0BML4JYYH","DetailPageURL":"https://www.amazon.es/dp/B0BML4JYYH?tag=topinalambricos-21&linkCode=osi&th=1&psc=1","Images":{"Primary":{"Small":{"Height":70,"URL":"https://m.media-amazon.com/images/I/51HAZmAo5bL._SL75_.jpg","Width":75}}},"ItemInfo":{"ByLineInfo":{"Brand":{"DisplayValue":"ilauke","Label":"Brand","Locale":"es_ES"},"Manufacturer":{"DisplayValue":"ilauke","Label":"Manufacturer","Locale":"es_ES"}},"Title":{"DisplayValue":"Kit de Ganchillos Multicolor,12 Multicolor 25g Ovillos Lanas Super Suave Algodón Leche Hilos Lana con 2 Piezas de Ganchillo,100% Acrílico para Ganchillo y Manualidades para Principiantes y Niños","Label":"Title","Locale":"es_ES"}},"Offers":{"Summaries":[{"Condition":{"Value":"New"},"LowestPrice":{"Amount":15.99,"Currency":"EUR","DisplayAmount":"15,99 €"}}]}},{"ASIN":"B085J6TZT3","DetailPageURL":"https://www.amazon.es/dp/B085J6TZT3?tag=topinalambricos-21&linkCode=osi&th=1&psc=1","Images":{"Primary":{"Small":{"Height":75,"URL":"https://m.media-amazon.com/images/I/51vVJ0moHAL._SL75_.jpg","Width":75}}},"ItemInfo":{"ByLineInfo":{"Brand":{"DisplayValue":"Ursus","Label":"Brand","Locale":"es_ES"},"Manufacturer":{"DisplayValue":"Buntpapierfabrik Ludwig Bähr GmbH & Co. KG","Label":"Manufacturer","Locale":"es_ES"}},"Title":{"DisplayValue":"Ursus ovillos g / 29 m, 100% algodón, 10 Colores, para Tejer y Hacer Ganchillo y pequeños proyectos de Manualidades, Pastel, Talla única, 290","Label":"Title","Locale":"es_ES"}},"Offers":{"Summaries":[{"Condition":{"Value":"New"},"LowestPrice":{"Amount":9.99,"Currency":"EUR","DisplayAmount":"9,99 € (0,03 € / metro)","PricePerUnit":0.03}}]}},{"ASIN":"B0CX5C4MTC","DetailPageURL":"https://www.amazon.es/dp/B0CX5C4MTC?tag=topinalambricos-21&linkCode=osi&th=1&psc=1","Images":{"Primary":{"Small":{"Height":75,"URL":"https://m.media-amazon.com/images/I/51xIEU-E3nL._SL75_.jpg","Width":75}}},"ItemInfo":{"ByLineInfo":{"Brand":{"DisplayValue":"SusggO","Label":"Brand","Locale":"es_ES"}},"Title":{"DisplayValue":"SusggO Pack 24 Ovillos Lanas para Crochet Ganchillo Lanas para Tejer Punto a mano DIY Madejas 60% Algodon 40% Acrilico Hilo para Tejer Ovillo Lana 25gr ±50m Colores surtidos","Label":"Title","Locale":"es_ES"}},"Offers":{"Summaries":[{"Condition":{"Value":"New"},"LowestPrice":{"Amount":21.9,"Currency":"EUR","DisplayAmount":"21,90 €"}}]}}],"SearchURL":"https://www.amazon.es/s?k=ganchillo+lana&rh=n%3A4358113031%2Cp_n_availability%3A-1&tag=topinalambricos-21&linkCode=osi","TotalResultCount":1000}},"16":{"SearchResult":{"Items":[{"ASIN":"B0C9TV88MK","DetailPageURL":"https://www.amazon.es/dp/B0C9TV88MK?tag=topinalambricos-21&linkCode=osi&th=1&psc=1","Images":{"Primary":{"Small":{"Height":75,"URL":"https://m.media-amazon.com/images/I/612YK7y3LYL._SL75_.jpg","Width":75}}},"ItemInfo":{"ByLineInfo":{"Brand":{"DisplayValue":"LPAOIS","Label":"Brand","Locale":"es_ES"}},"Title":{"DisplayValue":"LPAOIS Hilo para Tejer a Crochet, 24 colores, con 2 Ganchos de Ganchillo, Ovillos Acrílicos de Lana para DIY y Tejido a Mano","Label":"Title","Locale":"es_ES"}},"Offers":{"Summaries":[{"Condition":{"Value":"New"},"LowestPrice":{"Amount":17.99,"Currency":"EUR","DisplayAmount":"17,99 €"}}]}},{"ASIN":"B0CL6FP8H3","DetailPageURL":"https://www.amazon.es/dp/B0CL6FP8H3?tag=topinalambricos-21&linkCode=osi&th=1&psc=1","Images":{"Primary":{"Small":{"Height":75,"URL":"https://m.media-amazon.com/images/I/51i1j79Jx3L._SL75_.jpg","Width":75}}},"ItemInfo":{"ByLineInfo":{"Brand":{"DisplayValue":"TYXHXTF","Label":"Brand","Locale":"es_ES"},"Manufacturer":{"DisplayValue":"TYXHXTF","Label":"Manufacturer","Locale":"es_ES"}},"Title":{"DisplayValue":"TYXHXTF 24 PCS Lanas para Crochet, Ovillos de Lana de Hilo Acrílico, Hilo para Tejer a Crochet, Hilo de Tejer Acrílico, Lana para Tejer para Tejer DIY y Tejido a Mano","Label":"Title","Locale":"es_ES"}},"Offers":{"Summaries":[{"Condition":{"Value":"New"},"LowestPrice":{"Amount":11.99,"Currency":"EUR","DisplayAmount":"11,99 €"}}]}},{"ASIN":"B087BQK8WV","DetailPageURL":"https://www.amazon.es/dp/B087BQK8WV?tag=topinalambricos-21&linkCode=osi&th=1&psc=1","Images":{"Primary":{"Small":{"Height":69,"URL":"https://m.media-amazon.com/images/I/51C0dGM3t8L._SL75_.jpg","Width":75}}},"ItemInfo":{"ByLineInfo":{"Brand":{"DisplayValue":"ilauke","Label":"Brand","Locale":"es_ES"},"Manufacturer":{"DisplayValue":"ilauke","Label":"Manufacturer","Locale":"es_ES"}},"Title":{"DisplayValue":"Hilo para Tejer a Crochet, ilauke 20 * 30g Ovillo de Lana con 2 Ganchos de Ganchillo, 2 Agujas, 8 Marcadores y Bolsos Verdes, Lana Acrílico Multicolor","Label":"Title","Locale":"es_ES"}},"Offers":{"Summaries":[{"Condition":{"Value":"New"},"LowestPrice":{"Amount":19.97,"Currency":"EUR","DisplayAmount":"19,97 € (33,28 € / kg)","PricePerUnit":33.28}}]}},{"ASIN":"B0B1V9Q7H2","DetailPageURL":"https://www.amazon.es/dp/B0B1V9Q7H2?tag=topinalambricos-21&linkCode=osi&th=1&psc=1","Images":{"Primary":{"Small":{"Height":75,"URL":"https://m.media-amazon.com/images/I/41G1Q8ZzCLL._SL75_.jpg","Width":75}}},"ItemInfo":{"ByLineInfo":{"Brand":{"DisplayValue":"Lidia Crochet Tricot","Label":"Brand","Locale":"es_ES"},"Manufacturer":{"DisplayValue":"Lidia Crochet Tricot","Label":"Manufacturer","Locale":"es_ES"}},"Title":{"DisplayValue":"Classic- hilo de lana, lana acrílico, hilo de tejer, hilo de ganchillo (100 gr/ovillo ; 16 colores) (empresa española/envío desde España) (09)","Label":"Title","Locale":"es_ES"}},"Offers":{"Summaries":[{"Condition":{"Value":"New"},"LowestPrice":{"Amount":5.8,"Currency":"EUR","DisplayAmount":"5,80 €"}}]}},{"ASIN":"B0CF57YCM6","DetailPageURL":"https://www.amazon.es/dp/B0CF57YCM6?tag=topinalambricos-21&linkCode=osi&th=1&psc=1","Images":{"Primary":{"Small":{"Height":75,"URL":"https://m.media-amazon.com/images/I/516VA1-qBhL._SL75_.jpg","Width":75}}},"ItemInfo":{"ByLineInfo":{"Brand":{"DisplayValue":"VORHOT","Label":"Brand","Locale":"es_ES"},"Manufacturer":{"DisplayValue":"VORHOT","Label":"Manufacturer","Locale":"es_ES"}},"Title":{"DisplayValue":"VORHOT Hilo para Tejer a Crochet, 300g Hilo Crochet, Lanas para Crochet Suave, Ovillos de Algodon para Crochet (Tamaño de la Aguja: 3,0-4,0 mm), Color Rosa","Label":"Title","Locale":"es_ES"}},"Offers":{"Summaries":[{"Condition":{"Value":"New"},"LowestPrice":{"Amount":7.98,"Currency":"EUR","DisplayAmount":"7,98 €"}}]}},{"ASIN":"B0CFDMCN6X","DetailPageURL":"https://www.amazon.es/dp/B0CFDMCN6X?tag=topinalambricos-21&linkCode=osi&th=1&psc=1","Images":{"Primary":{"Small":{"Height":75,"URL":"https://m.media-amazon.com/images/I/51LNQzvSNpL._SL75_.jpg","Width":75}}},"ItemInfo":{"ByLineInfo":{"Brand":{"DisplayValue":"ZHHGOO","Label":"Brand","Locale":"es_ES"},"Manufacturer":{"DisplayValue":"ZHHGOO","Label":"Manufacturer","Locale":"es_ES"}},"Title":{"DisplayValue":"ZHHGOO Hilo para Tejer a Crochet,24 Colores,Ovillos de Lana Acrílica con 2 Ganchos de Ganchillo y Bolsa Organizadora,Lana para Tejer para DIY y Tejido a Mano","Label":"Title","Locale":"es_ES"}},"Offers":{"Summaries":[{"Condition":{"Value":"New"},"LowestPrice":{"Amount":15.99,"Currency":"EUR","DisplayAmount":"15,99 €"}}]}},{"ASIN":"B09SPWG4ZR","DetailPageURL":"https://www.amazon.es/dp/B09SPWG4ZR?tag=topinalambricos-21&linkCode=osi&th=1&psc=1","Images":{"Primary":{"Small":{"Height":75,"URL":"https://m.media-amazon.com/images/I/51QuOmbvIwL._SL75_.jpg","Width":61}}},"ItemInfo":{"ByLineInfo":{"Brand":{"DisplayValue":"Wollbiene","Label":"Brand","Locale":"es_ES"},"Manufacturer":{"DisplayValue":"Wollbiene","Label":"Manufacturer","Locale":"es_ES"}},"Title":{"DisplayValue":"5 ovillos de lana de abeja batik de 100 g, 500 g, con degradado, multicolor, lana de ganchillo (5040 arcoíris)","Label":"Title","Locale":"es_ES"}},"Offers":{"Summaries":[{"Condition":{"Value":"New"},"LowestPrice":{"Amount":22.36,"Currency":"EUR","DisplayAmount":"22,36 € (44,72 € / kg)","PricePerUnit":44.72}}]}},{"ASIN":"B0BML4JYYH","DetailPageURL":"https://www.amazon.es/dp/B0BML4JYYH?tag=topinalambricos-21&linkCode=osi&th=1&psc=1","Images":{"Primary":{"Small":{"Height":70,"URL":"https://m.media-amazon.com/images/I/51HAZmAo5bL._SL75_.jpg","Width":75}}},"ItemInfo":{"ByLineInfo":{"Brand":{"DisplayValue":"ilauke","Label":"Brand","Locale":"es_ES"},"Manufacturer":{"DisplayValue":"ilauke","Label":"Manufacturer","Locale":"es_ES"}},"Title":{"DisplayValue":"Kit de Ganchillos Multicolor,12 Multicolor 25g Ovillos Lanas Super Suave Algodón Leche Hilos Lana con 2 Piezas de Ganchillo,100% Acrílico para Ganchillo y Manualidades para Principiantes y Niños","Label":"Title","Locale":"es_ES"}},"Offers":{"Summaries":[{"Condition":{"Value":"New"},"LowestPrice":{"Amount":15.99,"Currency":"EUR","DisplayAmount":"15,99 €"}}]}},{"ASIN":"B085J6TZT3","DetailPageURL":"https://www.amazon.es/dp/B085J6TZT3?tag=topinalambricos-21&linkCode=osi&th=1&psc=1","Images":{"Primary":{"Small":{"Height":75,"URL":"https://m.media-amazon.com/images/I/51vVJ0moHAL._SL75_.jpg","Width":75}}},"ItemInfo":{"ByLineInfo":{"Brand":{"DisplayValue":"Ursus","Label":"Brand","Locale":"es_ES"},"Manufacturer":{"DisplayValue":"Buntpapierfabrik Ludwig Bähr GmbH & Co. KG","Label":"Manufacturer","Locale":"es_ES"}},"Title":{"DisplayValue":"Ursus ovillos g / 29 m, 100% algodón, 10 Colores, para Tejer y Hacer Ganchillo y pequeños proyectos de Manualidades, Pastel, Talla única, 290","Label":"Title","Locale":"es_ES"}},"Offers":{"Summaries":[{"Condition":{"Value":"New"},"LowestPrice":{"Amount":9.99,"Currency":"EUR","DisplayAmount":"9,99 € (0,03 € / metro)","PricePerUnit":0.03}}]}},{"ASIN":"B0CX5C4MTC","DetailPageURL":"https://www.amazon.es/dp/B0CX5C4MTC?tag=topinalambricos-21&linkCode=osi&th=1&psc=1","Images":{"Primary":{"Small":{"Height":75,"URL":"https://m.media-amazon.com/images/I/51xIEU-E3nL._SL75_.jpg","Width":75}}},"ItemInfo":{"ByLineInfo":{"Brand":{"DisplayValue":"SusggO","Label":"Brand","Locale":"es_ES"}},"Title":{"DisplayValue":"SusggO Pack 24 Ovillos Lanas para Crochet Ganchillo Lanas para Tejer Punto a mano DIY Madejas 60% Algodon 40% Acrilico Hilo para Tejer Ovillo Lana 25gr ±50m Colores surtidos","Label":"Title","Locale":"es_ES"}},"Offers":{"Summaries":[{"Condition":{"Value":"New"},"LowestPrice":{"Amount":21.9,"Currency":"EUR","DisplayAmount":"21,90 €"}}]}}],"SearchURL":"https://www.amazon.es/s?k=ganchillo+lana&rh=n%3A4358113031%2Cp_n_availability%3A-1&tag=topinalambricos-21&linkCode=osi","TotalResultCount":1000}},"17":{"SearchResult":{"Items":[{"ASIN":"B0C9TV88MK","DetailPageURL":"https://www.amazon.es/dp/B0C9TV88MK?tag=topinalambricos-21&linkCode=osi&th=1&psc=1","Images":{"Primary":{"Small":{"Height":75,"URL":"https://m.media-amazon.com/images/I/612YK7y3LYL._SL75_.jpg","Width":75}}},"ItemInfo":{"ByLineInfo":{"Brand":{"DisplayValue":"LPAOIS","Label":"Brand","Locale":"es_ES"}},"Title":{"DisplayValue":"LPAOIS Hilo para Tejer a Crochet, 24 colores, con 2 Ganchos de Ganchillo, Ovillos Acrílicos de Lana para DIY y Tejido a Mano","Label":"Title","Locale":"es_ES"}},"Offers":{"Summaries":[{"Condition":{"Value":"New"},"LowestPrice":{"Amount":17.99,"Currency":"EUR","DisplayAmount":"17,99 €"}}]}},{"ASIN":"B0CL6FP8H3","DetailPageURL":"https://www.amazon.es/dp/B0CL6FP8H3?tag=topinalambricos-21&linkCode=osi&th=1&psc=1","Images":{"Primary":{"Small":{"Height":75,"URL":"https://m.media-amazon.com/images/I/51i1j79Jx3L._SL75_.jpg","Width":75}}},"ItemInfo":{"ByLineInfo":{"Brand":{"DisplayValue":"TYXHXTF","Label":"Brand","Locale":"es_ES"},"Manufacturer":{"DisplayValue":"TYXHXTF","Label":"Manufacturer","Locale":"es_ES"}},"Title":{"DisplayValue":"TYXHXTF 24 PCS Lanas para Crochet, Ovillos de Lana de Hilo Acrílico, Hilo para Tejer a Crochet, Hilo de Tejer Acrílico, Lana para Tejer para Tejer DIY y Tejido a Mano","Label":"Title","Locale":"es_ES"}},"Offers":{"Summaries":[{"Condition":{"Value":"New"},"LowestPrice":{"Amount":11.99,"Currency":"EUR","DisplayAmount":"11,99 €"}}]}},{"ASIN":"B087BQK8WV","DetailPageURL":"https://www.amazon.es/dp/B087BQK8WV?tag=topinalambricos-21&linkCode=osi&th=1&psc=1","Images":{"Primary":{"Small":{"Height":69,"URL":"https://m.media-amazon.com/images/I/51C0dGM3t8L._SL75_.jpg","Width":75}}},"ItemInfo":{"ByLineInfo":{"Brand":{"DisplayValue":"ilauke","Label":"Brand","Locale":"es_ES"},"Manufacturer":{"DisplayValue":"ilauke","Label":"Manufacturer","Locale":"es_ES"}},"Title":{"DisplayValue":"Hilo para Tejer a Crochet, ilauke 20 * 30g Ovillo de Lana con 2 Ganchos de Ganchillo, 2 Agujas, 8 Marcadores y Bolsos Verdes, Lana Acrílico Multicolor","Label":"Title","Locale":"es_ES"}},"Offers":{"Summaries":[{"Condition":{"Value":"New"},"LowestPrice":{"Amount":19.97,"Currency":"EUR","DisplayAmount":"19,97 € (33,28 € / kg)","PricePerUnit":33.28}}]}},{"ASIN":"B0B1V9Q7H2","DetailPageURL":"https://www.amazon.es/dp/B0B1V9Q7H2?tag=topinalambricos-21&linkCode=osi&th=1&psc=1","Images":{"Primary":{"Small":{"Height":75,"URL":"https://m.media-amazon.com/images/I/41G1Q8ZzCLL._SL75_.jpg","Width":75}}},"ItemInfo":{"ByLineInfo":{"Brand":{"DisplayValue":"Lidia Crochet Tricot","Label":"Brand","Locale":"es_ES"},"Manufacturer":{"DisplayValue":"Lidia Crochet Tricot","Label":"Manufacturer","Locale":"es_ES"}},"Title":{"DisplayValue":"Classic- hilo de lana, lana acrílico, hilo de tejer, hilo de ganchillo (100 gr/ovillo ; 16 colores) (empresa española/envío desde España) (09)","Label":"Title","Locale":"es_ES"}},"Offers":{"Summaries":[{"Condition":{"Value":"New"},"LowestPrice":{"Amount":5.8,"Currency":"EUR","DisplayAmount":"5,80 €"}}]}},{"ASIN":"B0CF57YCM6","DetailPageURL":"https://www.amazon.es/dp/B0CF57YCM6?tag=topinalambricos-21&linkCode=osi&th=1&psc=1","Images":{"Primary":{"Small":{"Height":75,"URL":"https://m.media-amazon.com/images/I/516VA1-qBhL._SL75_.jpg","Width":75}}},"ItemInfo":{"ByLineInfo":{"Brand":{"DisplayValue":"VORHOT","Label":"Brand","Locale":"es_ES"},"Manufacturer":{"DisplayValue":"VORHOT","Label":"Manufacturer","Locale":"es_ES"}},"Title":{"DisplayValue":"VORHOT Hilo para Tejer a Crochet, 300g Hilo Crochet, Lanas para Crochet Suave, Ovillos de Algodon para Crochet (Tamaño de la Aguja: 3,0-4,0 mm), Color Rosa","Label":"Title","Locale":"es_ES"}},"Offers":{"Summaries":[{"Condition":{"Value":"New"},"LowestPrice":{"Amount":7.98,"Currency":"EUR","DisplayAmount":"7,98 €"}}]}},{"ASIN":"B0CFDMCN6X","DetailPageURL":"https://www.amazon.es/dp/B0CFDMCN6X?tag=topinalambricos-21&linkCode=osi&th=1&psc=1","Images":{"Primary":{"Small":{"Height":75,"URL":"https://m.media-amazon.com/images/I/51LNQzvSNpL._SL75_.jpg","Width":75}}},"ItemInfo":{"ByLineInfo":{"Brand":{"DisplayValue":"ZHHGOO","Label":"Brand","Locale":"es_ES"},"Manufacturer":{"DisplayValue":"ZHHGOO","Label":"Manufacturer","Locale":"es_ES"}},"Title":{"DisplayValue":"ZHHGOO Hilo para Tejer a Crochet,24 Colores,Ovillos de Lana Acrílica con 2 Ganchos de Ganchillo y Bolsa Organizadora,Lana para Tejer para DIY y Tejido a Mano","Label":"Title","Locale":"es_ES"}},"Offers":{"Summaries":[{"Condition":{"Value":"New"},"LowestPrice":{"Amount":15.99,"Currency":"EUR","DisplayAmount":"15,99 €"}}]}},{"ASIN":"B09SPWG4ZR","DetailPageURL":"https://www.amazon.es/dp/B09SPWG4ZR?tag=topinalambricos-21&linkCode=osi&th=1&psc=1","Images":{"Primary":{"Small":{"Height":75,"URL":"https://m.media-amazon.com/images/I/51QuOmbvIwL._SL75_.jpg","Width":61}}},"ItemInfo":{"ByLineInfo":{"Brand":{"DisplayValue":"Wollbiene","Label":"Brand","Locale":"es_ES"},"Manufacturer":{"DisplayValue":"Wollbiene","Label":"Manufacturer","Locale":"es_ES"}},"Title":{"DisplayValue":"5 ovillos de lana de abeja batik de 100 g, 500 g, con degradado, multicolor, lana de ganchillo (5040 arcoíris)","Label":"Title","Locale":"es_ES"}},"Offers":{"Summaries":[{"Condition":{"Value":"New"},"LowestPrice":{"Amount":22.36,"Currency":"EUR","DisplayAmount":"22,36 € (44,72 € / kg)","PricePerUnit":44.72}}]}},{"ASIN":"B0BML4JYYH","DetailPageURL":"https://www.amazon.es/dp/B0BML4JYYH?tag=topinalambricos-21&linkCode=osi&th=1&psc=1","Images":{"Primary":{"Small":{"Height":70,"URL":"https://m.media-amazon.com/images/I/51HAZmAo5bL._SL75_.jpg","Width":75}}},"ItemInfo":{"ByLineInfo":{"Brand":{"DisplayValue":"ilauke","Label":"Brand","Locale":"es_ES"},"Manufacturer":{"DisplayValue":"ilauke","Label":"Manufacturer","Locale":"es_ES"}},"Title":{"DisplayValue":"Kit de Ganchillos Multicolor,12 Multicolor 25g Ovillos Lanas Super Suave Algodón Leche Hilos Lana con 2 Piezas de Ganchillo,100% Acrílico para Ganchillo y Manualidades para Principiantes y Niños","Label":"Title","Locale":"es_ES"}},"Offers":{"Summaries":[{"Condition":{"Value":"New"},"LowestPrice":{"Amount":15.99,"Currency":"EUR","DisplayAmount":"15,99 €"}}]}},{"ASIN":"B085J6TZT3","DetailPageURL":"https://www.amazon.es/dp/B085J6TZT3?tag=topinalambricos-21&linkCode=osi&th=1&psc=1","Images":{"Primary":{"Small":{"Height":75,"URL":"https://m.media-amazon.com/images/I/51vVJ0moHAL._SL75_.jpg","Width":75}}},"ItemInfo":{"ByLineInfo":{"Brand":{"DisplayValue":"Ursus","Label":"Brand","Locale":"es_ES"},"Manufacturer":{"DisplayValue":"Buntpapierfabrik Ludwig Bähr GmbH & Co. KG","Label":"Manufacturer","Locale":"es_ES"}},"Title":{"DisplayValue":"Ursus ovillos g / 29 m, 100% algodón, 10 Colores, para Tejer y Hacer Ganchillo y pequeños proyectos de Manualidades, Pastel, Talla única, 290","Label":"Title","Locale":"es_ES"}},"Offers":{"Summaries":[{"Condition":{"Value":"New"},"LowestPrice":{"Amount":9.99,"Currency":"EUR","DisplayAmount":"9,99 € (0,03 € / metro)","PricePerUnit":0.03}}]}},{"ASIN":"B0CX5C4MTC","DetailPageURL":"https://www.amazon.es/dp/B0CX5C4MTC?tag=topinalambricos-21&linkCode=osi&th=1&psc=1","Images":{"Primary":{"Small":{"Height":75,"URL":"https://m.media-amazon.com/images/I/51xIEU-E3nL._SL75_.jpg","Width":75}}},"ItemInfo":{"ByLineInfo":{"Brand":{"DisplayValue":"SusggO","Label":"Brand","Locale":"es_ES"}},"Title":{"DisplayValue":"SusggO Pack 24 Ovillos Lanas para Crochet Ganchillo Lanas para Tejer Punto a mano DIY Madejas 60% Algodon 40% Acrilico Hilo para Tejer Ovillo Lana 25gr ±50m Colores surtidos","Label":"Title","Locale":"es_ES"}},"Offers":{"Summaries":[{"Condition":{"Value":"New"},"LowestPrice":{"Amount":21.9,"Currency":"EUR","DisplayAmount":"21,90 €"}}]}}],"SearchURL":"https://www.amazon.es/s?k=ganchillo+lana&rh=n%3A4358113031%2Cp_n_availability%3A-1&tag=topinalambricos-21&linkCode=osi","TotalResultCount":1000}},"18":{"SearchResult":{"Items":[{"ASIN":"B0C9TV88MK","DetailPageURL":"https://www.amazon.es/dp/B0C9TV88MK?tag=topinalambricos-21&linkCode=osi&th=1&psc=1","Images":{"Primary":{"Small":{"Height":75,"URL":"https://m.media-amazon.com/images/I/612YK7y3LYL._SL75_.jpg","Width":75}}},"ItemInfo":{"ByLineInfo":{"Brand":{"DisplayValue":"LPAOIS","Label":"Brand","Locale":"es_ES"}},"Title":{"DisplayValue":"LPAOIS Hilo para Tejer a Crochet, 24 colores, con 2 Ganchos de Ganchillo, Ovillos Acrílicos de Lana para DIY y Tejido a Mano","Label":"Title","Locale":"es_ES"}},"Offers":{"Summaries":[{"Condition":{"Value":"New"},"LowestPrice":{"Amount":17.99,"Currency":"EUR","DisplayAmount":"17,99 €"}}]}},{"ASIN":"B0CL6FP8H3","DetailPageURL":"https://www.amazon.es/dp/B0CL6FP8H3?tag=topinalambricos-21&linkCode=osi&th=1&psc=1","Images":{"Primary":{"Small":{"Height":75,"URL":"https://m.media-amazon.com/images/I/51i1j79Jx3L._SL75_.jpg","Width":75}}},"ItemInfo":{"ByLineInfo":{"Brand":{"DisplayValue":"TYXHXTF","Label":"Brand","Locale":"es_ES"},"Manufacturer":{"DisplayValue":"TYXHXTF","Label":"Manufacturer","Locale":"es_ES"}},"Title":{"DisplayValue":"TYXHXTF 24 PCS Lanas para Crochet, Ovillos de Lana de Hilo Acrílico, Hilo para Tejer a Crochet, Hilo de Tejer Acrílico, Lana para Tejer para Tejer DIY y Tejido a Mano","Label":"Title","Locale":"es_ES"}},"Offers":{"Summaries":[{"Condition":{"Value":"New"},"LowestPrice":{"Amount":11.99,"Currency":"EUR","DisplayAmount":"11,99 €"}}]}},{"ASIN":"B087BQK8WV","DetailPageURL":"https://www.amazon.es/dp/B087BQK8WV?tag=topinalambricos-21&linkCode=osi&th=1&psc=1","Images":{"Primary":{"Small":{"Height":69,"URL":"https://m.media-amazon.com/images/I/51C0dGM3t8L._SL75_.jpg","Width":75}}},"ItemInfo":{"ByLineInfo":{"Brand":{"DisplayValue":"ilauke","Label":"Brand","Locale":"es_ES"},"Manufacturer":{"DisplayValue":"ilauke","Label":"Manufacturer","Locale":"es_ES"}},"Title":{"DisplayValue":"Hilo para Tejer a Crochet, ilauke 20 * 30g Ovillo de Lana con 2 Ganchos de Ganchillo, 2 Agujas, 8 Marcadores y Bolsos Verdes, Lana Acrílico Multicolor","Label":"Title","Locale":"es_ES"}},"Offers":{"Summaries":[{"Condition":{"Value":"New"},"LowestPrice":{"Amount":19.97,"Currency":"EUR","DisplayAmount":"19,97 € (33,28 € / kg)","PricePerUnit":33.28}}]}},{"ASIN":"B0B1V9Q7H2","DetailPageURL":"https://www.amazon.es/dp/B0B1V9Q7H2?tag=topinalambricos-21&linkCode=osi&th=1&psc=1","Images":{"Primary":{"Small":{"Height":75,"URL":"https://m.media-amazon.com/images/I/41G1Q8ZzCLL._SL75_.jpg","Width":75}}},"ItemInfo":{"ByLineInfo":{"Brand":{"DisplayValue":"Lidia Crochet Tricot","Label":"Brand","Locale":"es_ES"},"Manufacturer":{"DisplayValue":"Lidia Crochet Tricot","Label":"Manufacturer","Locale":"es_ES"}},"Title":{"DisplayValue":"Classic- hilo de lana, lana acrílico, hilo de tejer, hilo de ganchillo (100 gr/ovillo ; 16 colores) (empresa española/envío desde España) (09)","Label":"Title","Locale":"es_ES"}},"Offers":{"Summaries":[{"Condition":{"Value":"New"},"LowestPrice":{"Amount":5.8,"Currency":"EUR","DisplayAmount":"5,80 €"}}]}},{"ASIN":"B0CF57YCM6","DetailPageURL":"https://www.amazon.es/dp/B0CF57YCM6?tag=topinalambricos-21&linkCode=osi&th=1&psc=1","Images":{"Primary":{"Small":{"Height":75,"URL":"https://m.media-amazon.com/images/I/516VA1-qBhL._SL75_.jpg","Width":75}}},"ItemInfo":{"ByLineInfo":{"Brand":{"DisplayValue":"VORHOT","Label":"Brand","Locale":"es_ES"},"Manufacturer":{"DisplayValue":"VORHOT","Label":"Manufacturer","Locale":"es_ES"}},"Title":{"DisplayValue":"VORHOT Hilo para Tejer a Crochet, 300g Hilo Crochet, Lanas para Crochet Suave, Ovillos de Algodon para Crochet (Tamaño de la Aguja: 3,0-4,0 mm), Color Rosa","Label":"Title","Locale":"es_ES"}},"Offers":{"Summaries":[{"Condition":{"Value":"New"},"LowestPrice":{"Amount":7.98,"Currency":"EUR","DisplayAmount":"7,98 €"}}]}},{"ASIN":"B0CFDMCN6X","DetailPageURL":"https://www.amazon.es/dp/B0CFDMCN6X?tag=topinalambricos-21&linkCode=osi&th=1&psc=1","Images":{"Primary":{"Small":{"Height":75,"URL":"https://m.media-amazon.com/images/I/51LNQzvSNpL._SL75_.jpg","Width":75}}},"ItemInfo":{"ByLineInfo":{"Brand":{"DisplayValue":"ZHHGOO","Label":"Brand","Locale":"es_ES"},"Manufacturer":{"DisplayValue":"ZHHGOO","Label":"Manufacturer","Locale":"es_ES"}},"Title":{"DisplayValue":"ZHHGOO Hilo para Tejer a Crochet,24 Colores,Ovillos de Lana Acrílica con 2 Ganchos de Ganchillo y Bolsa Organizadora,Lana para Tejer para DIY y Tejido a Mano","Label":"Title","Locale":"es_ES"}},"Offers":{"Summaries":[{"Condition":{"Value":"New"},"LowestPrice":{"Amount":15.99,"Currency":"EUR","DisplayAmount":"15,99 €"}}]}},{"ASIN":"B09SPWG4ZR","DetailPageURL":"https://www.amazon.es/dp/B09SPWG4ZR?tag=topinalambricos-21&linkCode=osi&th=1&psc=1","Images":{"Primary":{"Small":{"Height":75,"URL":"https://m.media-amazon.com/images/I/51QuOmbvIwL._SL75_.jpg","Width":61}}},"ItemInfo":{"ByLineInfo":{"Brand":{"DisplayValue":"Wollbiene","Label":"Brand","Locale":"es_ES"},"Manufacturer":{"DisplayValue":"Wollbiene","Label":"Manufacturer","Locale":"es_ES"}},"Title":{"DisplayValue":"5 ovillos de lana de abeja batik de 100 g, 500 g, con degradado, multicolor, lana de ganchillo (5040 arcoíris)","Label":"Title","Locale":"es_ES"}},"Offers":{"Summaries":[{"Condition":{"Value":"New"},"LowestPrice":{"Amount":22.36,"Currency":"EUR","DisplayAmount":"22,36 € (44,72 € / kg)","PricePerUnit":44.72}}]}},{"ASIN":"B0BML4JYYH","DetailPageURL":"https://www.amazon.es/dp/B0BML4JYYH?tag=topinalambricos-21&linkCode=osi&th=1&psc=1","Images":{"Primary":{"Small":{"Height":70,"URL":"https://m.media-amazon.com/images/I/51HAZmAo5bL._SL75_.jpg","Width":75}}},"ItemInfo":{"ByLineInfo":{"Brand":{"DisplayValue":"ilauke","Label":"Brand","Locale":"es_ES"},"Manufacturer":{"DisplayValue":"ilauke","Label":"Manufacturer","Locale":"es_ES"}},"Title":{"DisplayValue":"Kit de Ganchillos Multicolor,12 Multicolor 25g Ovillos Lanas Super Suave Algodón Leche Hilos Lana con 2 Piezas de Ganchillo,100% Acrílico para Ganchillo y Manualidades para Principiantes y Niños","Label":"Title","Locale":"es_ES"}},"Offers":{"Summaries":[{"Condition":{"Value":"New"},"LowestPrice":{"Amount":15.99,"Currency":"EUR","DisplayAmount":"15,99 €"}}]}},{"ASIN":"B085J6TZT3","DetailPageURL":"https://www.amazon.es/dp/B085J6TZT3?tag=topinalambricos-21&linkCode=osi&th=1&psc=1","Images":{"Primary":{"Small":{"Height":75,"URL":"https://m.media-amazon.com/images/I/51vVJ0moHAL._SL75_.jpg","Width":75}}},"ItemInfo":{"ByLineInfo":{"Brand":{"DisplayValue":"Ursus","Label":"Brand","Locale":"es_ES"},"Manufacturer":{"DisplayValue":"Buntpapierfabrik Ludwig Bähr GmbH & Co. KG","Label":"Manufacturer","Locale":"es_ES"}},"Title":{"DisplayValue":"Ursus ovillos g / 29 m, 100% algodón, 10 Colores, para Tejer y Hacer Ganchillo y pequeños proyectos de Manualidades, Pastel, Talla única, 290","Label":"Title","Locale":"es_ES"}},"Offers":{"Summaries":[{"Condition":{"Value":"New"},"LowestPrice":{"Amount":9.99,"Currency":"EUR","DisplayAmount":"9,99 € (0,03 € / metro)","PricePerUnit":0.03}}]}},{"ASIN":"B0CX5C4MTC","DetailPageURL":"https://www.amazon.es/dp/B0CX5C4MTC?tag=topinalambricos-21&linkCode=osi&th=1&psc=1","Images":{"Primary":{"Small":{"Height":75,"URL":"https://m.media-amazon.com/images/I/51xIEU-E3nL._SL75_.jpg","Width":75}}},"ItemInfo":{"ByLineInfo":{"Brand":{"DisplayValue":"SusggO","Label":"Brand","Locale":"es_ES"}},"Title":{"DisplayValue":"SusggO Pack 24 Ovillos Lanas para Crochet Ganchillo Lanas para Tejer Punto a mano DIY Madejas 60% Algodon 40% Acrilico Hilo para Tejer Ovillo Lana 25gr ±50m Colores surtidos","Label":"Title","Locale":"es_ES"}},"Offers":{"Summaries":[{"Condition":{"Value":"New"},"LowestPrice":{"Amount":21.9,"Currency":"EUR","DisplayAmount":"21,90 €"}}]}}],"SearchURL":"https://www.amazon.es/s?k=ganchillo+lana&rh=n%3A4358113031%2Cp_n_availability%3A-1&tag=topinalambricos-21&linkCode=osi","TotalResultCount":1000}},"19":{"SearchResult":{"Items":[{"ASIN":"B0C9TV88MK","DetailPageURL":"https://www.amazon.es/dp/B0C9TV88MK?tag=topinalambricos-21&linkCode=osi&th=1&psc=1","Images":{"Primary":{"Small":{"Height":75,"URL":"https://m.media-amazon.com/images/I/612YK7y3LYL._SL75_.jpg","Width":75}}},"ItemInfo":{"ByLineInfo":{"Brand":{"DisplayValue":"LPAOIS","Label":"Brand","Locale":"es_ES"}},"Title":{"DisplayValue":"LPAOIS Hilo para Tejer a Crochet, 24 colores, con 2 Ganchos de Ganchillo, Ovillos Acrílicos de Lana para DIY y Tejido a Mano","Label":"Title","Locale":"es_ES"}},"Offers":{"Summaries":[{"Condition":{"Value":"New"},"LowestPrice":{"Amount":17.99,"Currency":"EUR","DisplayAmount":"17,99 €"}}]}},{"ASIN":"B0CL6FP8H3","DetailPageURL":"https://www.amazon.es/dp/B0CL6FP8H3?tag=topinalambricos-21&linkCode=osi&th=1&psc=1","Images":{"Primary":{"Small":{"Height":75,"URL":"https://m.media-amazon.com/images/I/51i1j79Jx3L._SL75_.jpg","Width":75}}},"ItemInfo":{"ByLineInfo":{"Brand":{"DisplayValue":"TYXHXTF","Label":"Brand","Locale":"es_ES"},"Manufacturer":{"DisplayValue":"TYXHXTF","Label":"Manufacturer","Locale":"es_ES"}},"Title":{"DisplayValue":"TYXHXTF 24 PCS Lanas para Crochet, Ovillos de Lana de Hilo Acrílico, Hilo para Tejer a Crochet, Hilo de Tejer Acrílico, Lana para Tejer para Tejer DIY y Tejido a Mano","Label":"Title","Locale":"es_ES"}},"Offers":{"Summaries":[{"Condition":{"Value":"New"},"LowestPrice":{"Amount":11.99,"Currency":"EUR","DisplayAmount":"11,99 €"}}]}},{"ASIN":"B087BQK8WV","DetailPageURL":"https://www.amazon.es/dp/B087BQK8WV?tag=topinalambricos-21&linkCode=osi&th=1&psc=1","Images":{"Primary":{"Small":{"Height":69,"URL":"https://m.media-amazon.com/images/I/51C0dGM3t8L._SL75_.jpg","Width":75}}},"ItemInfo":{"ByLineInfo":{"Brand":{"DisplayValue":"ilauke","Label":"Brand","Locale":"es_ES"},"Manufacturer":{"DisplayValue":"ilauke","Label":"Manufacturer","Locale":"es_ES"}},"Title":{"DisplayValue":"Hilo para Tejer a Crochet, ilauke 20 * 30g Ovillo de Lana con 2 Ganchos de Ganchillo, 2 Agujas, 8 Marcadores y Bolsos Verdes, Lana Acrílico Multicolor","Label":"Title","Locale":"es_ES"}},"Offers":{"Summaries":[{"Condition":{"Value":"New"},"LowestPrice":{"Amount":19.97,"Currency":"EUR","DisplayAmount":"19,97 € (33,28 € / kg)","PricePerUnit":33.28}}]}},{"ASIN":"B0B1V9Q7H2","DetailPageURL":"https://www.amazon.es/dp/B0B1V9Q7H2?tag=topinalambricos-21&linkCode=osi&th=1&psc=1","Images":{"Primary":{"Small":{"Height":75,"URL":"https://m.media-amazon.com/images/I/41G1Q8ZzCLL._SL75_.jpg","Width":75}}},"ItemInfo":{"ByLineInfo":{"Brand":{"DisplayValue":"Lidia Crochet Tricot","Label":"Brand","Locale":"es_ES"},"Manufacturer":{"DisplayValue":"Lidia Crochet Tricot","Label":"Manufacturer","Locale":"es_ES"}},"Title":{"DisplayValue":"Classic- hilo de lana, lana acrílico, hilo de tejer, hilo de ganchillo (100 gr/ovillo ; 16 colores) (empresa española/envío desde España) (09)","Label":"Title","Locale":"es_ES"}},"Offers":{"Summaries":[{"Condition":{"Value":"New"},"LowestPrice":{"Amount":5.8,"Currency":"EUR","DisplayAmount":"5,80 €"}}]}},{"ASIN":"B0CF57YCM6","DetailPageURL":"https://www.amazon.es/dp/B0CF57YCM6?tag=topinalambricos-21&linkCode=osi&th=1&psc=1","Images":{"Primary":{"Small":{"Height":75,"URL":"https://m.media-amazon.com/images/I/516VA1-qBhL._SL75_.jpg","Width":75}}},"ItemInfo":{"ByLineInfo":{"Brand":{"DisplayValue":"VORHOT","Label":"Brand","Locale":"es_ES"},"Manufacturer":{"DisplayValue":"VORHOT","Label":"Manufacturer","Locale":"es_ES"}},"Title":{"DisplayValue":"VORHOT Hilo para Tejer a Crochet, 300g Hilo Crochet, Lanas para Crochet Suave, Ovillos de Algodon para Crochet (Tamaño de la Aguja: 3,0-4,0 mm), Color Rosa","Label":"Title","Locale":"es_ES"}},"Offers":{"Summaries":[{"Condition":{"Value":"New"},"LowestPrice":{"Amount":7.98,"Currency":"EUR","DisplayAmount":"7,98 €"}}]}},{"ASIN":"B0CFDMCN6X","DetailPageURL":"https://www.amazon.es/dp/B0CFDMCN6X?tag=topinalambricos-21&linkCode=osi&th=1&psc=1","Images":{"Primary":{"Small":{"Height":75,"URL":"https://m.media-amazon.com/images/I/51LNQzvSNpL._SL75_.jpg","Width":75}}},"ItemInfo":{"ByLineInfo":{"Brand":{"DisplayValue":"ZHHGOO","Label":"Brand","Locale":"es_ES"},"Manufacturer":{"DisplayValue":"ZHHGOO","Label":"Manufacturer","Locale":"es_ES"}},"Title":{"DisplayValue":"ZHHGOO Hilo para Tejer a Crochet,24 Colores,Ovillos de Lana Acrílica con 2 Ganchos de Ganchillo y Bolsa Organizadora,Lana para Tejer para DIY y Tejido a Mano","Label":"Title","Locale":"es_ES"}},"Offers":{"Summaries":[{"Condition":{"Value":"New"},"LowestPrice":{"Amount":15.99,"Currency":"EUR","DisplayAmount":"15,99 €"}}]}},{"ASIN":"B09SPWG4ZR","DetailPageURL":"https://www.amazon.es/dp/B09SPWG4ZR?tag=topinalambricos-21&linkCode=osi&th=1&psc=1","Images":{"Primary":{"Small":{"Height":75,"URL":"https://m.media-amazon.com/images/I/51QuOmbvIwL._SL75_.jpg","Width":61}}},"ItemInfo":{"ByLineInfo":{"Brand":{"DisplayValue":"Wollbiene","Label":"Brand","Locale":"es_ES"},"Manufacturer":{"DisplayValue":"Wollbiene","Label":"Manufacturer","Locale":"es_ES"}},"Title":{"DisplayValue":"5 ovillos de lana de abeja batik de 100 g, 500 g, con degradado, multicolor, lana de ganchillo (5040 arcoíris)","Label":"Title","Locale":"es_ES"}},"Offers":{"Summaries":[{"Condition":{"Value":"New"},"LowestPrice":{"Amount":22.36,"Currency":"EUR","DisplayAmount":"22,36 € (44,72 € / kg)","PricePerUnit":44.72}}]}},{"ASIN":"B0BML4JYYH","DetailPageURL":"https://www.amazon.es/dp/B0BML4JYYH?tag=topinalambricos-21&linkCode=osi&th=1&psc=1","Images":{"Primary":{"Small":{"Height":70,"URL":"https://m.media-amazon.com/images/I/51HAZmAo5bL._SL75_.jpg","Width":75}}},"ItemInfo":{"ByLineInfo":{"Brand":{"DisplayValue":"ilauke","Label":"Brand","Locale":"es_ES"},"Manufacturer":{"DisplayValue":"ilauke","Label":"Manufacturer","Locale":"es_ES"}},"Title":{"DisplayValue":"Kit de Ganchillos Multicolor,12 Multicolor 25g Ovillos Lanas Super Suave Algodón Leche Hilos Lana con 2 Piezas de Ganchillo,100% Acrílico para Ganchillo y Manualidades para Principiantes y Niños","Label":"Title","Locale":"es_ES"}},"Offers":{"Summaries":[{"Condition":{"Value":"New"},"LowestPrice":{"Amount":15.99,"Currency":"EUR","DisplayAmount":"15,99 €"}}]}},{"ASIN":"B085J6TZT3","DetailPageURL":"https://www.amazon.es/dp/B085J6TZT3?tag=topinalambricos-21&linkCode=osi&th=1&psc=1","Images":{"Primary":{"Small":{"Height":75,"URL":"https://m.media-amazon.com/images/I/51vVJ0moHAL._SL75_.jpg","Width":75}}},"ItemInfo":{"ByLineInfo":{"Brand":{"DisplayValue":"Ursus","Label":"Brand","Locale":"es_ES"},"Manufacturer":{"DisplayValue":"Buntpapierfabrik Ludwig Bähr GmbH & Co. KG","Label":"Manufacturer","Locale":"es_ES"}},"Title":{"DisplayValue":"Ursus ovillos g / 29 m, 100% algodón, 10 Colores, para Tejer y Hacer Ganchillo y pequeños proyectos de Manualidades, Pastel, Talla única, 290","Label":"Title","Locale":"es_ES"}},"Offers":{"Summaries":[{"Condition":{"Value":"New"},"LowestPrice":{"Amount":9.99,"Currency":"EUR","DisplayAmount":"9,99 € (0,03 € / metro)","PricePerUnit":0.03}}]}},{"ASIN":"B0CX5C4MTC","DetailPageURL":"https://www.amazon.es/dp/B0CX5C4MTC?tag=topinalambricos-21&linkCode=osi&th=1&psc=1","Images":{"Primary":{"Small":{"Height":75,"URL":"https://m.media-amazon.com/images/I/51xIEU-E3nL._SL75_.jpg","Width":75}}},"ItemInfo":{"ByLineInfo":{"Brand":{"DisplayValue":"SusggO","Label":"Brand","Locale":"es_ES"}},"Title":{"DisplayValue":"SusggO Pack 24 Ovillos Lanas para Crochet Ganchillo Lanas para Tejer Punto a mano DIY Madejas 60% Algodon 40% Acrilico Hilo para Tejer Ovillo Lana 25gr ±50m Colores surtidos","Label":"Title","Locale":"es_ES"}},"Offers":{"Summaries":[{"Condition":{"Value":"New"},"LowestPrice":{"Amount":21.9,"Currency":"EUR","DisplayAmount":"21,90 €"}}]}}],"SearchURL":"https://www.amazon.es/s?k=ganchillo+lana&rh=n%3A4358113031%2Cp_n_availability%3A-1&tag=topinalambricos-21&linkCode=osi","TotalResultCount":1000}},"20":{"SearchResult":{"Items":[{"ASIN":"B0C9TV88MK","DetailPageURL":"https://www.amazon.es/dp/B0C9TV88MK?tag=topinalambricos-21&linkCode=osi&th=1&psc=1","Images":{"Primary":{"Small":{"Height":75,"URL":"https://m.media-amazon.com/images/I/612YK7y3LYL._SL75_.jpg","Width":75}}},"ItemInfo":{"ByLineInfo":{"Brand":{"DisplayValue":"LPAOIS","Label":"Brand","Locale":"es_ES"}},"Title":{"DisplayValue":"LPAOIS Hilo para Tejer a Crochet, 24 colores, con 2 Ganchos de Ganchillo, Ovillos Acrílicos de Lana para DIY y Tejido a Mano","Label":"Title","Locale":"es_ES"}},"Offers":{"Summaries":[{"Condition":{"Value":"New"},"LowestPrice":{"Amount":17.99,"Currency":"EUR","DisplayAmount":"17,99 €"}}]}},{"ASIN":"B0CL6FP8H3","DetailPageURL":"https://www.amazon.es/dp/B0CL6FP8H3?tag=topinalambricos-21&linkCode=osi&th=1&psc=1","Images":{"Primary":{"Small":{"Height":75,"URL":"https://m.media-amazon.com/images/I/51i1j79Jx3L._SL75_.jpg","Width":75}}},"ItemInfo":{"ByLineInfo":{"Brand":{"DisplayValue":"TYXHXTF","Label":"Brand","Locale":"es_ES"},"Manufacturer":{"DisplayValue":"TYXHXTF","Label":"Manufacturer","Locale":"es_ES"}},"Title":{"DisplayValue":"TYXHXTF 24 PCS Lanas para Crochet, Ovillos de Lana de Hilo Acrílico, Hilo para Tejer a Crochet, Hilo de Tejer Acrílico, Lana para Tejer para Tejer DIY y Tejido a Mano","Label":"Title","Locale":"es_ES"}},"Offers":{"Summaries":[{"Condition":{"Value":"New"},"LowestPrice":{"Amount":11.99,"Currency":"EUR","DisplayAmount":"11,99 €"}}]}},{"ASIN":"B087BQK8WV","DetailPageURL":"https://www.amazon.es/dp/B087BQK8WV?tag=topinalambricos-21&linkCode=osi&th=1&psc=1","Images":{"Primary":{"Small":{"Height":69,"URL":"https://m.media-amazon.com/images/I/51C0dGM3t8L._SL75_.jpg","Width":75}}},"ItemInfo":{"ByLineInfo":{"Brand":{"DisplayValue":"ilauke","Label":"Brand","Locale":"es_ES"},"Manufacturer":{"DisplayValue":"ilauke","Label":"Manufacturer","Locale":"es_ES"}},"Title":{"DisplayValue":"Hilo para Tejer a Crochet, ilauke 20 * 30g Ovillo de Lana con 2 Ganchos de Ganchillo, 2 Agujas, 8 Marcadores y Bolsos Verdes, Lana Acrílico Multicolor","Label":"Title","Locale":"es_ES"}},"Offers":{"Summaries":[{"Condition":{"Value":"New"},"LowestPrice":{"Amount":19.97,"Currency":"EUR","DisplayAmount":"19,97 € (33,28 € / kg)","PricePerUnit":33.28}}]}},{"ASIN":"B0B1V9Q7H2","DetailPageURL":"https://www.amazon.es/dp/B0B1V9Q7H2?tag=topinalambricos-21&linkCode=osi&th=1&psc=1","Images":{"Primary":{"Small":{"Height":75,"URL":"https://m.media-amazon.com/images/I/41G1Q8ZzCLL._SL75_.jpg","Width":75}}},"ItemInfo":{"ByLineInfo":{"Brand":{"DisplayValue":"Lidia Crochet Tricot","Label":"Brand","Locale":"es_ES"},"Manufacturer":{"DisplayValue":"Lidia Crochet Tricot","Label":"Manufacturer","Locale":"es_ES"}},"Title":{"DisplayValue":"Classic- hilo de lana, lana acrílico, hilo de tejer, hilo de ganchillo (100 gr/ovillo ; 16 colores) (empresa española/envío desde España) (09)","Label":"Title","Locale":"es_ES"}},"Offers":{"Summaries":[{"Condition":{"Value":"New"},"LowestPrice":{"Amount":5.8,"Currency":"EUR","DisplayAmount":"5,80 €"}}]}},{"ASIN":"B0CF57YCM6","DetailPageURL":"https://www.amazon.es/dp/B0CF57YCM6?tag=topinalambricos-21&linkCode=osi&th=1&psc=1","Images":{"Primary":{"Small":{"Height":75,"URL":"https://m.media-amazon.com/images/I/516VA1-qBhL._SL75_.jpg","Width":75}}},"ItemInfo":{"ByLineInfo":{"Brand":{"DisplayValue":"VORHOT","Label":"Brand","Locale":"es_ES"},"Manufacturer":{"DisplayValue":"VORHOT","Label":"Manufacturer","Locale":"es_ES"}},"Title":{"DisplayValue":"VORHOT Hilo para Tejer a Crochet, 300g Hilo Crochet, Lanas para Crochet Suave, Ovillos de Algodon para Crochet (Tamaño de la Aguja: 3,0-4,0 mm), Color Rosa","Label":"Title","Locale":"es_ES"}},"Offers":{"Summaries":[{"Condition":{"Value":"New"},"LowestPrice":{"Amount":7.98,"Currency":"EUR","DisplayAmount":"7,98 €"}}]}},{"ASIN":"B0CFDMCN6X","DetailPageURL":"https://www.amazon.es/dp/B0CFDMCN6X?tag=topinalambricos-21&linkCode=osi&th=1&psc=1","Images":{"Primary":{"Small":{"Height":75,"URL":"https://m.media-amazon.com/images/I/51LNQzvSNpL._SL75_.jpg","Width":75}}},"ItemInfo":{"ByLineInfo":{"Brand":{"DisplayValue":"ZHHGOO","Label":"Brand","Locale":"es_ES"},"Manufacturer":{"DisplayValue":"ZHHGOO","Label":"Manufacturer","Locale":"es_ES"}},"Title":{"DisplayValue":"ZHHGOO Hilo para Tejer a Crochet,24 Colores,Ovillos de Lana Acrílica con 2 Ganchos de Ganchillo y Bolsa Organizadora,Lana para Tejer para DIY y Tejido a Mano","Label":"Title","Locale":"es_ES"}},"Offers":{"Summaries":[{"Condition":{"Value":"New"},"LowestPrice":{"Amount":15.99,"Currency":"EUR","DisplayAmount":"15,99 €"}}]}},{"ASIN":"B09SPWG4ZR","DetailPageURL":"https://www.amazon.es/dp/B09SPWG4ZR?tag=topinalambricos-21&linkCode=osi&th=1&psc=1","Images":{"Primary":{"Small":{"Height":75,"URL":"https://m.media-amazon.com/images/I/51QuOmbvIwL._SL75_.jpg","Width":61}}},"ItemInfo":{"ByLineInfo":{"Brand":{"DisplayValue":"Wollbiene","Label":"Brand","Locale":"es_ES"},"Manufacturer":{"DisplayValue":"Wollbiene","Label":"Manufacturer","Locale":"es_ES"}},"Title":{"DisplayValue":"5 ovillos de lana de abeja batik de 100 g, 500 g, con degradado, multicolor, lana de ganchillo (5040 arcoíris)","Label":"Title","Locale":"es_ES"}},"Offers":{"Summaries":[{"Condition":{"Value":"New"},"LowestPrice":{"Amount":22.36,"Currency":"EUR","DisplayAmount":"22,36 € (44,72 € / kg)","PricePerUnit":44.72}}]}},{"ASIN":"B0BML4JYYH","DetailPageURL":"https://www.amazon.es/dp/B0BML4JYYH?tag=topinalambricos-21&linkCode=osi&th=1&psc=1","Images":{"Primary":{"Small":{"Height":70,"URL":"https://m.media-amazon.com/images/I/51HAZmAo5bL._SL75_.jpg","Width":75}}},"ItemInfo":{"ByLineInfo":{"Brand":{"DisplayValue":"ilauke","Label":"Brand","Locale":"es_ES"},"Manufacturer":{"DisplayValue":"ilauke","Label":"Manufacturer","Locale":"es_ES"}},"Title":{"DisplayValue":"Kit de Ganchillos Multicolor,12 Multicolor 25g Ovillos Lanas Super Suave Algodón Leche Hilos Lana con 2 Piezas de Ganchillo,100% Acrílico para Ganchillo y Manualidades para Principiantes y Niños","Label":"Title","Locale":"es_ES"}},"Offers":{"Summaries":[{"Condition":{"Value":"New"},"LowestPrice":{"Amount":15.99,"Currency":"EUR","DisplayAmount":"15,99 €"}}]}},{"ASIN":"B085J6TZT3","DetailPageURL":"https://www.amazon.es/dp/B085J6TZT3?tag=topinalambricos-21&linkCode=osi&th=1&psc=1","Images":{"Primary":{"Small":{"Height":75,"URL":"https://m.media-amazon.com/images/I/51vVJ0moHAL._SL75_.jpg","Width":75}}},"ItemInfo":{"ByLineInfo":{"Brand":{"DisplayValue":"Ursus","Label":"Brand","Locale":"es_ES"},"Manufacturer":{"DisplayValue":"Buntpapierfabrik Ludwig Bähr GmbH & Co. KG","Label":"Manufacturer","Locale":"es_ES"}},"Title":{"DisplayValue":"Ursus ovillos g / 29 m, 100% algodón, 10 Colores, para Tejer y Hacer Ganchillo y pequeños proyectos de Manualidades, Pastel, Talla única, 290","Label":"Title","Locale":"es_ES"}},"Offers":{"Summaries":[{"Condition":{"Value":"New"},"LowestPrice":{"Amount":9.99,"Currency":"EUR","DisplayAmount":"9,99 € (0,03 € / metro)","PricePerUnit":0.03}}]}},{"ASIN":"B0CX5C4MTC","DetailPageURL":"https://www.amazon.es/dp/B0CX5C4MTC?tag=topinalambricos-21&linkCode=osi&th=1&psc=1","Images":{"Primary":{"Small":{"Height":75,"URL":"https://m.media-amazon.com/images/I/51xIEU-E3nL._SL75_.jpg","Width":75}}},"ItemInfo":{"ByLineInfo":{"Brand":{"DisplayValue":"SusggO","Label":"Brand","Locale":"es_ES"}},"Title":{"DisplayValue":"SusggO Pack 24 Ovillos Lanas para Crochet Ganchillo Lanas para Tejer Punto a mano DIY Madejas 60% Algodon 40% Acrilico Hilo para Tejer Ovillo Lana 25gr ±50m Colores surtidos","Label":"Title","Locale":"es_ES"}},"Offers":{"Summaries":[{"Condition":{"Value":"New"},"LowestPrice":{"Amount":21.9,"Currency":"EUR","DisplayAmount":"21,90 €"}}]}}],"SearchURL":"https://www.amazon.es/s?k=ganchillo+lana&rh=n%3A4358113031%2Cp_n_availability%3A-1&tag=topinalambricos-21&linkCode=osi","TotalResultCount":1000}},"22":{"SearchResult":{"Items":[{"ASIN":"B0C9TV88MK","DetailPageURL":"https://www.amazon.es/dp/B0C9TV88MK?tag=topinalambricos-21&linkCode=osi&th=1&psc=1","Images":{"Primary":{"Small":{"Height":75,"URL":"https://m.media-amazon.com/images/I/612YK7y3LYL._SL75_.jpg","Width":75}}},"ItemInfo":{"ByLineInfo":{"Brand":{"DisplayValue":"LPAOIS","Label":"Brand","Locale":"es_ES"}},"Title":{"DisplayValue":"LPAOIS Hilo para Tejer a Crochet, 24 colores, con 2 Ganchos de Ganchillo, Ovillos Acrílicos de Lana para DIY y Tejido a Mano","Label":"Title","Locale":"es_ES"}},"Offers":{"Summaries":[{"Condition":{"Value":"New"},"LowestPrice":{"Amount":17.99,"Currency":"EUR","DisplayAmount":"17,99 €"}}]}},{"ASIN":"B0CL6FP8H3","DetailPageURL":"https://www.amazon.es/dp/B0CL6FP8H3?tag=topinalambricos-21&linkCode=osi&th=1&psc=1","Images":{"Primary":{"Small":{"Height":75,"URL":"https://m.media-amazon.com/images/I/51i1j79Jx3L._SL75_.jpg","Width":75}}},"ItemInfo":{"ByLineInfo":{"Brand":{"DisplayValue":"TYXHXTF","Label":"Brand","Locale":"es_ES"},"Manufacturer":{"DisplayValue":"TYXHXTF","Label":"Manufacturer","Locale":"es_ES"}},"Title":{"DisplayValue":"TYXHXTF 24 PCS Lanas para Crochet, Ovillos de Lana de Hilo Acrílico, Hilo para Tejer a Crochet, Hilo de Tejer Acrílico, Lana para Tejer para Tejer DIY y Tejido a Mano","Label":"Title","Locale":"es_ES"}},"Offers":{"Summaries":[{"Condition":{"Value":"New"},"LowestPrice":{"Amount":11.99,"Currency":"EUR","DisplayAmount":"11,99 €"}}]}},{"ASIN":"B087BQK8WV","DetailPageURL":"https://www.amazon.es/dp/B087BQK8WV?tag=topinalambricos-21&linkCode=osi&th=1&psc=1","Images":{"Primary":{"Small":{"Height":69,"URL":"https://m.media-amazon.com/images/I/51C0dGM3t8L._SL75_.jpg","Width":75}}},"ItemInfo":{"ByLineInfo":{"Brand":{"DisplayValue":"ilauke","Label":"Brand","Locale":"es_ES"},"Manufacturer":{"DisplayValue":"ilauke","Label":"Manufacturer","Locale":"es_ES"}},"Title":{"DisplayValue":"Hilo para Tejer a Crochet, ilauke 20 * 30g Ovillo de Lana con 2 Ganchos de Ganchillo, 2 Agujas, 8 Marcadores y Bolsos Verdes, Lana Acrílico Multicolor","Label":"Title","Locale":"es_ES"}},"Offers":{"Summaries":[{"Condition":{"Value":"New"},"LowestPrice":{"Amount":19.97,"Currency":"EUR","DisplayAmount":"19,97 € (33,28 € / kg)","PricePerUnit":33.28}}]}},{"ASIN":"B0B1V9Q7H2","DetailPageURL":"https://www.amazon.es/dp/B0B1V9Q7H2?tag=topinalambricos-21&linkCode=osi&th=1&psc=1","Images":{"Primary":{"Small":{"Height":75,"URL":"https://m.media-amazon.com/images/I/41G1Q8ZzCLL._SL75_.jpg","Width":75}}},"ItemInfo":{"ByLineInfo":{"Brand":{"DisplayValue":"Lidia Crochet Tricot","Label":"Brand","Locale":"es_ES"},"Manufacturer":{"DisplayValue":"Lidia Crochet Tricot","Label":"Manufacturer","Locale":"es_ES"}},"Title":{"DisplayValue":"Classic- hilo de lana, lana acrílico, hilo de tejer, hilo de ganchillo (100 gr/ovillo ; 16 colores) (empresa española/envío desde España) (09)","Label":"Title","Locale":"es_ES"}},"Offers":{"Summaries":[{"Condition":{"Value":"New"},"LowestPrice":{"Amount":5.8,"Currency":"EUR","DisplayAmount":"5,80 €"}}]}},{"ASIN":"B0CF57YCM6","DetailPageURL":"https://www.amazon.es/dp/B0CF57YCM6?tag=topinalambricos-21&linkCode=osi&th=1&psc=1","Images":{"Primary":{"Small":{"Height":75,"URL":"https://m.media-amazon.com/images/I/516VA1-qBhL._SL75_.jpg","Width":75}}},"ItemInfo":{"ByLineInfo":{"Brand":{"DisplayValue":"VORHOT","Label":"Brand","Locale":"es_ES"},"Manufacturer":{"DisplayValue":"VORHOT","Label":"Manufacturer","Locale":"es_ES"}},"Title":{"DisplayValue":"VORHOT Hilo para Tejer a Crochet, 300g Hilo Crochet, Lanas para Crochet Suave, Ovillos de Algodon para Crochet (Tamaño de la Aguja: 3,0-4,0 mm), Color Rosa","Label":"Title","Locale":"es_ES"}},"Offers":{"Summaries":[{"Condition":{"Value":"New"},"LowestPrice":{"Amount":7.98,"Currency":"EUR","DisplayAmount":"7,98 €"}}]}},{"ASIN":"B0CFDMCN6X","DetailPageURL":"https://www.amazon.es/dp/B0CFDMCN6X?tag=topinalambricos-21&linkCode=osi&th=1&psc=1","Images":{"Primary":{"Small":{"Height":75,"URL":"https://m.media-amazon.com/images/I/51LNQzvSNpL._SL75_.jpg","Width":75}}},"ItemInfo":{"ByLineInfo":{"Brand":{"DisplayValue":"ZHHGOO","Label":"Brand","Locale":"es_ES"},"Manufacturer":{"DisplayValue":"ZHHGOO","Label":"Manufacturer","Locale":"es_ES"}},"Title":{"DisplayValue":"ZHHGOO Hilo para Tejer a Crochet,24 Colores,Ovillos de Lana Acrílica con 2 Ganchos de Ganchillo y Bolsa Organizadora,Lana para Tejer para DIY y Tejido a Mano","Label":"Title","Locale":"es_ES"}},"Offers":{"Summaries":[{"Condition":{"Value":"New"},"LowestPrice":{"Amount":15.99,"Currency":"EUR","DisplayAmount":"15,99 €"}}]}},{"ASIN":"B09SPWG4ZR","DetailPageURL":"https://www.amazon.es/dp/B09SPWG4ZR?tag=topinalambricos-21&linkCode=osi&th=1&psc=1","Images":{"Primary":{"Small":{"Height":75,"URL":"https://m.media-amazon.com/images/I/51QuOmbvIwL._SL75_.jpg","Width":61}}},"ItemInfo":{"ByLineInfo":{"Brand":{"DisplayValue":"Wollbiene","Label":"Brand","Locale":"es_ES"},"Manufacturer":{"DisplayValue":"Wollbiene","Label":"Manufacturer","Locale":"es_ES"}},"Title":{"DisplayValue":"5 ovillos de lana de abeja batik de 100 g, 500 g, con degradado, multicolor, lana de ganchillo (5040 arcoíris)","Label":"Title","Locale":"es_ES"}},"Offers":{"Summaries":[{"Condition":{"Value":"New"},"LowestPrice":{"Amount":22.36,"Currency":"EUR","DisplayAmount":"22,36 € (44,72 € / kg)","PricePerUnit":44.72}}]}},{"ASIN":"B0BML4JYYH","DetailPageURL":"https://www.amazon.es/dp/B0BML4JYYH?tag=topinalambricos-21&linkCode=osi&th=1&psc=1","Images":{"Primary":{"Small":{"Height":70,"URL":"https://m.media-amazon.com/images/I/51HAZmAo5bL._SL75_.jpg","Width":75}}},"ItemInfo":{"ByLineInfo":{"Brand":{"DisplayValue":"ilauke","Label":"Brand","Locale":"es_ES"},"Manufacturer":{"DisplayValue":"ilauke","Label":"Manufacturer","Locale":"es_ES"}},"Title":{"DisplayValue":"Kit de Ganchillos Multicolor,12 Multicolor 25g Ovillos Lanas Super Suave Algodón Leche Hilos Lana con 2 Piezas de Ganchillo,100% Acrílico para Ganchillo y Manualidades para Principiantes y Niños","Label":"Title","Locale":"es_ES"}},"Offers":{"Summaries":[{"Condition":{"Value":"New"},"LowestPrice":{"Amount":15.99,"Currency":"EUR","DisplayAmount":"15,99 €"}}]}},{"ASIN":"B085J6TZT3","DetailPageURL":"https://www.amazon.es/dp/B085J6TZT3?tag=topinalambricos-21&linkCode=osi&th=1&psc=1","Images":{"Primary":{"Small":{"Height":75,"URL":"https://m.media-amazon.com/images/I/51vVJ0moHAL._SL75_.jpg","Width":75}}},"ItemInfo":{"ByLineInfo":{"Brand":{"DisplayValue":"Ursus","Label":"Brand","Locale":"es_ES"},"Manufacturer":{"DisplayValue":"Buntpapierfabrik Ludwig Bähr GmbH & Co. KG","Label":"Manufacturer","Locale":"es_ES"}},"Title":{"DisplayValue":"Ursus ovillos g / 29 m, 100% algodón, 10 Colores, para Tejer y Hacer Ganchillo y pequeños proyectos de Manualidades, Pastel, Talla única, 290","Label":"Title","Locale":"es_ES"}},"Offers":{"Summaries":[{"Condition":{"Value":"New"},"LowestPrice":{"Amount":9.99,"Currency":"EUR","DisplayAmount":"9,99 € (0,03 € / metro)","PricePerUnit":0.03}}]}},{"ASIN":"B0CX5C4MTC","DetailPageURL":"https://www.amazon.es/dp/B0CX5C4MTC?tag=topinalambricos-21&linkCode=osi&th=1&psc=1","Images":{"Primary":{"Small":{"Height":75,"URL":"https://m.media-amazon.com/images/I/51xIEU-E3nL._SL75_.jpg","Width":75}}},"ItemInfo":{"ByLineInfo":{"Brand":{"DisplayValue":"SusggO","Label":"Brand","Locale":"es_ES"}},"Title":{"DisplayValue":"SusggO Pack 24 Ovillos Lanas para Crochet Ganchillo Lanas para Tejer Punto a mano DIY Madejas 60% Algodon 40% Acrilico Hilo para Tejer Ovillo Lana 25gr ±50m Colores surtidos","Label":"Title","Locale":"es_ES"}},"Offers":{"Summaries":[{"Condition":{"Value":"New"},"LowestPrice":{"Amount":21.9,"Currency":"EUR","DisplayAmount":"21,90 €"}}]}}],"SearchURL":"https://www.amazon.es/s?k=ganchillo+lana&rh=n%3A4358113031%2Cp_n_availability%3A-1&tag=topinalambricos-21&linkCode=osi","TotalResultCount":1000}},"23":{"SearchResult":{"Items":[{"ASIN":"B0C9TV88MK","DetailPageURL":"https://www.amazon.es/dp/B0C9TV88MK?tag=topinalambricos-21&linkCode=osi&th=1&psc=1","Images":{"Primary":{"Small":{"Height":75,"URL":"https://m.media-amazon.com/images/I/612YK7y3LYL._SL75_.jpg","Width":75}}},"ItemInfo":{"ByLineInfo":{"Brand":{"DisplayValue":"LPAOIS","Label":"Brand","Locale":"es_ES"}},"Title":{"DisplayValue":"LPAOIS Hilo para Tejer a Crochet, 24 colores, con 2 Ganchos de Ganchillo, Ovillos Acrílicos de Lana para DIY y Tejido a Mano","Label":"Title","Locale":"es_ES"}},"Offers":{"Summaries":[{"Condition":{"Value":"New"},"LowestPrice":{"Amount":17.99,"Currency":"EUR","DisplayAmount":"17,99 €"}}]}},{"ASIN":"B0CL6FP8H3","DetailPageURL":"https://www.amazon.es/dp/B0CL6FP8H3?tag=topinalambricos-21&linkCode=osi&th=1&psc=1","Images":{"Primary":{"Small":{"Height":75,"URL":"https://m.media-amazon.com/images/I/51i1j79Jx3L._SL75_.jpg","Width":75}}},"ItemInfo":{"ByLineInfo":{"Brand":{"DisplayValue":"TYXHXTF","Label":"Brand","Locale":"es_ES"},"Manufacturer":{"DisplayValue":"TYXHXTF","Label":"Manufacturer","Locale":"es_ES"}},"Title":{"DisplayValue":"TYXHXTF 24 PCS Lanas para Crochet, Ovillos de Lana de Hilo Acrílico, Hilo para Tejer a Crochet, Hilo de Tejer Acrílico, Lana para Tejer para Tejer DIY y Tejido a Mano","Label":"Title","Locale":"es_ES"}},"Offers":{"Summaries":[{"Condition":{"Value":"New"},"LowestPrice":{"Amount":11.99,"Currency":"EUR","DisplayAmount":"11,99 €"}}]}},{"ASIN":"B087BQK8WV","DetailPageURL":"https://www.amazon.es/dp/B087BQK8WV?tag=topinalambricos-21&linkCode=osi&th=1&psc=1","Images":{"Primary":{"Small":{"Height":69,"URL":"https://m.media-amazon.com/images/I/51C0dGM3t8L._SL75_.jpg","Width":75}}},"ItemInfo":{"ByLineInfo":{"Brand":{"DisplayValue":"ilauke","Label":"Brand","Locale":"es_ES"},"Manufacturer":{"DisplayValue":"ilauke","Label":"Manufacturer","Locale":"es_ES"}},"Title":{"DisplayValue":"Hilo para Tejer a Crochet, ilauke 20 * 30g Ovillo de Lana con 2 Ganchos de Ganchillo, 2 Agujas, 8 Marcadores y Bolsos Verdes, Lana Acrílico Multicolor","Label":"Title","Locale":"es_ES"}},"Offers":{"Summaries":[{"Condition":{"Value":"New"},"LowestPrice":{"Amount":19.97,"Currency":"EUR","DisplayAmount":"19,97 € (33,28 € / kg)","PricePerUnit":33.28}}]}},{"ASIN":"B0B1V9Q7H2","DetailPageURL":"https://www.amazon.es/dp/B0B1V9Q7H2?tag=topinalambricos-21&linkCode=osi&th=1&psc=1","Images":{"Primary":{"Small":{"Height":75,"URL":"https://m.media-amazon.com/images/I/41G1Q8ZzCLL._SL75_.jpg","Width":75}}},"ItemInfo":{"ByLineInfo":{"Brand":{"DisplayValue":"Lidia Crochet Tricot","Label":"Brand","Locale":"es_ES"},"Manufacturer":{"DisplayValue":"Lidia Crochet Tricot","Label":"Manufacturer","Locale":"es_ES"}},"Title":{"DisplayValue":"Classic- hilo de lana, lana acrílico, hilo de tejer, hilo de ganchillo (100 gr/ovillo ; 16 colores) (empresa española/envío desde España) (09)","Label":"Title","Locale":"es_ES"}},"Offers":{"Summaries":[{"Condition":{"Value":"New"},"LowestPrice":{"Amount":5.8,"Currency":"EUR","DisplayAmount":"5,80 €"}}]}},{"ASIN":"B0CF57YCM6","DetailPageURL":"https://www.amazon.es/dp/B0CF57YCM6?tag=topinalambricos-21&linkCode=osi&th=1&psc=1","Images":{"Primary":{"Small":{"Height":75,"URL":"https://m.media-amazon.com/images/I/516VA1-qBhL._SL75_.jpg","Width":75}}},"ItemInfo":{"ByLineInfo":{"Brand":{"DisplayValue":"VORHOT","Label":"Brand","Locale":"es_ES"},"Manufacturer":{"DisplayValue":"VORHOT","Label":"Manufacturer","Locale":"es_ES"}},"Title":{"DisplayValue":"VORHOT Hilo para Tejer a Crochet, 300g Hilo Crochet, Lanas para Crochet Suave, Ovillos de Algodon para Crochet (Tamaño de la Aguja: 3,0-4,0 mm), Color Rosa","Label":"Title","Locale":"es_ES"}},"Offers":{"Summaries":[{"Condition":{"Value":"New"},"LowestPrice":{"Amount":7.98,"Currency":"EUR","DisplayAmount":"7,98 €"}}]}},{"ASIN":"B0CFDMCN6X","DetailPageURL":"https://www.amazon.es/dp/B0CFDMCN6X?tag=topinalambricos-21&linkCode=osi&th=1&psc=1","Images":{"Primary":{"Small":{"Height":75,"URL":"https://m.media-amazon.com/images/I/51LNQzvSNpL._SL75_.jpg","Width":75}}},"ItemInfo":{"ByLineInfo":{"Brand":{"DisplayValue":"ZHHGOO","Label":"Brand","Locale":"es_ES"},"Manufacturer":{"DisplayValue":"ZHHGOO","Label":"Manufacturer","Locale":"es_ES"}},"Title":{"DisplayValue":"ZHHGOO Hilo para Tejer a Crochet,24 Colores,Ovillos de Lana Acrílica con 2 Ganchos de Ganchillo y Bolsa Organizadora,Lana para Tejer para DIY y Tejido a Mano","Label":"Title","Locale":"es_ES"}},"Offers":{"Summaries":[{"Condition":{"Value":"New"},"LowestPrice":{"Amount":15.99,"Currency":"EUR","DisplayAmount":"15,99 €"}}]}},{"ASIN":"B09SPWG4ZR","DetailPageURL":"https://www.amazon.es/dp/B09SPWG4ZR?tag=topinalambricos-21&linkCode=osi&th=1&psc=1","Images":{"Primary":{"Small":{"Height":75,"URL":"https://m.media-amazon.com/images/I/51QuOmbvIwL._SL75_.jpg","Width":61}}},"ItemInfo":{"ByLineInfo":{"Brand":{"DisplayValue":"Wollbiene","Label":"Brand","Locale":"es_ES"},"Manufacturer":{"DisplayValue":"Wollbiene","Label":"Manufacturer","Locale":"es_ES"}},"Title":{"DisplayValue":"5 ovillos de lana de abeja batik de 100 g, 500 g, con degradado, multicolor, lana de ganchillo (5040 arcoíris)","Label":"Title","Locale":"es_ES"}},"Offers":{"Summaries":[{"Condition":{"Value":"New"},"LowestPrice":{"Amount":22.36,"Currency":"EUR","DisplayAmount":"22,36 € (44,72 € / kg)","PricePerUnit":44.72}}]}},{"ASIN":"B0BML4JYYH","DetailPageURL":"https://www.amazon.es/dp/B0BML4JYYH?tag=topinalambricos-21&linkCode=osi&th=1&psc=1","Images":{"Primary":{"Small":{"Height":70,"URL":"https://m.media-amazon.com/images/I/51HAZmAo5bL._SL75_.jpg","Width":75}}},"ItemInfo":{"ByLineInfo":{"Brand":{"DisplayValue":"ilauke","Label":"Brand","Locale":"es_ES"},"Manufacturer":{"DisplayValue":"ilauke","Label":"Manufacturer","Locale":"es_ES"}},"Title":{"DisplayValue":"Kit de Ganchillos Multicolor,12 Multicolor 25g Ovillos Lanas Super Suave Algodón Leche Hilos Lana con 2 Piezas de Ganchillo,100% Acrílico para Ganchillo y Manualidades para Principiantes y Niños","Label":"Title","Locale":"es_ES"}},"Offers":{"Summaries":[{"Condition":{"Value":"New"},"LowestPrice":{"Amount":15.99,"Currency":"EUR","DisplayAmount":"15,99 €"}}]}},{"ASIN":"B085J6TZT3","DetailPageURL":"https://www.amazon.es/dp/B085J6TZT3?tag=topinalambricos-21&linkCode=osi&th=1&psc=1","Images":{"Primary":{"Small":{"Height":75,"URL":"https://m.media-amazon.com/images/I/51vVJ0moHAL._SL75_.jpg","Width":75}}},"ItemInfo":{"ByLineInfo":{"Brand":{"DisplayValue":"Ursus","Label":"Brand","Locale":"es_ES"},"Manufacturer":{"DisplayValue":"Buntpapierfabrik Ludwig Bähr GmbH & Co. KG","Label":"Manufacturer","Locale":"es_ES"}},"Title":{"DisplayValue":"Ursus ovillos g / 29 m, 100% algodón, 10 Colores, para Tejer y Hacer Ganchillo y pequeños proyectos de Manualidades, Pastel, Talla única, 290","Label":"Title","Locale":"es_ES"}},"Offers":{"Summaries":[{"Condition":{"Value":"New"},"LowestPrice":{"Amount":9.99,"Currency":"EUR","DisplayAmount":"9,99 € (0,03 € / metro)","PricePerUnit":0.03}}]}},{"ASIN":"B0CX5C4MTC","DetailPageURL":"https://www.amazon.es/dp/B0CX5C4MTC?tag=topinalambricos-21&linkCode=osi&th=1&psc=1","Images":{"Primary":{"Small":{"Height":75,"URL":"https://m.media-amazon.com/images/I/51xIEU-E3nL._SL75_.jpg","Width":75}}},"ItemInfo":{"ByLineInfo":{"Brand":{"DisplayValue":"SusggO","Label":"Brand","Locale":"es_ES"}},"Title":{"DisplayValue":"SusggO Pack 24 Ovillos Lanas para Crochet Ganchillo Lanas para Tejer Punto a mano DIY Madejas 60% Algodon 40% Acrilico Hilo para Tejer Ovillo Lana 25gr ±50m Colores surtidos","Label":"Title","Locale":"es_ES"}},"Offers":{"Summaries":[{"Condition":{"Value":"New"},"LowestPrice":{"Amount":21.9,"Currency":"EUR","DisplayAmount":"21,90 €"}}]}}],"SearchURL":"https://www.amazon.es/s?k=ganchillo+lana&rh=n%3A4358113031%2Cp_n_availability%3A-1&tag=topinalambricos-21&linkCode=osi","TotalResultCount":1000}},"24":{"SearchResult":{"Items":[{"ASIN":"B0C9TV88MK","DetailPageURL":"https://www.amazon.es/dp/B0C9TV88MK?tag=topinalambricos-21&linkCode=osi&th=1&psc=1","Images":{"Primary":{"Small":{"Height":75,"URL":"https://m.media-amazon.com/images/I/612YK7y3LYL._SL75_.jpg","Width":75}}},"ItemInfo":{"ByLineInfo":{"Brand":{"DisplayValue":"LPAOIS","Label":"Brand","Locale":"es_ES"}},"Title":{"DisplayValue":"LPAOIS Hilo para Tejer a Crochet, 24 colores, con 2 Ganchos de Ganchillo, Ovillos Acrílicos de Lana para DIY y Tejido a Mano","Label":"Title","Locale":"es_ES"}},"Offers":{"Summaries":[{"Condition":{"Value":"New"},"LowestPrice":{"Amount":17.99,"Currency":"EUR","DisplayAmount":"17,99 €"}}]}},{"ASIN":"B0CL6FP8H3","DetailPageURL":"https://www.amazon.es/dp/B0CL6FP8H3?tag=topinalambricos-21&linkCode=osi&th=1&psc=1","Images":{"Primary":{"Small":{"Height":75,"URL":"https://m.media-amazon.com/images/I/51i1j79Jx3L._SL75_.jpg","Width":75}}},"ItemInfo":{"ByLineInfo":{"Brand":{"DisplayValue":"TYXHXTF","Label":"Brand","Locale":"es_ES"},"Manufacturer":{"DisplayValue":"TYXHXTF","Label":"Manufacturer","Locale":"es_ES"}},"Title":{"DisplayValue":"TYXHXTF 24 PCS Lanas para Crochet, Ovillos de Lana de Hilo Acrílico, Hilo para Tejer a Crochet, Hilo de Tejer Acrílico, Lana para Tejer para Tejer DIY y Tejido a Mano","Label":"Title","Locale":"es_ES"}},"Offers":{"Summaries":[{"Condition":{"Value":"New"},"LowestPrice":{"Amount":11.99,"Currency":"EUR","DisplayAmount":"11,99 €"}}]}},{"ASIN":"B087BQK8WV","DetailPageURL":"https://www.amazon.es/dp/B087BQK8WV?tag=topinalambricos-21&linkCode=osi&th=1&psc=1","Images":{"Primary":{"Small":{"Height":69,"URL":"https://m.media-amazon.com/images/I/51C0dGM3t8L._SL75_.jpg","Width":75}}},"ItemInfo":{"ByLineInfo":{"Brand":{"DisplayValue":"ilauke","Label":"Brand","Locale":"es_ES"},"Manufacturer":{"DisplayValue":"ilauke","Label":"Manufacturer","Locale":"es_ES"}},"Title":{"DisplayValue":"Hilo para Tejer a Crochet, ilauke 20 * 30g Ovillo de Lana con 2 Ganchos de Ganchillo, 2 Agujas, 8 Marcadores y Bolsos Verdes, Lana Acrílico Multicolor","Label":"Title","Locale":"es_ES"}},"Offers":{"Summaries":[{"Condition":{"Value":"New"},"LowestPrice":{"Amount":19.97,"Currency":"EUR","DisplayAmount":"19,97 € (33,28 € / kg)","PricePerUnit":33.28}}]}},{"ASIN":"B0B1V9Q7H2","DetailPageURL":"https://www.amazon.es/dp/B0B1V9Q7H2?tag=topinalambricos-21&linkCode=osi&th=1&psc=1","Images":{"Primary":{"Small":{"Height":75,"URL":"https://m.media-amazon.com/images/I/41G1Q8ZzCLL._SL75_.jpg","Width":75}}},"ItemInfo":{"ByLineInfo":{"Brand":{"DisplayValue":"Lidia Crochet Tricot","Label":"Brand","Locale":"es_ES"},"Manufacturer":{"DisplayValue":"Lidia Crochet Tricot","Label":"Manufacturer","Locale":"es_ES"}},"Title":{"DisplayValue":"Classic- hilo de lana, lana acrílico, hilo de tejer, hilo de ganchillo (100 gr/ovillo ; 16 colores) (empresa española/envío desde España) (09)","Label":"Title","Locale":"es_ES"}},"Offers":{"Summaries":[{"Condition":{"Value":"New"},"LowestPrice":{"Amount":5.8,"Currency":"EUR","DisplayAmount":"5,80 €"}}]}},{"ASIN":"B0CF57YCM6","DetailPageURL":"https://www.amazon.es/dp/B0CF57YCM6?tag=topinalambricos-21&linkCode=osi&th=1&psc=1","Images":{"Primary":{"Small":{"Height":75,"URL":"https://m.media-amazon.com/images/I/516VA1-qBhL._SL75_.jpg","Width":75}}},"ItemInfo":{"ByLineInfo":{"Brand":{"DisplayValue":"VORHOT","Label":"Brand","Locale":"es_ES"},"Manufacturer":{"DisplayValue":"VORHOT","Label":"Manufacturer","Locale":"es_ES"}},"Title":{"DisplayValue":"VORHOT Hilo para Tejer a Crochet, 300g Hilo Crochet, Lanas para Crochet Suave, Ovillos de Algodon para Crochet (Tamaño de la Aguja: 3,0-4,0 mm), Color Rosa","Label":"Title","Locale":"es_ES"}},"Offers":{"Summaries":[{"Condition":{"Value":"New"},"LowestPrice":{"Amount":7.98,"Currency":"EUR","DisplayAmount":"7,98 €"}}]}},{"ASIN":"B0CFDMCN6X","DetailPageURL":"https://www.amazon.es/dp/B0CFDMCN6X?tag=topinalambricos-21&linkCode=osi&th=1&psc=1","Images":{"Primary":{"Small":{"Height":75,"URL":"https://m.media-amazon.com/images/I/51LNQzvSNpL._SL75_.jpg","Width":75}}},"ItemInfo":{"ByLineInfo":{"Brand":{"DisplayValue":"ZHHGOO","Label":"Brand","Locale":"es_ES"},"Manufacturer":{"DisplayValue":"ZHHGOO","Label":"Manufacturer","Locale":"es_ES"}},"Title":{"DisplayValue":"ZHHGOO Hilo para Tejer a Crochet,24 Colores,Ovillos de Lana Acrílica con 2 Ganchos de Ganchillo y Bolsa Organizadora,Lana para Tejer para DIY y Tejido a Mano","Label":"Title","Locale":"es_ES"}},"Offers":{"Summaries":[{"Condition":{"Value":"New"},"LowestPrice":{"Amount":15.99,"Currency":"EUR","DisplayAmount":"15,99 €"}}]}},{"ASIN":"B09SPWG4ZR","DetailPageURL":"https://www.amazon.es/dp/B09SPWG4ZR?tag=topinalambricos-21&linkCode=osi&th=1&psc=1","Images":{"Primary":{"Small":{"Height":75,"URL":"https://m.media-amazon.com/images/I/51QuOmbvIwL._SL75_.jpg","Width":61}}},"ItemInfo":{"ByLineInfo":{"Brand":{"DisplayValue":"Wollbiene","Label":"Brand","Locale":"es_ES"},"Manufacturer":{"DisplayValue":"Wollbiene","Label":"Manufacturer","Locale":"es_ES"}},"Title":{"DisplayValue":"5 ovillos de lana de abeja batik de 100 g, 500 g, con degradado, multicolor, lana de ganchillo (5040 arcoíris)","Label":"Title","Locale":"es_ES"}},"Offers":{"Summaries":[{"Condition":{"Value":"New"},"LowestPrice":{"Amount":22.36,"Currency":"EUR","DisplayAmount":"22,36 € (44,72 € / kg)","PricePerUnit":44.72}}]}},{"ASIN":"B0BML4JYYH","DetailPageURL":"https://www.amazon.es/dp/B0BML4JYYH?tag=topinalambricos-21&linkCode=osi&th=1&psc=1","Images":{"Primary":{"Small":{"Height":70,"URL":"https://m.media-amazon.com/images/I/51HAZmAo5bL._SL75_.jpg","Width":75}}},"ItemInfo":{"ByLineInfo":{"Brand":{"DisplayValue":"ilauke","Label":"Brand","Locale":"es_ES"},"Manufacturer":{"DisplayValue":"ilauke","Label":"Manufacturer","Locale":"es_ES"}},"Title":{"DisplayValue":"Kit de Ganchillos Multicolor,12 Multicolor 25g Ovillos Lanas Super Suave Algodón Leche Hilos Lana con 2 Piezas de Ganchillo,100% Acrílico para Ganchillo y Manualidades para Principiantes y Niños","Label":"Title","Locale":"es_ES"}},"Offers":{"Summaries":[{"Condition":{"Value":"New"},"LowestPrice":{"Amount":15.99,"Currency":"EUR","DisplayAmount":"15,99 €"}}]}},{"ASIN":"B085J6TZT3","DetailPageURL":"https://www.amazon.es/dp/B085J6TZT3?tag=topinalambricos-21&linkCode=osi&th=1&psc=1","Images":{"Primary":{"Small":{"Height":75,"URL":"https://m.media-amazon.com/images/I/51vVJ0moHAL._SL75_.jpg","Width":75}}},"ItemInfo":{"ByLineInfo":{"Brand":{"DisplayValue":"Ursus","Label":"Brand","Locale":"es_ES"},"Manufacturer":{"DisplayValue":"Buntpapierfabrik Ludwig Bähr GmbH & Co. KG","Label":"Manufacturer","Locale":"es_ES"}},"Title":{"DisplayValue":"Ursus ovillos g / 29 m, 100% algodón, 10 Colores, para Tejer y Hacer Ganchillo y pequeños proyectos de Manualidades, Pastel, Talla única, 290","Label":"Title","Locale":"es_ES"}},"Offers":{"Summaries":[{"Condition":{"Value":"New"},"LowestPrice":{"Amount":9.99,"Currency":"EUR","DisplayAmount":"9,99 € (0,03 € / metro)","PricePerUnit":0.03}}]}},{"ASIN":"B0CX5C4MTC","DetailPageURL":"https://www.amazon.es/dp/B0CX5C4MTC?tag=topinalambricos-21&linkCode=osi&th=1&psc=1","Images":{"Primary":{"Small":{"Height":75,"URL":"https://m.media-amazon.com/images/I/51xIEU-E3nL._SL75_.jpg","Width":75}}},"ItemInfo":{"ByLineInfo":{"Brand":{"DisplayValue":"SusggO","Label":"Brand","Locale":"es_ES"}},"Title":{"DisplayValue":"SusggO Pack 24 Ovillos Lanas para Crochet Ganchillo Lanas para Tejer Punto a mano DIY Madejas 60% Algodon 40% Acrilico Hilo para Tejer Ovillo Lana 25gr ±50m Colores surtidos","Label":"Title","Locale":"es_ES"}},"Offers":{"Summaries":[{"Condition":{"Value":"New"},"LowestPrice":{"Amount":21.9,"Currency":"EUR","DisplayAmount":"21,90 €"}}]}}],"SearchURL":"https://www.amazon.es/s?k=ganchillo+lana&rh=n%3A4358113031%2Cp_n_availability%3A-1&tag=topinalambricos-21&linkCode=osi","TotalResultCount":1000}},"25":{"SearchResult":{"Items":[{"ASIN":"B0C9TV88MK","DetailPageURL":"https://www.amazon.es/dp/B0C9TV88MK?tag=topinalambricos-21&linkCode=osi&th=1&psc=1","Images":{"Primary":{"Small":{"Height":75,"URL":"https://m.media-amazon.com/images/I/612YK7y3LYL._SL75_.jpg","Width":75}}},"ItemInfo":{"ByLineInfo":{"Brand":{"DisplayValue":"LPAOIS","Label":"Brand","Locale":"es_ES"}},"Title":{"DisplayValue":"LPAOIS Hilo para Tejer a Crochet, 24 colores, con 2 Ganchos de Ganchillo, Ovillos Acrílicos de Lana para DIY y Tejido a Mano","Label":"Title","Locale":"es_ES"}},"Offers":{"Summaries":[{"Condition":{"Value":"New"},"LowestPrice":{"Amount":17.99,"Currency":"EUR","DisplayAmount":"17,99 €"}}]}},{"ASIN":"B0CL6FP8H3","DetailPageURL":"https://www.amazon.es/dp/B0CL6FP8H3?tag=topinalambricos-21&linkCode=osi&th=1&psc=1","Images":{"Primary":{"Small":{"Height":75,"URL":"https://m.media-amazon.com/images/I/51i1j79Jx3L._SL75_.jpg","Width":75}}},"ItemInfo":{"ByLineInfo":{"Brand":{"DisplayValue":"TYXHXTF","Label":"Brand","Locale":"es_ES"},"Manufacturer":{"DisplayValue":"TYXHXTF","Label":"Manufacturer","Locale":"es_ES"}},"Title":{"DisplayValue":"TYXHXTF 24 PCS Lanas para Crochet, Ovillos de Lana de Hilo Acrílico, Hilo para Tejer a Crochet, Hilo de Tejer Acrílico, Lana para Tejer para Tejer DIY y Tejido a Mano","Label":"Title","Locale":"es_ES"}},"Offers":{"Summaries":[{"Condition":{"Value":"New"},"LowestPrice":{"Amount":11.99,"Currency":"EUR","DisplayAmount":"11,99 €"}}]}},{"ASIN":"B087BQK8WV","DetailPageURL":"https://www.amazon.es/dp/B087BQK8WV?tag=topinalambricos-21&linkCode=osi&th=1&psc=1","Images":{"Primary":{"Small":{"Height":69,"URL":"https://m.media-amazon.com/images/I/51C0dGM3t8L._SL75_.jpg","Width":75}}},"ItemInfo":{"ByLineInfo":{"Brand":{"DisplayValue":"ilauke","Label":"Brand","Locale":"es_ES"},"Manufacturer":{"DisplayValue":"ilauke","Label":"Manufacturer","Locale":"es_ES"}},"Title":{"DisplayValue":"Hilo para Tejer a Crochet, ilauke 20 * 30g Ovillo de Lana con 2 Ganchos de Ganchillo, 2 Agujas, 8 Marcadores y Bolsos Verdes, Lana Acrílico Multicolor","Label":"Title","Locale":"es_ES"}},"Offers":{"Summaries":[{"Condition":{"Value":"New"},"LowestPrice":{"Amount":19.97,"Currency":"EUR","DisplayAmount":"19,97 € (33,28 € / kg)","PricePerUnit":33.28}}]}},{"ASIN":"B0B1V9Q7H2","DetailPageURL":"https://www.amazon.es/dp/B0B1V9Q7H2?tag=topinalambricos-21&linkCode=osi&th=1&psc=1","Images":{"Primary":{"Small":{"Height":75,"URL":"https://m.media-amazon.com/images/I/41G1Q8ZzCLL._SL75_.jpg","Width":75}}},"ItemInfo":{"ByLineInfo":{"Brand":{"DisplayValue":"Lidia Crochet Tricot","Label":"Brand","Locale":"es_ES"},"Manufacturer":{"DisplayValue":"Lidia Crochet Tricot","Label":"Manufacturer","Locale":"es_ES"}},"Title":{"DisplayValue":"Classic- hilo de lana, lana acrílico, hilo de tejer, hilo de ganchillo (100 gr/ovillo ; 16 colores) (empresa española/envío desde España) (09)","Label":"Title","Locale":"es_ES"}},"Offers":{"Summaries":[{"Condition":{"Value":"New"},"LowestPrice":{"Amount":5.8,"Currency":"EUR","DisplayAmount":"5,80 €"}}]}},{"ASIN":"B0CF57YCM6","DetailPageURL":"https://www.amazon.es/dp/B0CF57YCM6?tag=topinalambricos-21&linkCode=osi&th=1&psc=1","Images":{"Primary":{"Small":{"Height":75,"URL":"https://m.media-amazon.com/images/I/516VA1-qBhL._SL75_.jpg","Width":75}}},"ItemInfo":{"ByLineInfo":{"Brand":{"DisplayValue":"VORHOT","Label":"Brand","Locale":"es_ES"},"Manufacturer":{"DisplayValue":"VORHOT","Label":"Manufacturer","Locale":"es_ES"}},"Title":{"DisplayValue":"VORHOT Hilo para Tejer a Crochet, 300g Hilo Crochet, Lanas para Crochet Suave, Ovillos de Algodon para Crochet (Tamaño de la Aguja: 3,0-4,0 mm), Color Rosa","Label":"Title","Locale":"es_ES"}},"Offers":{"Summaries":[{"Condition":{"Value":"New"},"LowestPrice":{"Amount":7.98,"Currency":"EUR","DisplayAmount":"7,98 €"}}]}},{"ASIN":"B0CFDMCN6X","DetailPageURL":"https://www.amazon.es/dp/B0CFDMCN6X?tag=topinalambricos-21&linkCode=osi&th=1&psc=1","Images":{"Primary":{"Small":{"Height":75,"URL":"https://m.media-amazon.com/images/I/51LNQzvSNpL._SL75_.jpg","Width":75}}},"ItemInfo":{"ByLineInfo":{"Brand":{"DisplayValue":"ZHHGOO","Label":"Brand","Locale":"es_ES"},"Manufacturer":{"DisplayValue":"ZHHGOO","Label":"Manufacturer","Locale":"es_ES"}},"Title":{"DisplayValue":"ZHHGOO Hilo para Tejer a Crochet,24 Colores,Ovillos de Lana Acrílica con 2 Ganchos de Ganchillo y Bolsa Organizadora,Lana para Tejer para DIY y Tejido a Mano","Label":"Title","Locale":"es_ES"}},"Offers":{"Summaries":[{"Condition":{"Value":"New"},"LowestPrice":{"Amount":15.99,"Currency":"EUR","DisplayAmount":"15,99 €"}}]}},{"ASIN":"B09SPWG4ZR","DetailPageURL":"https://www.amazon.es/dp/B09SPWG4ZR?tag=topinalambricos-21&linkCode=osi&th=1&psc=1","Images":{"Primary":{"Small":{"Height":75,"URL":"https://m.media-amazon.com/images/I/51QuOmbvIwL._SL75_.jpg","Width":61}}},"ItemInfo":{"ByLineInfo":{"Brand":{"DisplayValue":"Wollbiene","Label":"Brand","Locale":"es_ES"},"Manufacturer":{"DisplayValue":"Wollbiene","Label":"Manufacturer","Locale":"es_ES"}},"Title":{"DisplayValue":"5 ovillos de lana de abeja batik de 100 g, 500 g, con degradado, multicolor, lana de ganchillo (5040 arcoíris)","Label":"Title","Locale":"es_ES"}},"Offers":{"Summaries":[{"Condition":{"Value":"New"},"LowestPrice":{"Amount":22.36,"Currency":"EUR","DisplayAmount":"22,36 € (44,72 € / kg)","PricePerUnit":44.72}}]}},{"ASIN":"B0BML4JYYH","DetailPageURL":"https://www.amazon.es/dp/B0BML4JYYH?tag=topinalambricos-21&linkCode=osi&th=1&psc=1","Images":{"Primary":{"Small":{"Height":70,"URL":"https://m.media-amazon.com/images/I/51HAZmAo5bL._SL75_.jpg","Width":75}}},"ItemInfo":{"ByLineInfo":{"Brand":{"DisplayValue":"ilauke","Label":"Brand","Locale":"es_ES"},"Manufacturer":{"DisplayValue":"ilauke","Label":"Manufacturer","Locale":"es_ES"}},"Title":{"DisplayValue":"Kit de Ganchillos Multicolor,12 Multicolor 25g Ovillos Lanas Super Suave Algodón Leche Hilos Lana con 2 Piezas de Ganchillo,100% Acrílico para Ganchillo y Manualidades para Principiantes y Niños","Label":"Title","Locale":"es_ES"}},"Offers":{"Summaries":[{"Condition":{"Value":"New"},"LowestPrice":{"Amount":15.99,"Currency":"EUR","DisplayAmount":"15,99 €"}}]}},{"ASIN":"B085J6TZT3","DetailPageURL":"https://www.amazon.es/dp/B085J6TZT3?tag=topinalambricos-21&linkCode=osi&th=1&psc=1","Images":{"Primary":{"Small":{"Height":75,"URL":"https://m.media-amazon.com/images/I/51vVJ0moHAL._SL75_.jpg","Width":75}}},"ItemInfo":{"ByLineInfo":{"Brand":{"DisplayValue":"Ursus","Label":"Brand","Locale":"es_ES"},"Manufacturer":{"DisplayValue":"Buntpapierfabrik Ludwig Bähr GmbH & Co. KG","Label":"Manufacturer","Locale":"es_ES"}},"Title":{"DisplayValue":"Ursus ovillos g / 29 m, 100% algodón, 10 Colores, para Tejer y Hacer Ganchillo y pequeños proyectos de Manualidades, Pastel, Talla única, 290","Label":"Title","Locale":"es_ES"}},"Offers":{"Summaries":[{"Condition":{"Value":"New"},"LowestPrice":{"Amount":9.99,"Currency":"EUR","DisplayAmount":"9,99 € (0,03 € / metro)","PricePerUnit":0.03}}]}},{"ASIN":"B0CX5C4MTC","DetailPageURL":"https://www.amazon.es/dp/B0CX5C4MTC?tag=topinalambricos-21&linkCode=osi&th=1&psc=1","Images":{"Primary":{"Small":{"Height":75,"URL":"https://m.media-amazon.com/images/I/51xIEU-E3nL._SL75_.jpg","Width":75}}},"ItemInfo":{"ByLineInfo":{"Brand":{"DisplayValue":"SusggO","Label":"Brand","Locale":"es_ES"}},"Title":{"DisplayValue":"SusggO Pack 24 Ovillos Lanas para Crochet Ganchillo Lanas para Tejer Punto a mano DIY Madejas 60% Algodon 40% Acrilico Hilo para Tejer Ovillo Lana 25gr ±50m Colores surtidos","Label":"Title","Locale":"es_ES"}},"Offers":{"Summaries":[{"Condition":{"Value":"New"},"LowestPrice":{"Amount":21.9,"Currency":"EUR","DisplayAmount":"21,90 €"}}]}}],"SearchURL":"https://www.amazon.es/s?k=ganchillo+lana&rh=n%3A4358113031%2Cp_n_availability%3A-1&tag=topinalambricos-21&linkCode=osi","TotalResultCount":1000}},"26":{"SearchResult":{"Items":[{"ASIN":"B0C9TV88MK","DetailPageURL":"https://www.amazon.es/dp/B0C9TV88MK?tag=topinalambricos-21&linkCode=osi&th=1&psc=1","Images":{"Primary":{"Small":{"Height":75,"URL":"https://m.media-amazon.com/images/I/612YK7y3LYL._SL75_.jpg","Width":75}}},"ItemInfo":{"ByLineInfo":{"Brand":{"DisplayValue":"LPAOIS","Label":"Brand","Locale":"es_ES"}},"Title":{"DisplayValue":"LPAOIS Hilo para Tejer a Crochet, 24 colores, con 2 Ganchos de Ganchillo, Ovillos Acrílicos de Lana para DIY y Tejido a Mano","Label":"Title","Locale":"es_ES"}},"Offers":{"Summaries":[{"Condition":{"Value":"New"},"LowestPrice":{"Amount":17.99,"Currency":"EUR","DisplayAmount":"17,99 €"}}]}},{"ASIN":"B0CL6FP8H3","DetailPageURL":"https://www.amazon.es/dp/B0CL6FP8H3?tag=topinalambricos-21&linkCode=osi&th=1&psc=1","Images":{"Primary":{"Small":{"Height":75,"URL":"https://m.media-amazon.com/images/I/51i1j79Jx3L._SL75_.jpg","Width":75}}},"ItemInfo":{"ByLineInfo":{"Brand":{"DisplayValue":"TYXHXTF","Label":"Brand","Locale":"es_ES"},"Manufacturer":{"DisplayValue":"TYXHXTF","Label":"Manufacturer","Locale":"es_ES"}},"Title":{"DisplayValue":"TYXHXTF 24 PCS Lanas para Crochet, Ovillos de Lana de Hilo Acrílico, Hilo para Tejer a Crochet, Hilo de Tejer Acrílico, Lana para Tejer para Tejer DIY y Tejido a Mano","Label":"Title","Locale":"es_ES"}},"Offers":{"Summaries":[{"Condition":{"Value":"New"},"LowestPrice":{"Amount":11.99,"Currency":"EUR","DisplayAmount":"11,99 €"}}]}},{"ASIN":"B087BQK8WV","DetailPageURL":"https://www.amazon.es/dp/B087BQK8WV?tag=topinalambricos-21&linkCode=osi&th=1&psc=1","Images":{"Primary":{"Small":{"Height":69,"URL":"https://m.media-amazon.com/images/I/51C0dGM3t8L._SL75_.jpg","Width":75}}},"ItemInfo":{"ByLineInfo":{"Brand":{"DisplayValue":"ilauke","Label":"Brand","Locale":"es_ES"},"Manufacturer":{"DisplayValue":"ilauke","Label":"Manufacturer","Locale":"es_ES"}},"Title":{"DisplayValue":"Hilo para Tejer a Crochet, ilauke 20 * 30g Ovillo de Lana con 2 Ganchos de Ganchillo, 2 Agujas, 8 Marcadores y Bolsos Verdes, Lana Acrílico Multicolor","Label":"Title","Locale":"es_ES"}},"Offers":{"Summaries":[{"Condition":{"Value":"New"},"LowestPrice":{"Amount":19.97,"Currency":"EUR","DisplayAmount":"19,97 € (33,28 € / kg)","PricePerUnit":33.28}}]}},{"ASIN":"B0B1V9Q7H2","DetailPageURL":"https://www.amazon.es/dp/B0B1V9Q7H2?tag=topinalambricos-21&linkCode=osi&th=1&psc=1","Images":{"Primary":{"Small":{"Height":75,"URL":"https://m.media-amazon.com/images/I/41G1Q8ZzCLL._SL75_.jpg","Width":75}}},"ItemInfo":{"ByLineInfo":{"Brand":{"DisplayValue":"Lidia Crochet Tricot","Label":"Brand","Locale":"es_ES"},"Manufacturer":{"DisplayValue":"Lidia Crochet Tricot","Label":"Manufacturer","Locale":"es_ES"}},"Title":{"DisplayValue":"Classic- hilo de lana, lana acrílico, hilo de tejer, hilo de ganchillo (100 gr/ovillo ; 16 colores) (empresa española/envío desde España) (09)","Label":"Title","Locale":"es_ES"}},"Offers":{"Summaries":[{"Condition":{"Value":"New"},"LowestPrice":{"Amount":5.8,"Currency":"EUR","DisplayAmount":"5,80 €"}}]}},{"ASIN":"B0CF57YCM6","DetailPageURL":"https://www.amazon.es/dp/B0CF57YCM6?tag=topinalambricos-21&linkCode=osi&th=1&psc=1","Images":{"Primary":{"Small":{"Height":75,"URL":"https://m.media-amazon.com/images/I/516VA1-qBhL._SL75_.jpg","Width":75}}},"ItemInfo":{"ByLineInfo":{"Brand":{"DisplayValue":"VORHOT","Label":"Brand","Locale":"es_ES"},"Manufacturer":{"DisplayValue":"VORHOT","Label":"Manufacturer","Locale":"es_ES"}},"Title":{"DisplayValue":"VORHOT Hilo para Tejer a Crochet, 300g Hilo Crochet, Lanas para Crochet Suave, Ovillos de Algodon para Crochet (Tamaño de la Aguja: 3,0-4,0 mm), Color Rosa","Label":"Title","Locale":"es_ES"}},"Offers":{"Summaries":[{"Condition":{"Value":"New"},"LowestPrice":{"Amount":7.98,"Currency":"EUR","DisplayAmount":"7,98 €"}}]}},{"ASIN":"B0CFDMCN6X","DetailPageURL":"https://www.amazon.es/dp/B0CFDMCN6X?tag=topinalambricos-21&linkCode=osi&th=1&psc=1","Images":{"Primary":{"Small":{"Height":75,"URL":"https://m.media-amazon.com/images/I/51LNQzvSNpL._SL75_.jpg","Width":75}}},"ItemInfo":{"ByLineInfo":{"Brand":{"DisplayValue":"ZHHGOO","Label":"Brand","Locale":"es_ES"},"Manufacturer":{"DisplayValue":"ZHHGOO","Label":"Manufacturer","Locale":"es_ES"}},"Title":{"DisplayValue":"ZHHGOO Hilo para Tejer a Crochet,24 Colores,Ovillos de Lana Acrílica con 2 Ganchos de Ganchillo y Bolsa Organizadora,Lana para Tejer para DIY y Tejido a Mano","Label":"Title","Locale":"es_ES"}},"Offers":{"Summaries":[{"Condition":{"Value":"New"},"LowestPrice":{"Amount":15.99,"Currency":"EUR","DisplayAmount":"15,99 €"}}]}},{"ASIN":"B09SPWG4ZR","DetailPageURL":"https://www.amazon.es/dp/B09SPWG4ZR?tag=topinalambricos-21&linkCode=osi&th=1&psc=1","Images":{"Primary":{"Small":{"Height":75,"URL":"https://m.media-amazon.com/images/I/51QuOmbvIwL._SL75_.jpg","Width":61}}},"ItemInfo":{"ByLineInfo":{"Brand":{"DisplayValue":"Wollbiene","Label":"Brand","Locale":"es_ES"},"Manufacturer":{"DisplayValue":"Wollbiene","Label":"Manufacturer","Locale":"es_ES"}},"Title":{"DisplayValue":"5 ovillos de lana de abeja batik de 100 g, 500 g, con degradado, multicolor, lana de ganchillo (5040 arcoíris)","Label":"Title","Locale":"es_ES"}},"Offers":{"Summaries":[{"Condition":{"Value":"New"},"LowestPrice":{"Amount":22.36,"Currency":"EUR","DisplayAmount":"22,36 € (44,72 € / kg)","PricePerUnit":44.72}}]}},{"ASIN":"B0BML4JYYH","DetailPageURL":"https://www.amazon.es/dp/B0BML4JYYH?tag=topinalambricos-21&linkCode=osi&th=1&psc=1","Images":{"Primary":{"Small":{"Height":70,"URL":"https://m.media-amazon.com/images/I/51HAZmAo5bL._SL75_.jpg","Width":75}}},"ItemInfo":{"ByLineInfo":{"Brand":{"DisplayValue":"ilauke","Label":"Brand","Locale":"es_ES"},"Manufacturer":{"DisplayValue":"ilauke","Label":"Manufacturer","Locale":"es_ES"}},"Title":{"DisplayValue":"Kit de Ganchillos Multicolor,12 Multicolor 25g Ovillos Lanas Super Suave Algodón Leche Hilos Lana con 2 Piezas de Ganchillo,100% Acrílico para Ganchillo y Manualidades para Principiantes y Niños","Label":"Title","Locale":"es_ES"}},"Offers":{"Summaries":[{"Condition":{"Value":"New"},"LowestPrice":{"Amount":15.99,"Currency":"EUR","DisplayAmount":"15,99 €"}}]}},{"ASIN":"B085J6TZT3","DetailPageURL":"https://www.amazon.es/dp/B085J6TZT3?tag=topinalambricos-21&linkCode=osi&th=1&psc=1","Images":{"Primary":{"Small":{"Height":75,"URL":"https://m.media-amazon.com/images/I/51vVJ0moHAL._SL75_.jpg","Width":75}}},"ItemInfo":{"ByLineInfo":{"Brand":{"DisplayValue":"Ursus","Label":"Brand","Locale":"es_ES"},"Manufacturer":{"DisplayValue":"Buntpapierfabrik Ludwig Bähr GmbH & Co. KG","Label":"Manufacturer","Locale":"es_ES"}},"Title":{"DisplayValue":"Ursus ovillos g / 29 m, 100% algodón, 10 Colores, para Tejer y Hacer Ganchillo y pequeños proyectos de Manualidades, Pastel, Talla única, 290","Label":"Title","Locale":"es_ES"}},"Offers":{"Summaries":[{"Condition":{"Value":"New"},"LowestPrice":{"Amount":9.99,"Currency":"EUR","DisplayAmount":"9,99 € (0,03 € / metro)","PricePerUnit":0.03}}]}},{"ASIN":"B0CX5C4MTC","DetailPageURL":"https://www.amazon.es/dp/B0CX5C4MTC?tag=topinalambricos-21&linkCode=osi&th=1&psc=1","Images":{"Primary":{"Small":{"Height":75,"URL":"https://m.media-amazon.com/images/I/51xIEU-E3nL._SL75_.jpg","Width":75}}},"ItemInfo":{"ByLineInfo":{"Brand":{"DisplayValue":"SusggO","Label":"Brand","Locale":"es_ES"}},"Title":{"DisplayValue":"SusggO Pack 24 Ovillos Lanas para Crochet Ganchillo Lanas para Tejer Punto a mano DIY Madejas 60% Algodon 40% Acrilico Hilo para Tejer Ovillo Lana 25gr ±50m Colores surtidos","Label":"Title","Locale":"es_ES"}},"Offers":{"Summaries":[{"Condition":{"Value":"New"},"LowestPrice":{"Amount":21.9,"Currency":"EUR","DisplayAmount":"21,90 €"}}]}}],"SearchURL":"https://www.amazon.es/s?k=ganchillo+lana&rh=n%3A4358113031%2Cp_n_availability%3A-1&tag=topinalambricos-21&linkCode=osi","TotalResultCount":1000}},"27":{"SearchResult":{"Items":[{"ASIN":"B0C9TV88MK","DetailPageURL":"https://www.amazon.es/dp/B0C9TV88MK?tag=topinalambricos-21&linkCode=osi&th=1&psc=1","Images":{"Primary":{"Small":{"Height":75,"URL":"https://m.media-amazon.com/images/I/612YK7y3LYL._SL75_.jpg","Width":75}}},"ItemInfo":{"ByLineInfo":{"Brand":{"DisplayValue":"LPAOIS","Label":"Brand","Locale":"es_ES"}},"Title":{"DisplayValue":"LPAOIS Hilo para Tejer a Crochet, 24 colores, con 2 Ganchos de Ganchillo, Ovillos Acrílicos de Lana para DIY y Tejido a Mano","Label":"Title","Locale":"es_ES"}},"Offers":{"Summaries":[{"Condition":{"Value":"New"},"LowestPrice":{"Amount":17.99,"Currency":"EUR","DisplayAmount":"17,99 €"}}]}},{"ASIN":"B0CL6FP8H3","DetailPageURL":"https://www.amazon.es/dp/B0CL6FP8H3?tag=topinalambricos-21&linkCode=osi&th=1&psc=1","Images":{"Primary":{"Small":{"Height":75,"URL":"https://m.media-amazon.com/images/I/51i1j79Jx3L._SL75_.jpg","Width":75}}},"ItemInfo":{"ByLineInfo":{"Brand":{"DisplayValue":"TYXHXTF","Label":"Brand","Locale":"es_ES"},"Manufacturer":{"DisplayValue":"TYXHXTF","Label":"Manufacturer","Locale":"es_ES"}},"Title":{"DisplayValue":"TYXHXTF 24 PCS Lanas para Crochet, Ovillos de Lana de Hilo Acrílico, Hilo para Tejer a Crochet, Hilo de Tejer Acrílico, Lana para Tejer para Tejer DIY y Tejido a Mano","Label":"Title","Locale":"es_ES"}},"Offers":{"Summaries":[{"Condition":{"Value":"New"},"LowestPrice":{"Amount":11.99,"Currency":"EUR","DisplayAmount":"11,99 €"}}]}},{"ASIN":"B087BQK8WV","DetailPageURL":"https://www.amazon.es/dp/B087BQK8WV?tag=topinalambricos-21&linkCode=osi&th=1&psc=1","Images":{"Primary":{"Small":{"Height":69,"URL":"https://m.media-amazon.com/images/I/51C0dGM3t8L._SL75_.jpg","Width":75}}},"ItemInfo":{"ByLineInfo":{"Brand":{"DisplayValue":"ilauke","Label":"Brand","Locale":"es_ES"},"Manufacturer":{"DisplayValue":"ilauke","Label":"Manufacturer","Locale":"es_ES"}},"Title":{"DisplayValue":"Hilo para Tejer a Crochet, ilauke 20 * 30g Ovillo de Lana con 2 Ganchos de Ganchillo, 2 Agujas, 8 Marcadores y Bolsos Verdes, Lana Acrílico Multicolor","Label":"Title","Locale":"es_ES"}},"Offers":{"Summaries":[{"Condition":{"Value":"New"},"LowestPrice":{"Amount":19.97,"Currency":"EUR","DisplayAmount":"19,97 € (33,28 € / kg)","PricePerUnit":33.28}}]}},{"ASIN":"B0B1V9Q7H2","DetailPageURL":"https://www.amazon.es/dp/B0B1V9Q7H2?tag=topinalambricos-21&linkCode=osi&th=1&psc=1","Images":{"Primary":{"Small":{"Height":75,"URL":"https://m.media-amazon.com/images/I/41G1Q8ZzCLL._SL75_.jpg","Width":75}}},"ItemInfo":{"ByLineInfo":{"Brand":{"DisplayValue":"Lidia Crochet Tricot","Label":"Brand","Locale":"es_ES"},"Manufacturer":{"DisplayValue":"Lidia Crochet Tricot","Label":"Manufacturer","Locale":"es_ES"}},"Title":{"DisplayValue":"Classic- hilo de lana, lana acrílico, hilo de tejer, hilo de ganchillo (100 gr/ovillo ; 16 colores) (empresa española/envío desde España) (09)","Label":"Title","Locale":"es_ES"}},"Offers":{"Summaries":[{"Condition":{"Value":"New"},"LowestPrice":{"Amount":5.8,"Currency":"EUR","DisplayAmount":"5,80 €"}}]}},{"ASIN":"B0CF57YCM6","DetailPageURL":"https://www.amazon.es/dp/B0CF57YCM6?tag=topinalambricos-21&linkCode=osi&th=1&psc=1","Images":{"Primary":{"Small":{"Height":75,"URL":"https://m.media-amazon.com/images/I/516VA1-qBhL._SL75_.jpg","Width":75}}},"ItemInfo":{"ByLineInfo":{"Brand":{"DisplayValue":"VORHOT","Label":"Brand","Locale":"es_ES"},"Manufacturer":{"DisplayValue":"VORHOT","Label":"Manufacturer","Locale":"es_ES"}},"Title":{"DisplayValue":"VORHOT Hilo para Tejer a Crochet, 300g Hilo Crochet, Lanas para Crochet Suave, Ovillos de Algodon para Crochet (Tamaño de la Aguja: 3,0-4,0 mm), Color Rosa","Label":"Title","Locale":"es_ES"}},"Offers":{"Summaries":[{"Condition":{"Value":"New"},"LowestPrice":{"Amount":7.98,"Currency":"EUR","DisplayAmount":"7,98 €"}}]}},{"ASIN":"B0CFDMCN6X","DetailPageURL":"https://www.amazon.es/dp/B0CFDMCN6X?tag=topinalambricos-21&linkCode=osi&th=1&psc=1","Images":{"Primary":{"Small":{"Height":75,"URL":"https://m.media-amazon.com/images/I/51LNQzvSNpL._SL75_.jpg","Width":75}}},"ItemInfo":{"ByLineInfo":{"Brand":{"DisplayValue":"ZHHGOO","Label":"Brand","Locale":"es_ES"},"Manufacturer":{"DisplayValue":"ZHHGOO","Label":"Manufacturer","Locale":"es_ES"}},"Title":{"DisplayValue":"ZHHGOO Hilo para Tejer a Crochet,24 Colores,Ovillos de Lana Acrílica con 2 Ganchos de Ganchillo y Bolsa Organizadora,Lana para Tejer para DIY y Tejido a Mano","Label":"Title","Locale":"es_ES"}},"Offers":{"Summaries":[{"Condition":{"Value":"New"},"LowestPrice":{"Amount":15.99,"Currency":"EUR","DisplayAmount":"15,99 €"}}]}},{"ASIN":"B09SPWG4ZR","DetailPageURL":"https://www.amazon.es/dp/B09SPWG4ZR?tag=topinalambricos-21&linkCode=osi&th=1&psc=1","Images":{"Primary":{"Small":{"Height":75,"URL":"https://m.media-amazon.com/images/I/51QuOmbvIwL._SL75_.jpg","Width":61}}},"ItemInfo":{"ByLineInfo":{"Brand":{"DisplayValue":"Wollbiene","Label":"Brand","Locale":"es_ES"},"Manufacturer":{"DisplayValue":"Wollbiene","Label":"Manufacturer","Locale":"es_ES"}},"Title":{"DisplayValue":"5 ovillos de lana de abeja batik de 100 g, 500 g, con degradado, multicolor, lana de ganchillo (5040 arcoíris)","Label":"Title","Locale":"es_ES"}},"Offers":{"Summaries":[{"Condition":{"Value":"New"},"LowestPrice":{"Amount":22.36,"Currency":"EUR","DisplayAmount":"22,36 € (44,72 € / kg)","PricePerUnit":44.72}}]}},{"ASIN":"B0BML4JYYH","DetailPageURL":"https://www.amazon.es/dp/B0BML4JYYH?tag=topinalambricos-21&linkCode=osi&th=1&psc=1","Images":{"Primary":{"Small":{"Height":70,"URL":"https://m.media-amazon.com/images/I/51HAZmAo5bL._SL75_.jpg","Width":75}}},"ItemInfo":{"ByLineInfo":{"Brand":{"DisplayValue":"ilauke","Label":"Brand","Locale":"es_ES"},"Manufacturer":{"DisplayValue":"ilauke","Label":"Manufacturer","Locale":"es_ES"}},"Title":{"DisplayValue":"Kit de Ganchillos Multicolor,12 Multicolor 25g Ovillos Lanas Super Suave Algodón Leche Hilos Lana con 2 Piezas de Ganchillo,100% Acrílico para Ganchillo y Manualidades para Principiantes y Niños","Label":"Title","Locale":"es_ES"}},"Offers":{"Summaries":[{"Condition":{"Value":"New"},"LowestPrice":{"Amount":15.99,"Currency":"EUR","DisplayAmount":"15,99 €"}}]}},{"ASIN":"B085J6TZT3","DetailPageURL":"https://www.amazon.es/dp/B085J6TZT3?tag=topinalambricos-21&linkCode=osi&th=1&psc=1","Images":{"Primary":{"Small":{"Height":75,"URL":"https://m.media-amazon.com/images/I/51vVJ0moHAL._SL75_.jpg","Width":75}}},"ItemInfo":{"ByLineInfo":{"Brand":{"DisplayValue":"Ursus","Label":"Brand","Locale":"es_ES"},"Manufacturer":{"DisplayValue":"Buntpapierfabrik Ludwig Bähr GmbH & Co. KG","Label":"Manufacturer","Locale":"es_ES"}},"Title":{"DisplayValue":"Ursus ovillos g / 29 m, 100% algodón, 10 Colores, para Tejer y Hacer Ganchillo y pequeños proyectos de Manualidades, Pastel, Talla única, 290","Label":"Title","Locale":"es_ES"}},"Offers":{"Summaries":[{"Condition":{"Value":"New"},"LowestPrice":{"Amount":9.99,"Currency":"EUR","DisplayAmount":"9,99 € (0,03 € / metro)","PricePerUnit":0.03}}]}},{"ASIN":"B0CX5C4MTC","DetailPageURL":"https://www.amazon.es/dp/B0CX5C4MTC?tag=topinalambricos-21&linkCode=osi&th=1&psc=1","Images":{"Primary":{"Small":{"Height":75,"URL":"https://m.media-amazon.com/images/I/51xIEU-E3nL._SL75_.jpg","Width":75}}},"ItemInfo":{"ByLineInfo":{"Brand":{"DisplayValue":"SusggO","Label":"Brand","Locale":"es_ES"}},"Title":{"DisplayValue":"SusggO Pack 24 Ovillos Lanas para Crochet Ganchillo Lanas para Tejer Punto a mano DIY Madejas 60% Algodon 40% Acrilico Hilo para Tejer Ovillo Lana 25gr ±50m Colores surtidos","Label":"Title","Locale":"es_ES"}},"Offers":{"Summaries":[{"Condition":{"Value":"New"},"LowestPrice":{"Amount":21.9,"Currency":"EUR","DisplayAmount":"21,90 €"}}]}}],"SearchURL":"https://www.amazon.es/s?k=ganchillo+lana&rh=n%3A4358113031%2Cp_n_availability%3A-1&tag=topinalambricos-21&linkCode=osi","TotalResultCount":1000}},"28":{"SearchResult":{"Items":[{"ASIN":"B0C9TV88MK","DetailPageURL":"https://www.amazon.es/dp/B0C9TV88MK?tag=topinalambricos-21&linkCode=osi&th=1&psc=1","Images":{"Primary":{"Small":{"Height":75,"URL":"https://m.media-amazon.com/images/I/612YK7y3LYL._SL75_.jpg","Width":75}}},"ItemInfo":{"ByLineInfo":{"Brand":{"DisplayValue":"LPAOIS","Label":"Brand","Locale":"es_ES"}},"Title":{"DisplayValue":"LPAOIS Hilo para Tejer a Crochet, 24 colores, con 2 Ganchos de Ganchillo, Ovillos Acrílicos de Lana para DIY y Tejido a Mano","Label":"Title","Locale":"es_ES"}},"Offers":{"Summaries":[{"Condition":{"Value":"New"},"LowestPrice":{"Amount":17.99,"Currency":"EUR","DisplayAmount":"17,99 €"}}]}},{"ASIN":"B0CL6FP8H3","DetailPageURL":"https://www.amazon.es/dp/B0CL6FP8H3?tag=topinalambricos-21&linkCode=osi&th=1&psc=1","Images":{"Primary":{"Small":{"Height":75,"URL":"https://m.media-amazon.com/images/I/51i1j79Jx3L._SL75_.jpg","Width":75}}},"ItemInfo":{"ByLineInfo":{"Brand":{"DisplayValue":"TYXHXTF","Label":"Brand","Locale":"es_ES"},"Manufacturer":{"DisplayValue":"TYXHXTF","Label":"Manufacturer","Locale":"es_ES"}},"Title":{"DisplayValue":"TYXHXTF 24 PCS Lanas para Crochet, Ovillos de Lana de Hilo Acrílico, Hilo para Tejer a Crochet, Hilo de Tejer Acrílico, Lana para Tejer para Tejer DIY y Tejido a Mano","Label":"Title","Locale":"es_ES"}},"Offers":{"Summaries":[{"Condition":{"Value":"New"},"LowestPrice":{"Amount":11.99,"Currency":"EUR","DisplayAmount":"11,99 €"}}]}},{"ASIN":"B087BQK8WV","DetailPageURL":"https://www.amazon.es/dp/B087BQK8WV?tag=topinalambricos-21&linkCode=osi&th=1&psc=1","Images":{"Primary":{"Small":{"Height":69,"URL":"https://m.media-amazon.com/images/I/51C0dGM3t8L._SL75_.jpg","Width":75}}},"ItemInfo":{"ByLineInfo":{"Brand":{"DisplayValue":"ilauke","Label":"Brand","Locale":"es_ES"},"Manufacturer":{"DisplayValue":"ilauke","Label":"Manufacturer","Locale":"es_ES"}},"Title":{"DisplayValue":"Hilo para Tejer a Crochet, ilauke 20 * 30g Ovillo de Lana con 2 Ganchos de Ganchillo, 2 Agujas, 8 Marcadores y Bolsos Verdes, Lana Acrílico Multicolor","Label":"Title","Locale":"es_ES"}},"Offers":{"Summaries":[{"Condition":{"Value":"New"},"LowestPrice":{"Amount":19.97,"Currency":"EUR","DisplayAmount":"19,97 € (33,28 € / kg)","PricePerUnit":33.28}}]}},{"ASIN":"B0B1V9Q7H2","DetailPageURL":"https://www.amazon.es/dp/B0B1V9Q7H2?tag=topinalambricos-21&linkCode=osi&th=1&psc=1","Images":{"Primary":{"Small":{"Height":75,"URL":"https://m.media-amazon.com/images/I/41G1Q8ZzCLL._SL75_.jpg","Width":75}}},"ItemInfo":{"ByLineInfo":{"Brand":{"DisplayValue":"Lidia Crochet Tricot","Label":"Brand","Locale":"es_ES"},"Manufacturer":{"DisplayValue":"Lidia Crochet Tricot","Label":"Manufacturer","Locale":"es_ES"}},"Title":{"DisplayValue":"Classic- hilo de lana, lana acrílico, hilo de tejer, hilo de ganchillo (100 gr/ovillo ; 16 colores) (empresa española/envío desde España) (09)","Label":"Title","Locale":"es_ES"}},"Offers":{"Summaries":[{"Condition":{"Value":"New"},"LowestPrice":{"Amount":5.8,"Currency":"EUR","DisplayAmount":"5,80 €"}}]}},{"ASIN":"B0CF57YCM6","DetailPageURL":"https://www.amazon.es/dp/B0CF57YCM6?tag=topinalambricos-21&linkCode=osi&th=1&psc=1","Images":{"Primary":{"Small":{"Height":75,"URL":"https://m.media-amazon.com/images/I/516VA1-qBhL._SL75_.jpg","Width":75}}},"ItemInfo":{"ByLineInfo":{"Brand":{"DisplayValue":"VORHOT","Label":"Brand","Locale":"es_ES"},"Manufacturer":{"DisplayValue":"VORHOT","Label":"Manufacturer","Locale":"es_ES"}},"Title":{"DisplayValue":"VORHOT Hilo para Tejer a Crochet, 300g Hilo Crochet, Lanas para Crochet Suave, Ovillos de Algodon para Crochet (Tamaño de la Aguja: 3,0-4,0 mm), Color Rosa","Label":"Title","Locale":"es_ES"}},"Offers":{"Summaries":[{"Condition":{"Value":"New"},"LowestPrice":{"Amount":7.98,"Currency":"EUR","DisplayAmount":"7,98 €"}}]}},{"ASIN":"B0CFDMCN6X","DetailPageURL":"https://www.amazon.es/dp/B0CFDMCN6X?tag=topinalambricos-21&linkCode=osi&th=1&psc=1","Images":{"Primary":{"Small":{"Height":75,"URL":"https://m.media-amazon.com/images/I/51LNQzvSNpL._SL75_.jpg","Width":75}}},"ItemInfo":{"ByLineInfo":{"Brand":{"DisplayValue":"ZHHGOO","Label":"Brand","Locale":"es_ES"},"Manufacturer":{"DisplayValue":"ZHHGOO","Label":"Manufacturer","Locale":"es_ES"}},"Title":{"DisplayValue":"ZHHGOO Hilo para Tejer a Crochet,24 Colores,Ovillos de Lana Acrílica con 2 Ganchos de Ganchillo y Bolsa Organizadora,Lana para Tejer para DIY y Tejido a Mano","Label":"Title","Locale":"es_ES"}},"Offers":{"Summaries":[{"Condition":{"Value":"New"},"LowestPrice":{"Amount":15.99,"Currency":"EUR","DisplayAmount":"15,99 €"}}]}},{"ASIN":"B09SPWG4ZR","DetailPageURL":"https://www.amazon.es/dp/B09SPWG4ZR?tag=topinalambricos-21&linkCode=osi&th=1&psc=1","Images":{"Primary":{"Small":{"Height":75,"URL":"https://m.media-amazon.com/images/I/51QuOmbvIwL._SL75_.jpg","Width":61}}},"ItemInfo":{"ByLineInfo":{"Brand":{"DisplayValue":"Wollbiene","Label":"Brand","Locale":"es_ES"},"Manufacturer":{"DisplayValue":"Wollbiene","Label":"Manufacturer","Locale":"es_ES"}},"Title":{"DisplayValue":"5 ovillos de lana de abeja batik de 100 g, 500 g, con degradado, multicolor, lana de ganchillo (5040 arcoíris)","Label":"Title","Locale":"es_ES"}},"Offers":{"Summaries":[{"Condition":{"Value":"New"},"LowestPrice":{"Amount":22.36,"Currency":"EUR","DisplayAmount":"22,36 € (44,72 € / kg)","PricePerUnit":44.72}}]}},{"ASIN":"B0BML4JYYH","DetailPageURL":"https://www.amazon.es/dp/B0BML4JYYH?tag=topinalambricos-21&linkCode=osi&th=1&psc=1","Images":{"Primary":{"Small":{"Height":70,"URL":"https://m.media-amazon.com/images/I/51HAZmAo5bL._SL75_.jpg","Width":75}}},"ItemInfo":{"ByLineInfo":{"Brand":{"DisplayValue":"ilauke","Label":"Brand","Locale":"es_ES"},"Manufacturer":{"DisplayValue":"ilauke","Label":"Manufacturer","Locale":"es_ES"}},"Title":{"DisplayValue":"Kit de Ganchillos Multicolor,12 Multicolor 25g Ovillos Lanas Super Suave Algodón Leche Hilos Lana con 2 Piezas de Ganchillo,100% Acrílico para Ganchillo y Manualidades para Principiantes y Niños","Label":"Title","Locale":"es_ES"}},"Offers":{"Summaries":[{"Condition":{"Value":"New"},"LowestPrice":{"Amount":15.99,"Currency":"EUR","DisplayAmount":"15,99 €"}}]}},{"ASIN":"B085J6TZT3","DetailPageURL":"https://www.amazon.es/dp/B085J6TZT3?tag=topinalambricos-21&linkCode=osi&th=1&psc=1","Images":{"Primary":{"Small":{"Height":75,"URL":"https://m.media-amazon.com/images/I/51vVJ0moHAL._SL75_.jpg","Width":75}}},"ItemInfo":{"ByLineInfo":{"Brand":{"DisplayValue":"Ursus","Label":"Brand","Locale":"es_ES"},"Manufacturer":{"DisplayValue":"Buntpapierfabrik Ludwig Bähr GmbH & Co. KG","Label":"Manufacturer","Locale":"es_ES"}},"Title":{"DisplayValue":"Ursus ovillos g / 29 m, 100% algodón, 10 Colores, para Tejer y Hacer Ganchillo y pequeños proyectos de Manualidades, Pastel, Talla única, 290","Label":"Title","Locale":"es_ES"}},"Offers":{"Summaries":[{"Condition":{"Value":"New"},"LowestPrice":{"Amount":9.99,"Currency":"EUR","DisplayAmount":"9,99 € (0,03 € / metro)","PricePerUnit":0.03}}]}},{"ASIN":"B0CX5C4MTC","DetailPageURL":"https://www.amazon.es/dp/B0CX5C4MTC?tag=topinalambricos-21&linkCode=osi&th=1&psc=1","Images":{"Primary":{"Small":{"Height":75,"URL":"https://m.media-amazon.com/images/I/51xIEU-E3nL._SL75_.jpg","Width":75}}},"ItemInfo":{"ByLineInfo":{"Brand":{"DisplayValue":"SusggO","Label":"Brand","Locale":"es_ES"}},"Title":{"DisplayValue":"SusggO Pack 24 Ovillos Lanas para Crochet Ganchillo Lanas para Tejer Punto a mano DIY Madejas 60% Algodon 40% Acrilico Hilo para Tejer Ovillo Lana 25gr ±50m Colores surtidos","Label":"Title","Locale":"es_ES"}},"Offers":{"Summaries":[{"Condition":{"Value":"New"},"LowestPrice":{"Amount":21.9,"Currency":"EUR","DisplayAmount":"21,90 €"}}]}}],"SearchURL":"https://www.amazon.es/s?k=ganchillo+lana&rh=n%3A4358113031%2Cp_n_availability%3A-1&tag=topinalambricos-21&linkCode=osi","TotalResultCount":1000}},"29":{"SearchResult":{"Items":[{"ASIN":"B0CPXN3BLM","DetailPageURL":"https://www.amazon.es/dp/B0CPXN3BLM?tag=topinalambricos-21&linkCode=osi&th=1&psc=1","Images":{"Primary":{"Small":{"Height":75,"URL":"https://m.media-amazon.com/images/I/51YLT+APM6L._SL75_.jpg","Width":75}}},"ItemInfo":{"ByLineInfo":{"Brand":{"DisplayValue":"GQWJKSZ","Label":"Brand","Locale":"es_ES"}},"Title":{"DisplayValue":"Letreros de hojalata Weed Homies for Life, impresión para fumar marihuana, regalo de marihuana y encendedor, cartel de Metal divertido Retro, póster Vintage, arte de pared para cocina, jardín, decorac","Label":"Title","Locale":"es_ES"}},"Offers":{"Summaries":[{"Condition":{"Value":"New"},"LowestPrice":{"Amount":9.7,"Currency":"EUR","DisplayAmount":"9,70 €"}}]}},{"ASIN":"B093D4R6VX","DetailPageURL":"https://www.amazon.es/dp/B093D4R6VX?tag=topinalambricos-21&linkCode=osi&th=1&psc=1","Images":{"Primary":{"Small":{"Height":75,"URL":"https://m.media-amazon.com/images/I/51T40CLWlhS._SL75_.jpg","Width":75}}},"ItemInfo":{"ByLineInfo":{"Brand":{"DisplayValue":"FUNSHOWCASE","Label":"Brand","Locale":"es_ES"},"Manufacturer":{"DisplayValue":"FUNSHOWCASE","Label":"Manufacturer","Locale":"es_ES"}},"Title":{"DisplayValue":"Juego de moldes de silicona para cenicero y encendedor de hojas de resina para manualidades","Label":"Title","Locale":"es_ES"}},"Offers":{"Summaries":[{"Condition":{"Value":"New"},"LowestPrice":{"Amount":14.59,"Currency":"EUR","DisplayAmount":"14,59 €"}}]}},{"ASIN":"B07K6T7PTC","DetailPageURL":"https://www.amazon.es/dp/B07K6T7PTC?tag=topinalambricos-21&linkCode=osi&th=1&psc=1","Images":{"Primary":{"Small":{"Height":72,"URL":"https://m.media-amazon.com/images/I/51VISa2IQOL._SL75_.jpg","Width":75}}},"ItemInfo":{"ByLineInfo":{"Brand":{"DisplayValue":"CLIPPER / FIRE-FLOW","Label":"Brand","Locale":"es_ES"},"Manufacturer":{"DisplayValue":"CLIPPER","Label":"Manufacturer","Locale":"es_ES"}},"Title":{"DisplayValue":"Clipper - 4 mecheros con dibujos de hojas de colores fluorescentes modelo n.º 2","Label":"Title","Locale":"es_ES"}},"Offers":{"Summaries":[{"Condition":{"Value":"New"},"LowestPrice":{"Amount":11.9,"Currency":"EUR","DisplayAmount":"11,90 €"}}]}},{"ASIN":"B0CQT9SCL4","DetailPageURL":"https://www.amazon.es/dp/B0CQT9SCL4?tag=topinalambricos-21&linkCode=osi&th=1&psc=1","Images":{"Primary":{"Small":{"Height":75,"URL":"https://m.media-amazon.com/images/I/41TS4t6IgXL._SL75_.jpg","Width":75}}},"ItemInfo":{"ByLineInfo":{"Brand":{"DisplayValue":"BORDSTRACT","Label":"Brand","Locale":"es_ES"},"Manufacturer":{"DisplayValue":"BORDSTRACT","Label":"Manufacturer","Locale":"es_ES"}},"Title":{"DisplayValue":"Cera De Abeja Núcleo De Marihuana, Núcleo De Vela De Cáñamo Orgánico 61m, Cera De Abeja Pura, para Lámparas De Aceite DIY Y Velas De Parafina, Quemando Lentamente, Sin Goteo (1,2 Mm)(Color Claro)","Label":"Title","Locale":"es_ES"}},"Offers":{"Summaries":[{"Condition":{"Value":"New"},"LowestPrice":{"Amount":10.29,"Currency":"EUR","DisplayAmount":"10,29 €"}}]}},{"ASIN":"B0C55RN6MS","DetailPageURL":"https://www.amazon.es/dp/B0C55RN6MS?tag=topinalambricos-21&linkCode=osi&th=1&psc=1","Images":{"Primary":{"Small":{"Height":75,"URL":"https://m.media-amazon.com/images/I/41tDcHmX4TL._SL75_.jpg","Width":75}}},"ItemInfo":{"ByLineInfo":{"Brand":{"DisplayValue":"YiKAiLi","Label":"Brand","Locale":"es_ES"},"Manufacturer":{"DisplayValue":"YiKAiLi","Label":"Manufacturer","Locale":"es_ES"}},"Title":{"DisplayValue":"Mechero de Tubo de Metal de Llama Abiert, Encendedor Inflable Portátil con Tubo Plegable, Encendedor A Prueba De Viento para Camping Cocina, Regalo para Hombres y Padres (Negro)","Label":"Title","Locale":"es_ES"}},"Offers":{"Summaries":[{"Condition":{"Value":"New"},"LowestPrice":{"Amount":26.8,"Currency":"EUR","DisplayAmount":"26,80 €"}}]}},{"ASIN":"B0BW14SHM1","DetailPageURL":"https://www.amazon.es/dp/B0BW14SHM1?tag=topinalambricos-21&linkCode=osi&th=1&psc=1","Images":{"Primary":{"Small":{"Height":75,"URL":"https://m.media-amazon.com/images/I/51BdgvRetbL._SL75_.jpg","Width":75}}},"ItemInfo":{"ByLineInfo":{"Brand":{"DisplayValue":"XBSJB","Label":"Brand","Locale":"es_ES"},"Manufacturer":{"DisplayValue":"XBSJB","Label":"Manufacturer","Locale":"es_ES"}},"Title":{"DisplayValue":"Exquisito Sanji, el Mismo Modelo de Encendedor de Queroseno de latón de Sirena de Lujo Hecho a Mano, Estilo Vintage Grabado con láser, se Puede llenar, se Prefieren los Regalos navideños","Label":"Title","Locale":"es_ES"}},"Offers":{"Summaries":[{"Condition":{"Value":"New"},"LowestPrice":{"Amount":67.86,"Currency":"EUR","DisplayAmount":"67,86 €"}}]}},{"ASIN":"B08LNPZ45Y","DetailPageURL":"https://www.amazon.es/dp/B08LNPZ45Y?tag=topinalambricos-21&linkCode=osi&th=1&psc=1","Images":{"Primary":{"Small":{"Height":75,"URL":"https://m.media-amazon.com/images/I/41QQURbSTuL._SL75_.jpg","Width":75}}},"ItemInfo":{"ByLineInfo":{"Brand":{"DisplayValue":"Queen.Y","Label":"Brand","Locale":"es_ES"},"Manufacturer":{"DisplayValue":"Queen.Y","Label":"Manufacturer","Locale":"es_ES"}},"Title":{"DisplayValue":"Queen.Y Encendedor USB Eléctrico a Prueba de Viento Recargable Eléctrico sin Llama Sensor Táctil de Doble Lado Encendedor de Cigarrillos (Negro)","Label":"Title","Locale":"es_ES"}},"Offers":{"Summaries":[{"Condition":{"Value":"New"},"LowestPrice":{"Amount":15.99,"Currency":"EUR","DisplayAmount":"15,99 €"}}]}},{"ASIN":"B09P6ZBP9R","DetailPageURL":"https://www.amazon.es/dp/B09P6ZBP9R?tag=topinalambricos-21&linkCode=osi&th=1&psc=1","Images":{"Primary":{"Small":{"Height":75,"URL":"https://m.media-amazon.com/images/I/41toEpO31zL._SL75_.jpg","Width":75}}},"ItemInfo":{"ByLineInfo":{"Brand":{"DisplayValue":"QOXEFPJZ","Label":"Brand","Locale":"es_ES"},"Manufacturer":{"DisplayValue":"QOXEFPJZ","Label":"Manufacturer","Locale":"es_ES"}},"Title":{"DisplayValue":"QOXEFPJZ cenicero Cenicero de acero inoxidable de la vendimia con la tapa de metal portátil encendedor encendedor de encendido cenicero for el hogar del campamento for el hogar Holde de almacenamiento","Label":"Title","Locale":"es_ES"}},"Offers":{"Summaries":[{"Condition":{"Value":"New"},"LowestPrice":{"Amount":28.01,"Currency":"EUR","DisplayAmount":"28,01 €"}}]}},{"ASIN":"B0CHM9NKMZ","DetailPageURL":"https://www.amazon.es/dp/B0CHM9NKMZ?tag=topinalambricos-21&linkCode=osi&th=1&psc=1","Images":{"Primary":{"Small":{"Height":75,"URL":"https://m.media-amazon.com/images/I/31vno98R8hL._SL75_.jpg","Width":75}}},"ItemInfo":{"ByLineInfo":{"Brand":{"DisplayValue":"Rolls Plasma Lighter","Label":"Brand","Locale":"es_ES"},"Manufacturer":{"DisplayValue":"Rolls Plasma Lighter","Label":"Manufacturer","Locale":"es_ES"}},"Title":{"DisplayValue":"Rolls Plasma Lighter - Encendedor eléctrico Rolls, encendedor retro recargable por USB, encendedor fresco, encendedor de arco electrónico a prueba de viento, regalo para hombres, mujeres y jugadores,","Label":"Title","Locale":"es_ES"}},"Offers":{"Summaries":[{"Condition":{"Value":"New"},"LowestPrice":{"Amount":114.27,"Currency":"EUR","DisplayAmount":"114,27 €"}}]}},{"ASIN":"B07TRG616H","DetailPageURL":"https://www.amazon.es/dp/B07TRG616H?tag=topinalambricos-21&linkCode=osi&th=1&psc=1","Images":{"Primary":{"Small":{"Height":75,"URL":"https://m.media-amazon.com/images/I/41QVrGNgbEL._SL75_.jpg","Width":75}}},"ItemInfo":{"ByLineInfo":{"Brand":{"DisplayValue":"TYI","Label":"Brand","Locale":"es_ES"},"Manufacturer":{"DisplayValue":"TYI","Label":"Manufacturer","Locale":"es_ES"}},"Title":{"DisplayValue":"TYI Encendedor de Cigarrillos electrónico Premium, Carga USB, inducción de Flujo de Aire, Prueba de Viento, sin butano sin Llama","Label":"Title","Locale":"es_ES"}},"Offers":{"Summaries":[{"Condition":{"Value":"New"},"LowestPrice":{"Amount":59.99,"Currency":"EUR","DisplayAmount":"59,99 €"}}]}}],"SearchURL":"https://www.amazon.es/s?k=encendedor+marihuana&rh=n%3A599391031%2Cp_n_availability%3A-1&tag=topinalambricos-21&linkCode=osi","TotalResultCount":10}},"30":{"SearchResult":{"Items":[{"ASIN":"B0CPXN3BLM","DetailPageURL":"https://www.amazon.es/dp/B0CPXN3BLM?tag=topinalambricos-21&linkCode=osi&th=1&psc=1","Images":{"Primary":{"Small":{"Height":75,"URL":"https://m.media-amazon.com/images/I/51YLT+APM6L._SL75_.jpg","Width":75}}},"ItemInfo":{"ByLineInfo":{"Brand":{"DisplayValue":"GQWJKSZ","Label":"Brand","Locale":"es_ES"}},"Title":{"DisplayValue":"Letreros de hojalata Weed Homies for Life, impresión para fumar marihuana, regalo de marihuana y encendedor, cartel de Metal divertido Retro, póster Vintage, arte de pared para cocina, jardín, decorac","Label":"Title","Locale":"es_ES"}},"Offers":{"Summaries":[{"Condition":{"Value":"New"},"LowestPrice":{"Amount":9.7,"Currency":"EUR","DisplayAmount":"9,70 €"}}]}},{"ASIN":"B093D4R6VX","DetailPageURL":"https://www.amazon.es/dp/B093D4R6VX?tag=topinalambricos-21&linkCode=osi&th=1&psc=1","Images":{"Primary":{"Small":{"Height":75,"URL":"https://m.media-amazon.com/images/I/51T40CLWlhS._SL75_.jpg","Width":75}}},"ItemInfo":{"ByLineInfo":{"Brand":{"DisplayValue":"FUNSHOWCASE","Label":"Brand","Locale":"es_ES"},"Manufacturer":{"DisplayValue":"FUNSHOWCASE","Label":"Manufacturer","Locale":"es_ES"}},"Title":{"DisplayValue":"Juego de moldes de silicona para cenicero y encendedor de hojas de resina para manualidades","Label":"Title","Locale":"es_ES"}},"Offers":{"Summaries":[{"Condition":{"Value":"New"},"LowestPrice":{"Amount":14.59,"Currency":"EUR","DisplayAmount":"14,59 €"}}]}},{"ASIN":"B07K6T7PTC","DetailPageURL":"https://www.amazon.es/dp/B07K6T7PTC?tag=topinalambricos-21&linkCode=osi&th=1&psc=1","Images":{"Primary":{"Small":{"Height":72,"URL":"https://m.media-amazon.com/images/I/51VISa2IQOL._SL75_.jpg","Width":75}}},"ItemInfo":{"ByLineInfo":{"Brand":{"DisplayValue":"CLIPPER / FIRE-FLOW","Label":"Brand","Locale":"es_ES"},"Manufacturer":{"DisplayValue":"CLIPPER","Label":"Manufacturer","Locale":"es_ES"}},"Title":{"DisplayValue":"Clipper - 4 mecheros con dibujos de hojas de colores fluorescentes modelo n.º 2","Label":"Title","Locale":"es_ES"}},"Offers":{"Summaries":[{"Condition":{"Value":"New"},"LowestPrice":{"Amount":11.9,"Currency":"EUR","DisplayAmount":"11,90 €"}}]}},{"ASIN":"B0CQT9SCL4","DetailPageURL":"https://www.amazon.es/dp/B0CQT9SCL4?tag=topinalambricos-21&linkCode=osi&th=1&psc=1","Images":{"Primary":{"Small":{"Height":75,"URL":"https://m.media-amazon.com/images/I/41TS4t6IgXL._SL75_.jpg","Width":75}}},"ItemInfo":{"ByLineInfo":{"Brand":{"DisplayValue":"BORDSTRACT","Label":"Brand","Locale":"es_ES"},"Manufacturer":{"DisplayValue":"BORDSTRACT","Label":"Manufacturer","Locale":"es_ES"}},"Title":{"DisplayValue":"Cera De Abeja Núcleo De Marihuana, Núcleo De Vela De Cáñamo Orgánico 61m, Cera De Abeja Pura, para Lámparas De Aceite DIY Y Velas De Parafina, Quemando Lentamente, Sin Goteo (1,2 Mm)(Color Claro)","Label":"Title","Locale":"es_ES"}},"Offers":{"Summaries":[{"Condition":{"Value":"New"},"LowestPrice":{"Amount":10.29,"Currency":"EUR","DisplayAmount":"10,29 €"}}]}},{"ASIN":"B0C55RN6MS","DetailPageURL":"https://www.amazon.es/dp/B0C55RN6MS?tag=topinalambricos-21&linkCode=osi&th=1&psc=1","Images":{"Primary":{"Small":{"Height":75,"URL":"https://m.media-amazon.com/images/I/41tDcHmX4TL._SL75_.jpg","Width":75}}},"ItemInfo":{"ByLineInfo":{"Brand":{"DisplayValue":"YiKAiLi","Label":"Brand","Locale":"es_ES"},"Manufacturer":{"DisplayValue":"YiKAiLi","Label":"Manufacturer","Locale":"es_ES"}},"Title":{"DisplayValue":"Mechero de Tubo de Metal de Llama Abiert, Encendedor Inflable Portátil con Tubo Plegable, Encendedor A Prueba De Viento para Camping Cocina, Regalo para Hombres y Padres (Negro)","Label":"Title","Locale":"es_ES"}},"Offers":{"Summaries":[{"Condition":{"Value":"New"},"LowestPrice":{"Amount":26.8,"Currency":"EUR","DisplayAmount":"26,80 €"}}]}},{"ASIN":"B0BW14SHM1","DetailPageURL":"https://www.amazon.es/dp/B0BW14SHM1?tag=topinalambricos-21&linkCode=osi&th=1&psc=1","Images":{"Primary":{"Small":{"Height":75,"URL":"https://m.media-amazon.com/images/I/51BdgvRetbL._SL75_.jpg","Width":75}}},"ItemInfo":{"ByLineInfo":{"Brand":{"DisplayValue":"XBSJB","Label":"Brand","Locale":"es_ES"},"Manufacturer":{"DisplayValue":"XBSJB","Label":"Manufacturer","Locale":"es_ES"}},"Title":{"DisplayValue":"Exquisito Sanji, el Mismo Modelo de Encendedor de Queroseno de latón de Sirena de Lujo Hecho a Mano, Estilo Vintage Grabado con láser, se Puede llenar, se Prefieren los Regalos navideños","Label":"Title","Locale":"es_ES"}},"Offers":{"Summaries":[{"Condition":{"Value":"New"},"LowestPrice":{"Amount":67.86,"Currency":"EUR","DisplayAmount":"67,86 €"}}]}},{"ASIN":"B08LNPZ45Y","DetailPageURL":"https://www.amazon.es/dp/B08LNPZ45Y?tag=topinalambricos-21&linkCode=osi&th=1&psc=1","Images":{"Primary":{"Small":{"Height":75,"URL":"https://m.media-amazon.com/images/I/41QQURbSTuL._SL75_.jpg","Width":75}}},"ItemInfo":{"ByLineInfo":{"Brand":{"DisplayValue":"Queen.Y","Label":"Brand","Locale":"es_ES"},"Manufacturer":{"DisplayValue":"Queen.Y","Label":"Manufacturer","Locale":"es_ES"}},"Title":{"DisplayValue":"Queen.Y Encendedor USB Eléctrico a Prueba de Viento Recargable Eléctrico sin Llama Sensor Táctil de Doble Lado Encendedor de Cigarrillos (Negro)","Label":"Title","Locale":"es_ES"}},"Offers":{"Summaries":[{"Condition":{"Value":"New"},"LowestPrice":{"Amount":15.99,"Currency":"EUR","DisplayAmount":"15,99 €"}}]}},{"ASIN":"B09P6ZBP9R","DetailPageURL":"https://www.amazon.es/dp/B09P6ZBP9R?tag=topinalambricos-21&linkCode=osi&th=1&psc=1","Images":{"Primary":{"Small":{"Height":75,"URL":"https://m.media-amazon.com/images/I/41toEpO31zL._SL75_.jpg","Width":75}}},"ItemInfo":{"ByLineInfo":{"Brand":{"DisplayValue":"QOXEFPJZ","Label":"Brand","Locale":"es_ES"},"Manufacturer":{"DisplayValue":"QOXEFPJZ","Label":"Manufacturer","Locale":"es_ES"}},"Title":{"DisplayValue":"QOXEFPJZ cenicero Cenicero de acero inoxidable de la vendimia con la tapa de metal portátil encendedor encendedor de encendido cenicero for el hogar del campamento for el hogar Holde de almacenamiento","Label":"Title","Locale":"es_ES"}},"Offers":{"Summaries":[{"Condition":{"Value":"New"},"LowestPrice":{"Amount":28.01,"Currency":"EUR","DisplayAmount":"28,01 €"}}]}},{"ASIN":"B0CHM9NKMZ","DetailPageURL":"https://www.amazon.es/dp/B0CHM9NKMZ?tag=topinalambricos-21&linkCode=osi&th=1&psc=1","Images":{"Primary":{"Small":{"Height":75,"URL":"https://m.media-amazon.com/images/I/31vno98R8hL._SL75_.jpg","Width":75}}},"ItemInfo":{"ByLineInfo":{"Brand":{"DisplayValue":"Rolls Plasma Lighter","Label":"Brand","Locale":"es_ES"},"Manufacturer":{"DisplayValue":"Rolls Plasma Lighter","Label":"Manufacturer","Locale":"es_ES"}},"Title":{"DisplayValue":"Rolls Plasma Lighter - Encendedor eléctrico Rolls, encendedor retro recargable por USB, encendedor fresco, encendedor de arco electrónico a prueba de viento, regalo para hombres, mujeres y jugadores,","Label":"Title","Locale":"es_ES"}},"Offers":{"Summaries":[{"Condition":{"Value":"New"},"LowestPrice":{"Amount":114.27,"Currency":"EUR","DisplayAmount":"114,27 €"}}]}},{"ASIN":"B07TRG616H","DetailPageURL":"https://www.amazon.es/dp/B07TRG616H?tag=topinalambricos-21&linkCode=osi&th=1&psc=1","Images":{"Primary":{"Small":{"Height":75,"URL":"https://m.media-amazon.com/images/I/41QVrGNgbEL._SL75_.jpg","Width":75}}},"ItemInfo":{"ByLineInfo":{"Brand":{"DisplayValue":"TYI","Label":"Brand","Locale":"es_ES"},"Manufacturer":{"DisplayValue":"TYI","Label":"Manufacturer","Locale":"es_ES"}},"Title":{"DisplayValue":"TYI Encendedor de Cigarrillos electrónico Premium, Carga USB, inducción de Flujo de Aire, Prueba de Viento, sin butano sin Llama","Label":"Title","Locale":"es_ES"}},"Offers":{"Summaries":[{"Condition":{"Value":"New"},"LowestPrice":{"Amount":59.99,"Currency":"EUR","DisplayAmount":"59,99 €"}}]}}],"SearchURL":"https://www.amazon.es/s?k=encendedor+marihuana&rh=n%3A599391031%2Cp_n_availability%3A-1&tag=topinalambricos-21&linkCode=osi","TotalResultCount":10}},"31":{"SearchResult":{"Items":[{"ASIN":"B0CPXN3BLM","DetailPageURL":"https://www.amazon.es/dp/B0CPXN3BLM?tag=topinalambricos-21&linkCode=osi&th=1&psc=1","Images":{"Primary":{"Small":{"Height":75,"URL":"https://m.media-amazon.com/images/I/51YLT+APM6L._SL75_.jpg","Width":75}}},"ItemInfo":{"ByLineInfo":{"Brand":{"DisplayValue":"GQWJKSZ","Label":"Brand","Locale":"es_ES"}},"Title":{"DisplayValue":"Letreros de hojalata Weed Homies for Life, impresión para fumar marihuana, regalo de marihuana y encendedor, cartel de Metal divertido Retro, póster Vintage, arte de pared para cocina, jardín, decorac","Label":"Title","Locale":"es_ES"}},"Offers":{"Summaries":[{"Condition":{"Value":"New"},"LowestPrice":{"Amount":9.7,"Currency":"EUR","DisplayAmount":"9,70 €"}}]}},{"ASIN":"B093D4R6VX","DetailPageURL":"https://www.amazon.es/dp/B093D4R6VX?tag=topinalambricos-21&linkCode=osi&th=1&psc=1","Images":{"Primary":{"Small":{"Height":75,"URL":"https://m.media-amazon.com/images/I/51T40CLWlhS._SL75_.jpg","Width":75}}},"ItemInfo":{"ByLineInfo":{"Brand":{"DisplayValue":"FUNSHOWCASE","Label":"Brand","Locale":"es_ES"},"Manufacturer":{"DisplayValue":"FUNSHOWCASE","Label":"Manufacturer","Locale":"es_ES"}},"Title":{"DisplayValue":"Juego de moldes de silicona para cenicero y encendedor de hojas de resina para manualidades","Label":"Title","Locale":"es_ES"}},"Offers":{"Summaries":[{"Condition":{"Value":"New"},"LowestPrice":{"Amount":14.59,"Currency":"EUR","DisplayAmount":"14,59 €"}}]}},{"ASIN":"B07K6T7PTC","DetailPageURL":"https://www.amazon.es/dp/B07K6T7PTC?tag=topinalambricos-21&linkCode=osi&th=1&psc=1","Images":{"Primary":{"Small":{"Height":72,"URL":"https://m.media-amazon.com/images/I/51VISa2IQOL._SL75_.jpg","Width":75}}},"ItemInfo":{"ByLineInfo":{"Brand":{"DisplayValue":"CLIPPER / FIRE-FLOW","Label":"Brand","Locale":"es_ES"},"Manufacturer":{"DisplayValue":"CLIPPER","Label":"Manufacturer","Locale":"es_ES"}},"Title":{"DisplayValue":"Clipper - 4 mecheros con dibujos de hojas de colores fluorescentes modelo n.º 2","Label":"Title","Locale":"es_ES"}},"Offers":{"Summaries":[{"Condition":{"Value":"New"},"LowestPrice":{"Amount":11.9,"Currency":"EUR","DisplayAmount":"11,90 €"}}]}},{"ASIN":"B0CQT9SCL4","DetailPageURL":"https://www.amazon.es/dp/B0CQT9SCL4?tag=topinalambricos-21&linkCode=osi&th=1&psc=1","Images":{"Primary":{"Small":{"Height":75,"URL":"https://m.media-amazon.com/images/I/41TS4t6IgXL._SL75_.jpg","Width":75}}},"ItemInfo":{"ByLineInfo":{"Brand":{"DisplayValue":"BORDSTRACT","Label":"Brand","Locale":"es_ES"},"Manufacturer":{"DisplayValue":"BORDSTRACT","Label":"Manufacturer","Locale":"es_ES"}},"Title":{"DisplayValue":"Cera De Abeja Núcleo De Marihuana, Núcleo De Vela De Cáñamo Orgánico 61m, Cera De Abeja Pura, para Lámparas De Aceite DIY Y Velas De Parafina, Quemando Lentamente, Sin Goteo (1,2 Mm)(Color Claro)","Label":"Title","Locale":"es_ES"}},"Offers":{"Summaries":[{"Condition":{"Value":"New"},"LowestPrice":{"Amount":10.29,"Currency":"EUR","DisplayAmount":"10,29 €"}}]}},{"ASIN":"B0C55RN6MS","DetailPageURL":"https://www.amazon.es/dp/B0C55RN6MS?tag=topinalambricos-21&linkCode=osi&th=1&psc=1","Images":{"Primary":{"Small":{"Height":75,"URL":"https://m.media-amazon.com/images/I/41tDcHmX4TL._SL75_.jpg","Width":75}}},"ItemInfo":{"ByLineInfo":{"Brand":{"DisplayValue":"YiKAiLi","Label":"Brand","Locale":"es_ES"},"Manufacturer":{"DisplayValue":"YiKAiLi","Label":"Manufacturer","Locale":"es_ES"}},"Title":{"DisplayValue":"Mechero de Tubo de Metal de Llama Abiert, Encendedor Inflable Portátil con Tubo Plegable, Encendedor A Prueba De Viento para Camping Cocina, Regalo para Hombres y Padres (Negro)","Label":"Title","Locale":"es_ES"}},"Offers":{"Summaries":[{"Condition":{"Value":"New"},"LowestPrice":{"Amount":26.8,"Currency":"EUR","DisplayAmount":"26,80 €"}}]}},{"ASIN":"B0BW14SHM1","DetailPageURL":"https://www.amazon.es/dp/B0BW14SHM1?tag=topinalambricos-21&linkCode=osi&th=1&psc=1","Images":{"Primary":{"Small":{"Height":75,"URL":"https://m.media-amazon.com/images/I/51BdgvRetbL._SL75_.jpg","Width":75}}},"ItemInfo":{"ByLineInfo":{"Brand":{"DisplayValue":"XBSJB","Label":"Brand","Locale":"es_ES"},"Manufacturer":{"DisplayValue":"XBSJB","Label":"Manufacturer","Locale":"es_ES"}},"Title":{"DisplayValue":"Exquisito Sanji, el Mismo Modelo de Encendedor de Queroseno de latón de Sirena de Lujo Hecho a Mano, Estilo Vintage Grabado con láser, se Puede llenar, se Prefieren los Regalos navideños","Label":"Title","Locale":"es_ES"}},"Offers":{"Summaries":[{"Condition":{"Value":"New"},"LowestPrice":{"Amount":67.86,"Currency":"EUR","DisplayAmount":"67,86 €"}}]}},{"ASIN":"B08LNPZ45Y","DetailPageURL":"https://www.amazon.es/dp/B08LNPZ45Y?tag=topinalambricos-21&linkCode=osi&th=1&psc=1","Images":{"Primary":{"Small":{"Height":75,"URL":"https://m.media-amazon.com/images/I/41QQURbSTuL._SL75_.jpg","Width":75}}},"ItemInfo":{"ByLineInfo":{"Brand":{"DisplayValue":"Queen.Y","Label":"Brand","Locale":"es_ES"},"Manufacturer":{"DisplayValue":"Queen.Y","Label":"Manufacturer","Locale":"es_ES"}},"Title":{"DisplayValue":"Queen.Y Encendedor USB Eléctrico a Prueba de Viento Recargable Eléctrico sin Llama Sensor Táctil de Doble Lado Encendedor de Cigarrillos (Negro)","Label":"Title","Locale":"es_ES"}},"Offers":{"Summaries":[{"Condition":{"Value":"New"},"LowestPrice":{"Amount":15.99,"Currency":"EUR","DisplayAmount":"15,99 €"}}]}},{"ASIN":"B09P6ZBP9R","DetailPageURL":"https://www.amazon.es/dp/B09P6ZBP9R?tag=topinalambricos-21&linkCode=osi&th=1&psc=1","Images":{"Primary":{"Small":{"Height":75,"URL":"https://m.media-amazon.com/images/I/41toEpO31zL._SL75_.jpg","Width":75}}},"ItemInfo":{"ByLineInfo":{"Brand":{"DisplayValue":"QOXEFPJZ","Label":"Brand","Locale":"es_ES"},"Manufacturer":{"DisplayValue":"QOXEFPJZ","Label":"Manufacturer","Locale":"es_ES"}},"Title":{"DisplayValue":"QOXEFPJZ cenicero Cenicero de acero inoxidable de la vendimia con la tapa de metal portátil encendedor encendedor de encendido cenicero for el hogar del campamento for el hogar Holde de almacenamiento","Label":"Title","Locale":"es_ES"}},"Offers":{"Summaries":[{"Condition":{"Value":"New"},"LowestPrice":{"Amount":28.01,"Currency":"EUR","DisplayAmount":"28,01 €"}}]}},{"ASIN":"B0CHM9NKMZ","DetailPageURL":"https://www.amazon.es/dp/B0CHM9NKMZ?tag=topinalambricos-21&linkCode=osi&th=1&psc=1","Images":{"Primary":{"Small":{"Height":75,"URL":"https://m.media-amazon.com/images/I/31vno98R8hL._SL75_.jpg","Width":75}}},"ItemInfo":{"ByLineInfo":{"Brand":{"DisplayValue":"Rolls Plasma Lighter","Label":"Brand","Locale":"es_ES"},"Manufacturer":{"DisplayValue":"Rolls Plasma Lighter","Label":"Manufacturer","Locale":"es_ES"}},"Title":{"DisplayValue":"Rolls Plasma Lighter - Encendedor eléctrico Rolls, encendedor retro recargable por USB, encendedor fresco, encendedor de arco electrónico a prueba de viento, regalo para hombres, mujeres y jugadores,","Label":"Title","Locale":"es_ES"}},"Offers":{"Summaries":[{"Condition":{"Value":"New"},"LowestPrice":{"Amount":114.27,"Currency":"EUR","DisplayAmount":"114,27 €"}}]}},{"ASIN":"B07TRG616H","DetailPageURL":"https://www.amazon.es/dp/B07TRG616H?tag=topinalambricos-21&linkCode=osi&th=1&psc=1","Images":{"Primary":{"Small":{"Height":75,"URL":"https://m.media-amazon.com/images/I/41QVrGNgbEL._SL75_.jpg","Width":75}}},"ItemInfo":{"ByLineInfo":{"Brand":{"DisplayValue":"TYI","Label":"Brand","Locale":"es_ES"},"Manufacturer":{"DisplayValue":"TYI","Label":"Manufacturer","Locale":"es_ES"}},"Title":{"DisplayValue":"TYI Encendedor de Cigarrillos electrónico Premium, Carga USB, inducción de Flujo de Aire, Prueba de Viento, sin butano sin Llama","Label":"Title","Locale":"es_ES"}},"Offers":{"Summaries":[{"Condition":{"Value":"New"},"LowestPrice":{"Amount":59.99,"Currency":"EUR","DisplayAmount":"59,99 €"}}]}}],"SearchURL":"https://www.amazon.es/s?k=encendedor+marihuana&rh=n%3A599391031%2Cp_n_availability%3A-1&tag=topinalambricos-21&linkCode=osi","TotalResultCount":10}},"32":{"SearchResult":{"Items":[{"ASIN":"B0CPXN3BLM","DetailPageURL":"https://www.amazon.es/dp/B0CPXN3BLM?tag=topinalambricos-21&linkCode=osi&th=1&psc=1","Images":{"Primary":{"Small":{"Height":75,"URL":"https://m.media-amazon.com/images/I/51YLT+APM6L._SL75_.jpg","Width":75}}},"ItemInfo":{"ByLineInfo":{"Brand":{"DisplayValue":"GQWJKSZ","Label":"Brand","Locale":"es_ES"}},"Title":{"DisplayValue":"Letreros de hojalata Weed Homies for Life, impresión para fumar marihuana, regalo de marihuana y encendedor, cartel de Metal divertido Retro, póster Vintage, arte de pared para cocina, jardín, decorac","Label":"Title","Locale":"es_ES"}},"Offers":{"Summaries":[{"Condition":{"Value":"New"},"LowestPrice":{"Amount":9.7,"Currency":"EUR","DisplayAmount":"9,70 €"}}]}},{"ASIN":"B093D4R6VX","DetailPageURL":"https://www.amazon.es/dp/B093D4R6VX?tag=topinalambricos-21&linkCode=osi&th=1&psc=1","Images":{"Primary":{"Small":{"Height":75,"URL":"https://m.media-amazon.com/images/I/51T40CLWlhS._SL75_.jpg","Width":75}}},"ItemInfo":{"ByLineInfo":{"Brand":{"DisplayValue":"FUNSHOWCASE","Label":"Brand","Locale":"es_ES"},"Manufacturer":{"DisplayValue":"FUNSHOWCASE","Label":"Manufacturer","Locale":"es_ES"}},"Title":{"DisplayValue":"Juego de moldes de silicona para cenicero y encendedor de hojas de resina para manualidades","Label":"Title","Locale":"es_ES"}},"Offers":{"Summaries":[{"Condition":{"Value":"New"},"LowestPrice":{"Amount":14.59,"Currency":"EUR","DisplayAmount":"14,59 €"}}]}},{"ASIN":"B07K6T7PTC","DetailPageURL":"https://www.amazon.es/dp/B07K6T7PTC?tag=topinalambricos-21&linkCode=osi&th=1&psc=1","Images":{"Primary":{"Small":{"Height":72,"URL":"https://m.media-amazon.com/images/I/51VISa2IQOL._SL75_.jpg","Width":75}}},"ItemInfo":{"ByLineInfo":{"Brand":{"DisplayValue":"CLIPPER / FIRE-FLOW","Label":"Brand","Locale":"es_ES"},"Manufacturer":{"DisplayValue":"CLIPPER","Label":"Manufacturer","Locale":"es_ES"}},"Title":{"DisplayValue":"Clipper - 4 mecheros con dibujos de hojas de colores fluorescentes modelo n.º 2","Label":"Title","Locale":"es_ES"}},"Offers":{"Summaries":[{"Condition":{"Value":"New"},"LowestPrice":{"Amount":11.9,"Currency":"EUR","DisplayAmount":"11,90 €"}}]}},{"ASIN":"B0CQT9SCL4","DetailPageURL":"https://www.amazon.es/dp/B0CQT9SCL4?tag=topinalambricos-21&linkCode=osi&th=1&psc=1","Images":{"Primary":{"Small":{"Height":75,"URL":"https://m.media-amazon.com/images/I/41TS4t6IgXL._SL75_.jpg","Width":75}}},"ItemInfo":{"ByLineInfo":{"Brand":{"DisplayValue":"BORDSTRACT","Label":"Brand","Locale":"es_ES"},"Manufacturer":{"DisplayValue":"BORDSTRACT","Label":"Manufacturer","Locale":"es_ES"}},"Title":{"DisplayValue":"Cera De Abeja Núcleo De Marihuana, Núcleo De Vela De Cáñamo Orgánico 61m, Cera De Abeja Pura, para Lámparas De Aceite DIY Y Velas De Parafina, Quemando Lentamente, Sin Goteo (1,2 Mm)(Color Claro)","Label":"Title","Locale":"es_ES"}},"Offers":{"Summaries":[{"Condition":{"Value":"New"},"LowestPrice":{"Amount":10.29,"Currency":"EUR","DisplayAmount":"10,29 €"}}]}},{"ASIN":"B0C55RN6MS","DetailPageURL":"https://www.amazon.es/dp/B0C55RN6MS?tag=topinalambricos-21&linkCode=osi&th=1&psc=1","Images":{"Primary":{"Small":{"Height":75,"URL":"https://m.media-amazon.com/images/I/41tDcHmX4TL._SL75_.jpg","Width":75}}},"ItemInfo":{"ByLineInfo":{"Brand":{"DisplayValue":"YiKAiLi","Label":"Brand","Locale":"es_ES"},"Manufacturer":{"DisplayValue":"YiKAiLi","Label":"Manufacturer","Locale":"es_ES"}},"Title":{"DisplayValue":"Mechero de Tubo de Metal de Llama Abiert, Encendedor Inflable Portátil con Tubo Plegable, Encendedor A Prueba De Viento para Camping Cocina, Regalo para Hombres y Padres (Negro)","Label":"Title","Locale":"es_ES"}},"Offers":{"Summaries":[{"Condition":{"Value":"New"},"LowestPrice":{"Amount":26.8,"Currency":"EUR","DisplayAmount":"26,80 €"}}]}},{"ASIN":"B0BW14SHM1","DetailPageURL":"https://www.amazon.es/dp/B0BW14SHM1?tag=topinalambricos-21&linkCode=osi&th=1&psc=1","Images":{"Primary":{"Small":{"Height":75,"URL":"https://m.media-amazon.com/images/I/51BdgvRetbL._SL75_.jpg","Width":75}}},"ItemInfo":{"ByLineInfo":{"Brand":{"DisplayValue":"XBSJB","Label":"Brand","Locale":"es_ES"},"Manufacturer":{"DisplayValue":"XBSJB","Label":"Manufacturer","Locale":"es_ES"}},"Title":{"DisplayValue":"Exquisito Sanji, el Mismo Modelo de Encendedor de Queroseno de latón de Sirena de Lujo Hecho a Mano, Estilo Vintage Grabado con láser, se Puede llenar, se Prefieren los Regalos navideños","Label":"Title","Locale":"es_ES"}},"Offers":{"Summaries":[{"Condition":{"Value":"New"},"LowestPrice":{"Amount":67.86,"Currency":"EUR","DisplayAmount":"67,86 €"}}]}},{"ASIN":"B08LNPZ45Y","DetailPageURL":"https://www.amazon.es/dp/B08LNPZ45Y?tag=topinalambricos-21&linkCode=osi&th=1&psc=1","Images":{"Primary":{"Small":{"Height":75,"URL":"https://m.media-amazon.com/images/I/41QQURbSTuL._SL75_.jpg","Width":75}}},"ItemInfo":{"ByLineInfo":{"Brand":{"DisplayValue":"Queen.Y","Label":"Brand","Locale":"es_ES"},"Manufacturer":{"DisplayValue":"Queen.Y","Label":"Manufacturer","Locale":"es_ES"}},"Title":{"DisplayValue":"Queen.Y Encendedor USB Eléctrico a Prueba de Viento Recargable Eléctrico sin Llama Sensor Táctil de Doble Lado Encendedor de Cigarrillos (Negro)","Label":"Title","Locale":"es_ES"}},"Offers":{"Summaries":[{"Condition":{"Value":"New"},"LowestPrice":{"Amount":15.99,"Currency":"EUR","DisplayAmount":"15,99 €"}}]}},{"ASIN":"B09P6ZBP9R","DetailPageURL":"https://www.amazon.es/dp/B09P6ZBP9R?tag=topinalambricos-21&linkCode=osi&th=1&psc=1","Images":{"Primary":{"Small":{"Height":75,"URL":"https://m.media-amazon.com/images/I/41toEpO31zL._SL75_.jpg","Width":75}}},"ItemInfo":{"ByLineInfo":{"Brand":{"DisplayValue":"QOXEFPJZ","Label":"Brand","Locale":"es_ES"},"Manufacturer":{"DisplayValue":"QOXEFPJZ","Label":"Manufacturer","Locale":"es_ES"}},"Title":{"DisplayValue":"QOXEFPJZ cenicero Cenicero de acero inoxidable de la vendimia con la tapa de metal portátil encendedor encendedor de encendido cenicero for el hogar del campamento for el hogar Holde de almacenamiento","Label":"Title","Locale":"es_ES"}},"Offers":{"Summaries":[{"Condition":{"Value":"New"},"LowestPrice":{"Amount":28.01,"Currency":"EUR","DisplayAmount":"28,01 €"}}]}},{"ASIN":"B0CHM9NKMZ","DetailPageURL":"https://www.amazon.es/dp/B0CHM9NKMZ?tag=topinalambricos-21&linkCode=osi&th=1&psc=1","Images":{"Primary":{"Small":{"Height":75,"URL":"https://m.media-amazon.com/images/I/31vno98R8hL._SL75_.jpg","Width":75}}},"ItemInfo":{"ByLineInfo":{"Brand":{"DisplayValue":"Rolls Plasma Lighter","Label":"Brand","Locale":"es_ES"},"Manufacturer":{"DisplayValue":"Rolls Plasma Lighter","Label":"Manufacturer","Locale":"es_ES"}},"Title":{"DisplayValue":"Rolls Plasma Lighter - Encendedor eléctrico Rolls, encendedor retro recargable por USB, encendedor fresco, encendedor de arco electrónico a prueba de viento, regalo para hombres, mujeres y jugadores,","Label":"Title","Locale":"es_ES"}},"Offers":{"Summaries":[{"Condition":{"Value":"New"},"LowestPrice":{"Amount":114.27,"Currency":"EUR","DisplayAmount":"114,27 €"}}]}},{"ASIN":"B07TRG616H","DetailPageURL":"https://www.amazon.es/dp/B07TRG616H?tag=topinalambricos-21&linkCode=osi&th=1&psc=1","Images":{"Primary":{"Small":{"Height":75,"URL":"https://m.media-amazon.com/images/I/41QVrGNgbEL._SL75_.jpg","Width":75}}},"ItemInfo":{"ByLineInfo":{"Brand":{"DisplayValue":"TYI","Label":"Brand","Locale":"es_ES"},"Manufacturer":{"DisplayValue":"TYI","Label":"Manufacturer","Locale":"es_ES"}},"Title":{"DisplayValue":"TYI Encendedor de Cigarrillos electrónico Premium, Carga USB, inducción de Flujo de Aire, Prueba de Viento, sin butano sin Llama","Label":"Title","Locale":"es_ES"}},"Offers":{"Summaries":[{"Condition":{"Value":"New"},"LowestPrice":{"Amount":59.99,"Currency":"EUR","DisplayAmount":"59,99 €"}}]}}],"SearchURL":"https://www.amazon.es/s?k=encendedor+marihuana&rh=n%3A599391031%2Cp_n_availability%3A-1&tag=topinalambricos-21&linkCode=osi","TotalResultCount":10}},"33":{"SearchResult":{"Items":[{"ASIN":"B0CPXN3BLM","DetailPageURL":"https://www.amazon.es/dp/B0CPXN3BLM?tag=topinalambricos-21&linkCode=osi&th=1&psc=1","Images":{"Primary":{"Small":{"Height":75,"URL":"https://m.media-amazon.com/images/I/51YLT+APM6L._SL75_.jpg","Width":75}}},"ItemInfo":{"ByLineInfo":{"Brand":{"DisplayValue":"GQWJKSZ","Label":"Brand","Locale":"es_ES"}},"Title":{"DisplayValue":"Letreros de hojalata Weed Homies for Life, impresión para fumar marihuana, regalo de marihuana y encendedor, cartel de Metal divertido Retro, póster Vintage, arte de pared para cocina, jardín, decorac","Label":"Title","Locale":"es_ES"}},"Offers":{"Summaries":[{"Condition":{"Value":"New"},"LowestPrice":{"Amount":9.7,"Currency":"EUR","DisplayAmount":"9,70 €"}}]}},{"ASIN":"B093D4R6VX","DetailPageURL":"https://www.amazon.es/dp/B093D4R6VX?tag=topinalambricos-21&linkCode=osi&th=1&psc=1","Images":{"Primary":{"Small":{"Height":75,"URL":"https://m.media-amazon.com/images/I/51T40CLWlhS._SL75_.jpg","Width":75}}},"ItemInfo":{"ByLineInfo":{"Brand":{"DisplayValue":"FUNSHOWCASE","Label":"Brand","Locale":"es_ES"},"Manufacturer":{"DisplayValue":"FUNSHOWCASE","Label":"Manufacturer","Locale":"es_ES"}},"Title":{"DisplayValue":"Juego de moldes de silicona para cenicero y encendedor de hojas de resina para manualidades","Label":"Title","Locale":"es_ES"}},"Offers":{"Summaries":[{"Condition":{"Value":"New"},"LowestPrice":{"Amount":14.59,"Currency":"EUR","DisplayAmount":"14,59 €"}}]}},{"ASIN":"B07K6T7PTC","DetailPageURL":"https://www.amazon.es/dp/B07K6T7PTC?tag=topinalambricos-21&linkCode=osi&th=1&psc=1","Images":{"Primary":{"Small":{"Height":72,"URL":"https://m.media-amazon.com/images/I/51VISa2IQOL._SL75_.jpg","Width":75}}},"ItemInfo":{"ByLineInfo":{"Brand":{"DisplayValue":"CLIPPER / FIRE-FLOW","Label":"Brand","Locale":"es_ES"},"Manufacturer":{"DisplayValue":"CLIPPER","Label":"Manufacturer","Locale":"es_ES"}},"Title":{"DisplayValue":"Clipper - 4 mecheros con dibujos de hojas de colores fluorescentes modelo n.º 2","Label":"Title","Locale":"es_ES"}},"Offers":{"Summaries":[{"Condition":{"Value":"New"},"LowestPrice":{"Amount":11.9,"Currency":"EUR","DisplayAmount":"11,90 €"}}]}},{"ASIN":"B0CQT9SCL4","DetailPageURL":"https://www.amazon.es/dp/B0CQT9SCL4?tag=topinalambricos-21&linkCode=osi&th=1&psc=1","Images":{"Primary":{"Small":{"Height":75,"URL":"https://m.media-amazon.com/images/I/41TS4t6IgXL._SL75_.jpg","Width":75}}},"ItemInfo":{"ByLineInfo":{"Brand":{"DisplayValue":"BORDSTRACT","Label":"Brand","Locale":"es_ES"},"Manufacturer":{"DisplayValue":"BORDSTRACT","Label":"Manufacturer","Locale":"es_ES"}},"Title":{"DisplayValue":"Cera De Abeja Núcleo De Marihuana, Núcleo De Vela De Cáñamo Orgánico 61m, Cera De Abeja Pura, para Lámparas De Aceite DIY Y Velas De Parafina, Quemando Lentamente, Sin Goteo (1,2 Mm)(Color Claro)","Label":"Title","Locale":"es_ES"}},"Offers":{"Summaries":[{"Condition":{"Value":"New"},"LowestPrice":{"Amount":10.29,"Currency":"EUR","DisplayAmount":"10,29 €"}}]}},{"ASIN":"B0C55RN6MS","DetailPageURL":"https://www.amazon.es/dp/B0C55RN6MS?tag=topinalambricos-21&linkCode=osi&th=1&psc=1","Images":{"Primary":{"Small":{"Height":75,"URL":"https://m.media-amazon.com/images/I/41tDcHmX4TL._SL75_.jpg","Width":75}}},"ItemInfo":{"ByLineInfo":{"Brand":{"DisplayValue":"YiKAiLi","Label":"Brand","Locale":"es_ES"},"Manufacturer":{"DisplayValue":"YiKAiLi","Label":"Manufacturer","Locale":"es_ES"}},"Title":{"DisplayValue":"Mechero de Tubo de Metal de Llama Abiert, Encendedor Inflable Portátil con Tubo Plegable, Encendedor A Prueba De Viento para Camping Cocina, Regalo para Hombres y Padres (Negro)","Label":"Title","Locale":"es_ES"}},"Offers":{"Summaries":[{"Condition":{"Value":"New"},"LowestPrice":{"Amount":26.8,"Currency":"EUR","DisplayAmount":"26,80 €"}}]}},{"ASIN":"B0BW14SHM1","DetailPageURL":"https://www.amazon.es/dp/B0BW14SHM1?tag=topinalambricos-21&linkCode=osi&th=1&psc=1","Images":{"Primary":{"Small":{"Height":75,"URL":"https://m.media-amazon.com/images/I/51BdgvRetbL._SL75_.jpg","Width":75}}},"ItemInfo":{"ByLineInfo":{"Brand":{"DisplayValue":"XBSJB","Label":"Brand","Locale":"es_ES"},"Manufacturer":{"DisplayValue":"XBSJB","Label":"Manufacturer","Locale":"es_ES"}},"Title":{"DisplayValue":"Exquisito Sanji, el Mismo Modelo de Encendedor de Queroseno de latón de Sirena de Lujo Hecho a Mano, Estilo Vintage Grabado con láser, se Puede llenar, se Prefieren los Regalos navideños","Label":"Title","Locale":"es_ES"}},"Offers":{"Summaries":[{"Condition":{"Value":"New"},"LowestPrice":{"Amount":67.86,"Currency":"EUR","DisplayAmount":"67,86 €"}}]}},{"ASIN":"B08LNPZ45Y","DetailPageURL":"https://www.amazon.es/dp/B08LNPZ45Y?tag=topinalambricos-21&linkCode=osi&th=1&psc=1","Images":{"Primary":{"Small":{"Height":75,"URL":"https://m.media-amazon.com/images/I/41QQURbSTuL._SL75_.jpg","Width":75}}},"ItemInfo":{"ByLineInfo":{"Brand":{"DisplayValue":"Queen.Y","Label":"Brand","Locale":"es_ES"},"Manufacturer":{"DisplayValue":"Queen.Y","Label":"Manufacturer","Locale":"es_ES"}},"Title":{"DisplayValue":"Queen.Y Encendedor USB Eléctrico a Prueba de Viento Recargable Eléctrico sin Llama Sensor Táctil de Doble Lado Encendedor de Cigarrillos (Negro)","Label":"Title","Locale":"es_ES"}},"Offers":{"Summaries":[{"Condition":{"Value":"New"},"LowestPrice":{"Amount":15.99,"Currency":"EUR","DisplayAmount":"15,99 €"}}]}},{"ASIN":"B09P6ZBP9R","DetailPageURL":"https://www.amazon.es/dp/B09P6ZBP9R?tag=topinalambricos-21&linkCode=osi&th=1&psc=1","Images":{"Primary":{"Small":{"Height":75,"URL":"https://m.media-amazon.com/images/I/41toEpO31zL._SL75_.jpg","Width":75}}},"ItemInfo":{"ByLineInfo":{"Brand":{"DisplayValue":"QOXEFPJZ","Label":"Brand","Locale":"es_ES"},"Manufacturer":{"DisplayValue":"QOXEFPJZ","Label":"Manufacturer","Locale":"es_ES"}},"Title":{"DisplayValue":"QOXEFPJZ cenicero Cenicero de acero inoxidable de la vendimia con la tapa de metal portátil encendedor encendedor de encendido cenicero for el hogar del campamento for el hogar Holde de almacenamiento","Label":"Title","Locale":"es_ES"}},"Offers":{"Summaries":[{"Condition":{"Value":"New"},"LowestPrice":{"Amount":28.01,"Currency":"EUR","DisplayAmount":"28,01 €"}}]}},{"ASIN":"B0CHM9NKMZ","DetailPageURL":"https://www.amazon.es/dp/B0CHM9NKMZ?tag=topinalambricos-21&linkCode=osi&th=1&psc=1","Images":{"Primary":{"Small":{"Height":75,"URL":"https://m.media-amazon.com/images/I/31vno98R8hL._SL75_.jpg","Width":75}}},"ItemInfo":{"ByLineInfo":{"Brand":{"DisplayValue":"Rolls Plasma Lighter","Label":"Brand","Locale":"es_ES"},"Manufacturer":{"DisplayValue":"Rolls Plasma Lighter","Label":"Manufacturer","Locale":"es_ES"}},"Title":{"DisplayValue":"Rolls Plasma Lighter - Encendedor eléctrico Rolls, encendedor retro recargable por USB, encendedor fresco, encendedor de arco electrónico a prueba de viento, regalo para hombres, mujeres y jugadores,","Label":"Title","Locale":"es_ES"}},"Offers":{"Summaries":[{"Condition":{"Value":"New"},"LowestPrice":{"Amount":114.27,"Currency":"EUR","DisplayAmount":"114,27 €"}}]}},{"ASIN":"B07TRG616H","DetailPageURL":"https://www.amazon.es/dp/B07TRG616H?tag=topinalambricos-21&linkCode=osi&th=1&psc=1","Images":{"Primary":{"Small":{"Height":75,"URL":"https://m.media-amazon.com/images/I/41QVrGNgbEL._SL75_.jpg","Width":75}}},"ItemInfo":{"ByLineInfo":{"Brand":{"DisplayValue":"TYI","Label":"Brand","Locale":"es_ES"},"Manufacturer":{"DisplayValue":"TYI","Label":"Manufacturer","Locale":"es_ES"}},"Title":{"DisplayValue":"TYI Encendedor de Cigarrillos electrónico Premium, Carga USB, inducción de Flujo de Aire, Prueba de Viento, sin butano sin Llama","Label":"Title","Locale":"es_ES"}},"Offers":{"Summaries":[{"Condition":{"Value":"New"},"LowestPrice":{"Amount":59.99,"Currency":"EUR","DisplayAmount":"59,99 €"}}]}}],"SearchURL":"https://www.amazon.es/s?k=encendedor+marihuana&rh=n%3A599391031%2Cp_n_availability%3A-1&tag=topinalambricos-21&linkCode=osi","TotalResultCount":10}},"35":{"SearchResult":{"Items":[{"ASIN":"B0CPXN3BLM","DetailPageURL":"https://www.amazon.es/dp/B0CPXN3BLM?tag=topinalambricos-21&linkCode=osi&th=1&psc=1","Images":{"Primary":{"Small":{"Height":75,"URL":"https://m.media-amazon.com/images/I/51YLT+APM6L._SL75_.jpg","Width":75}}},"ItemInfo":{"ByLineInfo":{"Brand":{"DisplayValue":"GQWJKSZ","Label":"Brand","Locale":"es_ES"}},"Title":{"DisplayValue":"Letreros de hojalata Weed Homies for Life, impresión para fumar marihuana, regalo de marihuana y encendedor, cartel de Metal divertido Retro, póster Vintage, arte de pared para cocina, jardín, decorac","Label":"Title","Locale":"es_ES"}},"Offers":{"Summaries":[{"Condition":{"Value":"New"},"LowestPrice":{"Amount":9.7,"Currency":"EUR","DisplayAmount":"9,70 €"}}]}},{"ASIN":"B093D4R6VX","DetailPageURL":"https://www.amazon.es/dp/B093D4R6VX?tag=topinalambricos-21&linkCode=osi&th=1&psc=1","Images":{"Primary":{"Small":{"Height":75,"URL":"https://m.media-amazon.com/images/I/51T40CLWlhS._SL75_.jpg","Width":75}}},"ItemInfo":{"ByLineInfo":{"Brand":{"DisplayValue":"FUNSHOWCASE","Label":"Brand","Locale":"es_ES"},"Manufacturer":{"DisplayValue":"FUNSHOWCASE","Label":"Manufacturer","Locale":"es_ES"}},"Title":{"DisplayValue":"Juego de moldes de silicona para cenicero y encendedor de hojas de resina para manualidades","Label":"Title","Locale":"es_ES"}},"Offers":{"Summaries":[{"Condition":{"Value":"New"},"LowestPrice":{"Amount":14.59,"Currency":"EUR","DisplayAmount":"14,59 €"}}]}},{"ASIN":"B07K6T7PTC","DetailPageURL":"https://www.amazon.es/dp/B07K6T7PTC?tag=topinalambricos-21&linkCode=osi&th=1&psc=1","Images":{"Primary":{"Small":{"Height":72,"URL":"https://m.media-amazon.com/images/I/51VISa2IQOL._SL75_.jpg","Width":75}}},"ItemInfo":{"ByLineInfo":{"Brand":{"DisplayValue":"CLIPPER / FIRE-FLOW","Label":"Brand","Locale":"es_ES"},"Manufacturer":{"DisplayValue":"CLIPPER","Label":"Manufacturer","Locale":"es_ES"}},"Title":{"DisplayValue":"Clipper - 4 mecheros con dibujos de hojas de colores fluorescentes modelo n.º 2","Label":"Title","Locale":"es_ES"}},"Offers":{"Summaries":[{"Condition":{"Value":"New"},"LowestPrice":{"Amount":11.9,"Currency":"EUR","DisplayAmount":"11,90 €"}}]}},{"ASIN":"B0CQT9SCL4","DetailPageURL":"https://www.amazon.es/dp/B0CQT9SCL4?tag=topinalambricos-21&linkCode=osi&th=1&psc=1","Images":{"Primary":{"Small":{"Height":75,"URL":"https://m.media-amazon.com/images/I/41TS4t6IgXL._SL75_.jpg","Width":75}}},"ItemInfo":{"ByLineInfo":{"Brand":{"DisplayValue":"BORDSTRACT","Label":"Brand","Locale":"es_ES"},"Manufacturer":{"DisplayValue":"BORDSTRACT","Label":"Manufacturer","Locale":"es_ES"}},"Title":{"DisplayValue":"Cera De Abeja Núcleo De Marihuana, Núcleo De Vela De Cáñamo Orgánico 61m, Cera De Abeja Pura, para Lámparas De Aceite DIY Y Velas De Parafina, Quemando Lentamente, Sin Goteo (1,2 Mm)(Color Claro)","Label":"Title","Locale":"es_ES"}},"Offers":{"Summaries":[{"Condition":{"Value":"New"},"LowestPrice":{"Amount":10.29,"Currency":"EUR","DisplayAmount":"10,29 €"}}]}},{"ASIN":"B0C55RN6MS","DetailPageURL":"https://www.amazon.es/dp/B0C55RN6MS?tag=topinalambricos-21&linkCode=osi&th=1&psc=1","Images":{"Primary":{"Small":{"Height":75,"URL":"https://m.media-amazon.com/images/I/41tDcHmX4TL._SL75_.jpg","Width":75}}},"ItemInfo":{"ByLineInfo":{"Brand":{"DisplayValue":"YiKAiLi","Label":"Brand","Locale":"es_ES"},"Manufacturer":{"DisplayValue":"YiKAiLi","Label":"Manufacturer","Locale":"es_ES"}},"Title":{"DisplayValue":"Mechero de Tubo de Metal de Llama Abiert, Encendedor Inflable Portátil con Tubo Plegable, Encendedor A Prueba De Viento para Camping Cocina, Regalo para Hombres y Padres (Negro)","Label":"Title","Locale":"es_ES"}},"Offers":{"Summaries":[{"Condition":{"Value":"New"},"LowestPrice":{"Amount":26.8,"Currency":"EUR","DisplayAmount":"26,80 €"}}]}},{"ASIN":"B0BW14SHM1","DetailPageURL":"https://www.amazon.es/dp/B0BW14SHM1?tag=topinalambricos-21&linkCode=osi&th=1&psc=1","Images":{"Primary":{"Small":{"Height":75,"URL":"https://m.media-amazon.com/images/I/51BdgvRetbL._SL75_.jpg","Width":75}}},"ItemInfo":{"ByLineInfo":{"Brand":{"DisplayValue":"XBSJB","Label":"Brand","Locale":"es_ES"},"Manufacturer":{"DisplayValue":"XBSJB","Label":"Manufacturer","Locale":"es_ES"}},"Title":{"DisplayValue":"Exquisito Sanji, el Mismo Modelo de Encendedor de Queroseno de latón de Sirena de Lujo Hecho a Mano, Estilo Vintage Grabado con láser, se Puede llenar, se Prefieren los Regalos navideños","Label":"Title","Locale":"es_ES"}},"Offers":{"Summaries":[{"Condition":{"Value":"New"},"LowestPrice":{"Amount":67.86,"Currency":"EUR","DisplayAmount":"67,86 €"}}]}},{"ASIN":"B08LNPZ45Y","DetailPageURL":"https://www.amazon.es/dp/B08LNPZ45Y?tag=topinalambricos-21&linkCode=osi&th=1&psc=1","Images":{"Primary":{"Small":{"Height":75,"URL":"https://m.media-amazon.com/images/I/41QQURbSTuL._SL75_.jpg","Width":75}}},"ItemInfo":{"ByLineInfo":{"Brand":{"DisplayValue":"Queen.Y","Label":"Brand","Locale":"es_ES"},"Manufacturer":{"DisplayValue":"Queen.Y","Label":"Manufacturer","Locale":"es_ES"}},"Title":{"DisplayValue":"Queen.Y Encendedor USB Eléctrico a Prueba de Viento Recargable Eléctrico sin Llama Sensor Táctil de Doble Lado Encendedor de Cigarrillos (Negro)","Label":"Title","Locale":"es_ES"}},"Offers":{"Summaries":[{"Condition":{"Value":"New"},"LowestPrice":{"Amount":15.99,"Currency":"EUR","DisplayAmount":"15,99 €"}}]}},{"ASIN":"B09P6ZBP9R","DetailPageURL":"https://www.amazon.es/dp/B09P6ZBP9R?tag=topinalambricos-21&linkCode=osi&th=1&psc=1","Images":{"Primary":{"Small":{"Height":75,"URL":"https://m.media-amazon.com/images/I/41toEpO31zL._SL75_.jpg","Width":75}}},"ItemInfo":{"ByLineInfo":{"Brand":{"DisplayValue":"QOXEFPJZ","Label":"Brand","Locale":"es_ES"},"Manufacturer":{"DisplayValue":"QOXEFPJZ","Label":"Manufacturer","Locale":"es_ES"}},"Title":{"DisplayValue":"QOXEFPJZ cenicero Cenicero de acero inoxidable de la vendimia con la tapa de metal portátil encendedor encendedor de encendido cenicero for el hogar del campamento for el hogar Holde de almacenamiento","Label":"Title","Locale":"es_ES"}},"Offers":{"Summaries":[{"Condition":{"Value":"New"},"LowestPrice":{"Amount":28.01,"Currency":"EUR","DisplayAmount":"28,01 €"}}]}},{"ASIN":"B0CHM9NKMZ","DetailPageURL":"https://www.amazon.es/dp/B0CHM9NKMZ?tag=topinalambricos-21&linkCode=osi&th=1&psc=1","Images":{"Primary":{"Small":{"Height":75,"URL":"https://m.media-amazon.com/images/I/31vno98R8hL._SL75_.jpg","Width":75}}},"ItemInfo":{"ByLineInfo":{"Brand":{"DisplayValue":"Rolls Plasma Lighter","Label":"Brand","Locale":"es_ES"},"Manufacturer":{"DisplayValue":"Rolls Plasma Lighter","Label":"Manufacturer","Locale":"es_ES"}},"Title":{"DisplayValue":"Rolls Plasma Lighter - Encendedor eléctrico Rolls, encendedor retro recargable por USB, encendedor fresco, encendedor de arco electrónico a prueba de viento, regalo para hombres, mujeres y jugadores,","Label":"Title","Locale":"es_ES"}},"Offers":{"Summaries":[{"Condition":{"Value":"New"},"LowestPrice":{"Amount":114.27,"Currency":"EUR","DisplayAmount":"114,27 €"}}]}},{"ASIN":"B07TRG616H","DetailPageURL":"https://www.amazon.es/dp/B07TRG616H?tag=topinalambricos-21&linkCode=osi&th=1&psc=1","Images":{"Primary":{"Small":{"Height":75,"URL":"https://m.media-amazon.com/images/I/41QVrGNgbEL._SL75_.jpg","Width":75}}},"ItemInfo":{"ByLineInfo":{"Brand":{"DisplayValue":"TYI","Label":"Brand","Locale":"es_ES"},"Manufacturer":{"DisplayValue":"TYI","Label":"Manufacturer","Locale":"es_ES"}},"Title":{"DisplayValue":"TYI Encendedor de Cigarrillos electrónico Premium, Carga USB, inducción de Flujo de Aire, Prueba de Viento, sin butano sin Llama","Label":"Title","Locale":"es_ES"}},"Offers":{"Summaries":[{"Condition":{"Value":"New"},"LowestPrice":{"Amount":59.99,"Currency":"EUR","DisplayAmount":"59,99 €"}}]}}],"SearchURL":"https://www.amazon.es/s?k=encendedor+marihuana&rh=n%3A599391031%2Cp_n_availability%3A-1&tag=topinalambricos-21&linkCode=osi","TotalResultCount":10}},"36":{"SearchResult":{"Items":[{"ASIN":"B0CPXN3BLM","DetailPageURL":"https://www.amazon.es/dp/B0CPXN3BLM?tag=topinalambricos-21&linkCode=osi&th=1&psc=1","Images":{"Primary":{"Small":{"Height":75,"URL":"https://m.media-amazon.com/images/I/51YLT+APM6L._SL75_.jpg","Width":75}}},"ItemInfo":{"ByLineInfo":{"Brand":{"DisplayValue":"GQWJKSZ","Label":"Brand","Locale":"es_ES"}},"Title":{"DisplayValue":"Letreros de hojalata Weed Homies for Life, impresión para fumar marihuana, regalo de marihuana y encendedor, cartel de Metal divertido Retro, póster Vintage, arte de pared para cocina, jardín, decorac","Label":"Title","Locale":"es_ES"}},"Offers":{"Summaries":[{"Condition":{"Value":"New"},"LowestPrice":{"Amount":9.7,"Currency":"EUR","DisplayAmount":"9,70 €"}}]}},{"ASIN":"B093D4R6VX","DetailPageURL":"https://www.amazon.es/dp/B093D4R6VX?tag=topinalambricos-21&linkCode=osi&th=1&psc=1","Images":{"Primary":{"Small":{"Height":75,"URL":"https://m.media-amazon.com/images/I/51T40CLWlhS._SL75_.jpg","Width":75}}},"ItemInfo":{"ByLineInfo":{"Brand":{"DisplayValue":"FUNSHOWCASE","Label":"Brand","Locale":"es_ES"},"Manufacturer":{"DisplayValue":"FUNSHOWCASE","Label":"Manufacturer","Locale":"es_ES"}},"Title":{"DisplayValue":"Juego de moldes de silicona para cenicero y encendedor de hojas de resina para manualidades","Label":"Title","Locale":"es_ES"}},"Offers":{"Summaries":[{"Condition":{"Value":"New"},"LowestPrice":{"Amount":14.59,"Currency":"EUR","DisplayAmount":"14,59 €"}}]}},{"ASIN":"B07K6T7PTC","DetailPageURL":"https://www.amazon.es/dp/B07K6T7PTC?tag=topinalambricos-21&linkCode=osi&th=1&psc=1","Images":{"Primary":{"Small":{"Height":72,"URL":"https://m.media-amazon.com/images/I/51VISa2IQOL._SL75_.jpg","Width":75}}},"ItemInfo":{"ByLineInfo":{"Brand":{"DisplayValue":"CLIPPER / FIRE-FLOW","Label":"Brand","Locale":"es_ES"},"Manufacturer":{"DisplayValue":"CLIPPER","Label":"Manufacturer","Locale":"es_ES"}},"Title":{"DisplayValue":"Clipper - 4 mecheros con dibujos de hojas de colores fluorescentes modelo n.º 2","Label":"Title","Locale":"es_ES"}},"Offers":{"Summaries":[{"Condition":{"Value":"New"},"LowestPrice":{"Amount":11.9,"Currency":"EUR","DisplayAmount":"11,90 €"}}]}},{"ASIN":"B0CQT9SCL4","DetailPageURL":"https://www.amazon.es/dp/B0CQT9SCL4?tag=topinalambricos-21&linkCode=osi&th=1&psc=1","Images":{"Primary":{"Small":{"Height":75,"URL":"https://m.media-amazon.com/images/I/41TS4t6IgXL._SL75_.jpg","Width":75}}},"ItemInfo":{"ByLineInfo":{"Brand":{"DisplayValue":"BORDSTRACT","Label":"Brand","Locale":"es_ES"},"Manufacturer":{"DisplayValue":"BORDSTRACT","Label":"Manufacturer","Locale":"es_ES"}},"Title":{"DisplayValue":"Cera De Abeja Núcleo De Marihuana, Núcleo De Vela De Cáñamo Orgánico 61m, Cera De Abeja Pura, para Lámparas De Aceite DIY Y Velas De Parafina, Quemando Lentamente, Sin Goteo (1,2 Mm)(Color Claro)","Label":"Title","Locale":"es_ES"}},"Offers":{"Summaries":[{"Condition":{"Value":"New"},"LowestPrice":{"Amount":10.29,"Currency":"EUR","DisplayAmount":"10,29 €"}}]}},{"ASIN":"B0C55RN6MS","DetailPageURL":"https://www.amazon.es/dp/B0C55RN6MS?tag=topinalambricos-21&linkCode=osi&th=1&psc=1","Images":{"Primary":{"Small":{"Height":75,"URL":"https://m.media-amazon.com/images/I/41tDcHmX4TL._SL75_.jpg","Width":75}}},"ItemInfo":{"ByLineInfo":{"Brand":{"DisplayValue":"YiKAiLi","Label":"Brand","Locale":"es_ES"},"Manufacturer":{"DisplayValue":"YiKAiLi","Label":"Manufacturer","Locale":"es_ES"}},"Title":{"DisplayValue":"Mechero de Tubo de Metal de Llama Abiert, Encendedor Inflable Portátil con Tubo Plegable, Encendedor A Prueba De Viento para Camping Cocina, Regalo para Hombres y Padres (Negro)","Label":"Title","Locale":"es_ES"}},"Offers":{"Summaries":[{"Condition":{"Value":"New"},"LowestPrice":{"Amount":26.8,"Currency":"EUR","DisplayAmount":"26,80 €"}}]}},{"ASIN":"B0BW14SHM1","DetailPageURL":"https://www.amazon.es/dp/B0BW14SHM1?tag=topinalambricos-21&linkCode=osi&th=1&psc=1","Images":{"Primary":{"Small":{"Height":75,"URL":"https://m.media-amazon.com/images/I/51BdgvRetbL._SL75_.jpg","Width":75}}},"ItemInfo":{"ByLineInfo":{"Brand":{"DisplayValue":"XBSJB","Label":"Brand","Locale":"es_ES"},"Manufacturer":{"DisplayValue":"XBSJB","Label":"Manufacturer","Locale":"es_ES"}},"Title":{"DisplayValue":"Exquisito Sanji, el Mismo Modelo de Encendedor de Queroseno de latón de Sirena de Lujo Hecho a Mano, Estilo Vintage Grabado con láser, se Puede llenar, se Prefieren los Regalos navideños","Label":"Title","Locale":"es_ES"}},"Offers":{"Summaries":[{"Condition":{"Value":"New"},"LowestPrice":{"Amount":67.86,"Currency":"EUR","DisplayAmount":"67,86 €"}}]}},{"ASIN":"B08LNPZ45Y","DetailPageURL":"https://www.amazon.es/dp/B08LNPZ45Y?tag=topinalambricos-21&linkCode=osi&th=1&psc=1","Images":{"Primary":{"Small":{"Height":75,"URL":"https://m.media-amazon.com/images/I/41QQURbSTuL._SL75_.jpg","Width":75}}},"ItemInfo":{"ByLineInfo":{"Brand":{"DisplayValue":"Queen.Y","Label":"Brand","Locale":"es_ES"},"Manufacturer":{"DisplayValue":"Queen.Y","Label":"Manufacturer","Locale":"es_ES"}},"Title":{"DisplayValue":"Queen.Y Encendedor USB Eléctrico a Prueba de Viento Recargable Eléctrico sin Llama Sensor Táctil de Doble Lado Encendedor de Cigarrillos (Negro)","Label":"Title","Locale":"es_ES"}},"Offers":{"Summaries":[{"Condition":{"Value":"New"},"LowestPrice":{"Amount":15.99,"Currency":"EUR","DisplayAmount":"15,99 €"}}]}},{"ASIN":"B09P6ZBP9R","DetailPageURL":"https://www.amazon.es/dp/B09P6ZBP9R?tag=topinalambricos-21&linkCode=osi&th=1&psc=1","Images":{"Primary":{"Small":{"Height":75,"URL":"https://m.media-amazon.com/images/I/41toEpO31zL._SL75_.jpg","Width":75}}},"ItemInfo":{"ByLineInfo":{"Brand":{"DisplayValue":"QOXEFPJZ","Label":"Brand","Locale":"es_ES"},"Manufacturer":{"DisplayValue":"QOXEFPJZ","Label":"Manufacturer","Locale":"es_ES"}},"Title":{"DisplayValue":"QOXEFPJZ cenicero Cenicero de acero inoxidable de la vendimia con la tapa de metal portátil encendedor encendedor de encendido cenicero for el hogar del campamento for el hogar Holde de almacenamiento","Label":"Title","Locale":"es_ES"}},"Offers":{"Summaries":[{"Condition":{"Value":"New"},"LowestPrice":{"Amount":28.01,"Currency":"EUR","DisplayAmount":"28,01 €"}}]}},{"ASIN":"B0CHM9NKMZ","DetailPageURL":"https://www.amazon.es/dp/B0CHM9NKMZ?tag=topinalambricos-21&linkCode=osi&th=1&psc=1","Images":{"Primary":{"Small":{"Height":75,"URL":"https://m.media-amazon.com/images/I/31vno98R8hL._SL75_.jpg","Width":75}}},"ItemInfo":{"ByLineInfo":{"Brand":{"DisplayValue":"Rolls Plasma Lighter","Label":"Brand","Locale":"es_ES"},"Manufacturer":{"DisplayValue":"Rolls Plasma Lighter","Label":"Manufacturer","Locale":"es_ES"}},"Title":{"DisplayValue":"Rolls Plasma Lighter - Encendedor eléctrico Rolls, encendedor retro recargable por USB, encendedor fresco, encendedor de arco electrónico a prueba de viento, regalo para hombres, mujeres y jugadores,","Label":"Title","Locale":"es_ES"}},"Offers":{"Summaries":[{"Condition":{"Value":"New"},"LowestPrice":{"Amount":114.27,"Currency":"EUR","DisplayAmount":"114,27 €"}}]}},{"ASIN":"B07TRG616H","DetailPageURL":"https://www.amazon.es/dp/B07TRG616H?tag=topinalambricos-21&linkCode=osi&th=1&psc=1","Images":{"Primary":{"Small":{"Height":75,"URL":"https://m.media-amazon.com/images/I/41QVrGNgbEL._SL75_.jpg","Width":75}}},"ItemInfo":{"ByLineInfo":{"Brand":{"DisplayValue":"TYI","Label":"Brand","Locale":"es_ES"},"Manufacturer":{"DisplayValue":"TYI","Label":"Manufacturer","Locale":"es_ES"}},"Title":{"DisplayValue":"TYI Encendedor de Cigarrillos electrónico Premium, Carga USB, inducción de Flujo de Aire, Prueba de Viento, sin butano sin Llama","Label":"Title","Locale":"es_ES"}},"Offers":{"Summaries":[{"Condition":{"Value":"New"},"LowestPrice":{"Amount":59.99,"Currency":"EUR","DisplayAmount":"59,99 €"}}]}}],"SearchURL":"https://www.amazon.es/s?k=encendedor+marihuana&rh=n%3A599391031%2Cp_n_availability%3A-1&tag=topinalambricos-21&linkCode=osi","TotalResultCount":10}},"37":{"SearchResult":{"Items":[{"ASIN":"B0CPXN3BLM","DetailPageURL":"https://www.amazon.es/dp/B0CPXN3BLM?tag=topinalambricos-21&linkCode=osi&th=1&psc=1","Images":{"Primary":{"Small":{"Height":75,"URL":"https://m.media-amazon.com/images/I/51YLT+APM6L._SL75_.jpg","Width":75}}},"ItemInfo":{"ByLineInfo":{"Brand":{"DisplayValue":"GQWJKSZ","Label":"Brand","Locale":"es_ES"}},"Title":{"DisplayValue":"Letreros de hojalata Weed Homies for Life, impresión para fumar marihuana, regalo de marihuana y encendedor, cartel de Metal divertido Retro, póster Vintage, arte de pared para cocina, jardín, decorac","Label":"Title","Locale":"es_ES"}},"Offers":{"Summaries":[{"Condition":{"Value":"New"},"LowestPrice":{"Amount":9.7,"Currency":"EUR","DisplayAmount":"9,70 €"}}]}},{"ASIN":"B093D4R6VX","DetailPageURL":"https://www.amazon.es/dp/B093D4R6VX?tag=topinalambricos-21&linkCode=osi&th=1&psc=1","Images":{"Primary":{"Small":{"Height":75,"URL":"https://m.media-amazon.com/images/I/51T40CLWlhS._SL75_.jpg","Width":75}}},"ItemInfo":{"ByLineInfo":{"Brand":{"DisplayValue":"FUNSHOWCASE","Label":"Brand","Locale":"es_ES"},"Manufacturer":{"DisplayValue":"FUNSHOWCASE","Label":"Manufacturer","Locale":"es_ES"}},"Title":{"DisplayValue":"Juego de moldes de silicona para cenicero y encendedor de hojas de resina para manualidades","Label":"Title","Locale":"es_ES"}},"Offers":{"Summaries":[{"Condition":{"Value":"New"},"LowestPrice":{"Amount":14.59,"Currency":"EUR","DisplayAmount":"14,59 €"}}]}},{"ASIN":"B07K6T7PTC","DetailPageURL":"https://www.amazon.es/dp/B07K6T7PTC?tag=topinalambricos-21&linkCode=osi&th=1&psc=1","Images":{"Primary":{"Small":{"Height":72,"URL":"https://m.media-amazon.com/images/I/51VISa2IQOL._SL75_.jpg","Width":75}}},"ItemInfo":{"ByLineInfo":{"Brand":{"DisplayValue":"CLIPPER / FIRE-FLOW","Label":"Brand","Locale":"es_ES"},"Manufacturer":{"DisplayValue":"CLIPPER","Label":"Manufacturer","Locale":"es_ES"}},"Title":{"DisplayValue":"Clipper - 4 mecheros con dibujos de hojas de colores fluorescentes modelo n.º 2","Label":"Title","Locale":"es_ES"}},"Offers":{"Summaries":[{"Condition":{"Value":"New"},"LowestPrice":{"Amount":11.9,"Currency":"EUR","DisplayAmount":"11,90 €"}}]}},{"ASIN":"B0CQT9SCL4","DetailPageURL":"https://www.amazon.es/dp/B0CQT9SCL4?tag=topinalambricos-21&linkCode=osi&th=1&psc=1","Images":{"Primary":{"Small":{"Height":75,"URL":"https://m.media-amazon.com/images/I/41TS4t6IgXL._SL75_.jpg","Width":75}}},"ItemInfo":{"ByLineInfo":{"Brand":{"DisplayValue":"BORDSTRACT","Label":"Brand","Locale":"es_ES"},"Manufacturer":{"DisplayValue":"BORDSTRACT","Label":"Manufacturer","Locale":"es_ES"}},"Title":{"DisplayValue":"Cera De Abeja Núcleo De Marihuana, Núcleo De Vela De Cáñamo Orgánico 61m, Cera De Abeja Pura, para Lámparas De Aceite DIY Y Velas De Parafina, Quemando Lentamente, Sin Goteo (1,2 Mm)(Color Claro)","Label":"Title","Locale":"es_ES"}},"Offers":{"Summaries":[{"Condition":{"Value":"New"},"LowestPrice":{"Amount":10.29,"Currency":"EUR","DisplayAmount":"10,29 €"}}]}},{"ASIN":"B0C55RN6MS","DetailPageURL":"https://www.amazon.es/dp/B0C55RN6MS?tag=topinalambricos-21&linkCode=osi&th=1&psc=1","Images":{"Primary":{"Small":{"Height":75,"URL":"https://m.media-amazon.com/images/I/41tDcHmX4TL._SL75_.jpg","Width":75}}},"ItemInfo":{"ByLineInfo":{"Brand":{"DisplayValue":"YiKAiLi","Label":"Brand","Locale":"es_ES"},"Manufacturer":{"DisplayValue":"YiKAiLi","Label":"Manufacturer","Locale":"es_ES"}},"Title":{"DisplayValue":"Mechero de Tubo de Metal de Llama Abiert, Encendedor Inflable Portátil con Tubo Plegable, Encendedor A Prueba De Viento para Camping Cocina, Regalo para Hombres y Padres (Negro)","Label":"Title","Locale":"es_ES"}},"Offers":{"Summaries":[{"Condition":{"Value":"New"},"LowestPrice":{"Amount":26.8,"Currency":"EUR","DisplayAmount":"26,80 €"}}]}},{"ASIN":"B0BW14SHM1","DetailPageURL":"https://www.amazon.es/dp/B0BW14SHM1?tag=topinalambricos-21&linkCode=osi&th=1&psc=1","Images":{"Primary":{"Small":{"Height":75,"URL":"https://m.media-amazon.com/images/I/51BdgvRetbL._SL75_.jpg","Width":75}}},"ItemInfo":{"ByLineInfo":{"Brand":{"DisplayValue":"XBSJB","Label":"Brand","Locale":"es_ES"},"Manufacturer":{"DisplayValue":"XBSJB","Label":"Manufacturer","Locale":"es_ES"}},"Title":{"DisplayValue":"Exquisito Sanji, el Mismo Modelo de Encendedor de Queroseno de latón de Sirena de Lujo Hecho a Mano, Estilo Vintage Grabado con láser, se Puede llenar, se Prefieren los Regalos navideños","Label":"Title","Locale":"es_ES"}},"Offers":{"Summaries":[{"Condition":{"Value":"New"},"LowestPrice":{"Amount":67.86,"Currency":"EUR","DisplayAmount":"67,86 €"}}]}},{"ASIN":"B08LNPZ45Y","DetailPageURL":"https://www.amazon.es/dp/B08LNPZ45Y?tag=topinalambricos-21&linkCode=osi&th=1&psc=1","Images":{"Primary":{"Small":{"Height":75,"URL":"https://m.media-amazon.com/images/I/41QQURbSTuL._SL75_.jpg","Width":75}}},"ItemInfo":{"ByLineInfo":{"Brand":{"DisplayValue":"Queen.Y","Label":"Brand","Locale":"es_ES"},"Manufacturer":{"DisplayValue":"Queen.Y","Label":"Manufacturer","Locale":"es_ES"}},"Title":{"DisplayValue":"Queen.Y Encendedor USB Eléctrico a Prueba de Viento Recargable Eléctrico sin Llama Sensor Táctil de Doble Lado Encendedor de Cigarrillos (Negro)","Label":"Title","Locale":"es_ES"}},"Offers":{"Summaries":[{"Condition":{"Value":"New"},"LowestPrice":{"Amount":15.99,"Currency":"EUR","DisplayAmount":"15,99 €"}}]}},{"ASIN":"B09P6ZBP9R","DetailPageURL":"https://www.amazon.es/dp/B09P6ZBP9R?tag=topinalambricos-21&linkCode=osi&th=1&psc=1","Images":{"Primary":{"Small":{"Height":75,"URL":"https://m.media-amazon.com/images/I/41toEpO31zL._SL75_.jpg","Width":75}}},"ItemInfo":{"ByLineInfo":{"Brand":{"DisplayValue":"QOXEFPJZ","Label":"Brand","Locale":"es_ES"},"Manufacturer":{"DisplayValue":"QOXEFPJZ","Label":"Manufacturer","Locale":"es_ES"}},"Title":{"DisplayValue":"QOXEFPJZ cenicero Cenicero de acero inoxidable de la vendimia con la tapa de metal portátil encendedor encendedor de encendido cenicero for el hogar del campamento for el hogar Holde de almacenamiento","Label":"Title","Locale":"es_ES"}},"Offers":{"Summaries":[{"Condition":{"Value":"New"},"LowestPrice":{"Amount":28.01,"Currency":"EUR","DisplayAmount":"28,01 €"}}]}},{"ASIN":"B0CHM9NKMZ","DetailPageURL":"https://www.amazon.es/dp/B0CHM9NKMZ?tag=topinalambricos-21&linkCode=osi&th=1&psc=1","Images":{"Primary":{"Small":{"Height":75,"URL":"https://m.media-amazon.com/images/I/31vno98R8hL._SL75_.jpg","Width":75}}},"ItemInfo":{"ByLineInfo":{"Brand":{"DisplayValue":"Rolls Plasma Lighter","Label":"Brand","Locale":"es_ES"},"Manufacturer":{"DisplayValue":"Rolls Plasma Lighter","Label":"Manufacturer","Locale":"es_ES"}},"Title":{"DisplayValue":"Rolls Plasma Lighter - Encendedor eléctrico Rolls, encendedor retro recargable por USB, encendedor fresco, encendedor de arco electrónico a prueba de viento, regalo para hombres, mujeres y jugadores,","Label":"Title","Locale":"es_ES"}},"Offers":{"Summaries":[{"Condition":{"Value":"New"},"LowestPrice":{"Amount":114.27,"Currency":"EUR","DisplayAmount":"114,27 €"}}]}},{"ASIN":"B07TRG616H","DetailPageURL":"https://www.amazon.es/dp/B07TRG616H?tag=topinalambricos-21&linkCode=osi&th=1&psc=1","Images":{"Primary":{"Small":{"Height":75,"URL":"https://m.media-amazon.com/images/I/41QVrGNgbEL._SL75_.jpg","Width":75}}},"ItemInfo":{"ByLineInfo":{"Brand":{"DisplayValue":"TYI","Label":"Brand","Locale":"es_ES"},"Manufacturer":{"DisplayValue":"TYI","Label":"Manufacturer","Locale":"es_ES"}},"Title":{"DisplayValue":"TYI Encendedor de Cigarrillos electrónico Premium, Carga USB, inducción de Flujo de Aire, Prueba de Viento, sin butano sin Llama","Label":"Title","Locale":"es_ES"}},"Offers":{"Summaries":[{"Condition":{"Value":"New"},"LowestPrice":{"Amount":59.99,"Currency":"EUR","DisplayAmount":"59,99 €"}}]}}],"SearchURL":"https://www.amazon.es/s?k=encendedor+marihuana&rh=n%3A599391031%2Cp_n_availability%3A-1&tag=topinalambricos-21&linkCode=osi","TotalResultCount":10}},"38":{"SearchResult":{"Items":[{"ASIN":"B0CPXN3BLM","DetailPageURL":"https://www.amazon.es/dp/B0CPXN3BLM?tag=topinalambricos-21&linkCode=osi&th=1&psc=1","Images":{"Primary":{"Small":{"Height":75,"URL":"https://m.media-amazon.com/images/I/51YLT+APM6L._SL75_.jpg","Width":75}}},"ItemInfo":{"ByLineInfo":{"Brand":{"DisplayValue":"GQWJKSZ","Label":"Brand","Locale":"es_ES"}},"Title":{"DisplayValue":"Letreros de hojalata Weed Homies for Life, impresión para fumar marihuana, regalo de marihuana y encendedor, cartel de Metal divertido Retro, póster Vintage, arte de pared para cocina, jardín, decorac","Label":"Title","Locale":"es_ES"}},"Offers":{"Summaries":[{"Condition":{"Value":"New"},"LowestPrice":{"Amount":9.7,"Currency":"EUR","DisplayAmount":"9,70 €"}}]}},{"ASIN":"B093D4R6VX","DetailPageURL":"https://www.amazon.es/dp/B093D4R6VX?tag=topinalambricos-21&linkCode=osi&th=1&psc=1","Images":{"Primary":{"Small":{"Height":75,"URL":"https://m.media-amazon.com/images/I/51T40CLWlhS._SL75_.jpg","Width":75}}},"ItemInfo":{"ByLineInfo":{"Brand":{"DisplayValue":"FUNSHOWCASE","Label":"Brand","Locale":"es_ES"},"Manufacturer":{"DisplayValue":"FUNSHOWCASE","Label":"Manufacturer","Locale":"es_ES"}},"Title":{"DisplayValue":"Juego de moldes de silicona para cenicero y encendedor de hojas de resina para manualidades","Label":"Title","Locale":"es_ES"}},"Offers":{"Summaries":[{"Condition":{"Value":"New"},"LowestPrice":{"Amount":14.59,"Currency":"EUR","DisplayAmount":"14,59 €"}}]}},{"ASIN":"B07K6T7PTC","DetailPageURL":"https://www.amazon.es/dp/B07K6T7PTC?tag=topinalambricos-21&linkCode=osi&th=1&psc=1","Images":{"Primary":{"Small":{"Height":72,"URL":"https://m.media-amazon.com/images/I/51VISa2IQOL._SL75_.jpg","Width":75}}},"ItemInfo":{"ByLineInfo":{"Brand":{"DisplayValue":"CLIPPER / FIRE-FLOW","Label":"Brand","Locale":"es_ES"},"Manufacturer":{"DisplayValue":"CLIPPER","Label":"Manufacturer","Locale":"es_ES"}},"Title":{"DisplayValue":"Clipper - 4 mecheros con dibujos de hojas de colores fluorescentes modelo n.º 2","Label":"Title","Locale":"es_ES"}},"Offers":{"Summaries":[{"Condition":{"Value":"New"},"LowestPrice":{"Amount":11.9,"Currency":"EUR","DisplayAmount":"11,90 €"}}]}},{"ASIN":"B0CQT9SCL4","DetailPageURL":"https://www.amazon.es/dp/B0CQT9SCL4?tag=topinalambricos-21&linkCode=osi&th=1&psc=1","Images":{"Primary":{"Small":{"Height":75,"URL":"https://m.media-amazon.com/images/I/41TS4t6IgXL._SL75_.jpg","Width":75}}},"ItemInfo":{"ByLineInfo":{"Brand":{"DisplayValue":"BORDSTRACT","Label":"Brand","Locale":"es_ES"},"Manufacturer":{"DisplayValue":"BORDSTRACT","Label":"Manufacturer","Locale":"es_ES"}},"Title":{"DisplayValue":"Cera De Abeja Núcleo De Marihuana, Núcleo De Vela De Cáñamo Orgánico 61m, Cera De Abeja Pura, para Lámparas De Aceite DIY Y Velas De Parafina, Quemando Lentamente, Sin Goteo (1,2 Mm)(Color Claro)","Label":"Title","Locale":"es_ES"}},"Offers":{"Summaries":[{"Condition":{"Value":"New"},"LowestPrice":{"Amount":10.29,"Currency":"EUR","DisplayAmount":"10,29 €"}}]}},{"ASIN":"B0C55RN6MS","DetailPageURL":"https://www.amazon.es/dp/B0C55RN6MS?tag=topinalambricos-21&linkCode=osi&th=1&psc=1","Images":{"Primary":{"Small":{"Height":75,"URL":"https://m.media-amazon.com/images/I/41tDcHmX4TL._SL75_.jpg","Width":75}}},"ItemInfo":{"ByLineInfo":{"Brand":{"DisplayValue":"YiKAiLi","Label":"Brand","Locale":"es_ES"},"Manufacturer":{"DisplayValue":"YiKAiLi","Label":"Manufacturer","Locale":"es_ES"}},"Title":{"DisplayValue":"Mechero de Tubo de Metal de Llama Abiert, Encendedor Inflable Portátil con Tubo Plegable, Encendedor A Prueba De Viento para Camping Cocina, Regalo para Hombres y Padres (Negro)","Label":"Title","Locale":"es_ES"}},"Offers":{"Summaries":[{"Condition":{"Value":"New"},"LowestPrice":{"Amount":26.8,"Currency":"EUR","DisplayAmount":"26,80 €"}}]}},{"ASIN":"B0BW14SHM1","DetailPageURL":"https://www.amazon.es/dp/B0BW14SHM1?tag=topinalambricos-21&linkCode=osi&th=1&psc=1","Images":{"Primary":{"Small":{"Height":75,"URL":"https://m.media-amazon.com/images/I/51BdgvRetbL._SL75_.jpg","Width":75}}},"ItemInfo":{"ByLineInfo":{"Brand":{"DisplayValue":"XBSJB","Label":"Brand","Locale":"es_ES"},"Manufacturer":{"DisplayValue":"XBSJB","Label":"Manufacturer","Locale":"es_ES"}},"Title":{"DisplayValue":"Exquisito Sanji, el Mismo Modelo de Encendedor de Queroseno de latón de Sirena de Lujo Hecho a Mano, Estilo Vintage Grabado con láser, se Puede llenar, se Prefieren los Regalos navideños","Label":"Title","Locale":"es_ES"}},"Offers":{"Summaries":[{"Condition":{"Value":"New"},"LowestPrice":{"Amount":67.86,"Currency":"EUR","DisplayAmount":"67,86 €"}}]}},{"ASIN":"B08LNPZ45Y","DetailPageURL":"https://www.amazon.es/dp/B08LNPZ45Y?tag=topinalambricos-21&linkCode=osi&th=1&psc=1","Images":{"Primary":{"Small":{"Height":75,"URL":"https://m.media-amazon.com/images/I/41QQURbSTuL._SL75_.jpg","Width":75}}},"ItemInfo":{"ByLineInfo":{"Brand":{"DisplayValue":"Queen.Y","Label":"Brand","Locale":"es_ES"},"Manufacturer":{"DisplayValue":"Queen.Y","Label":"Manufacturer","Locale":"es_ES"}},"Title":{"DisplayValue":"Queen.Y Encendedor USB Eléctrico a Prueba de Viento Recargable Eléctrico sin Llama Sensor Táctil de Doble Lado Encendedor de Cigarrillos (Negro)","Label":"Title","Locale":"es_ES"}},"Offers":{"Summaries":[{"Condition":{"Value":"New"},"LowestPrice":{"Amount":15.99,"Currency":"EUR","DisplayAmount":"15,99 €"}}]}},{"ASIN":"B09P6ZBP9R","DetailPageURL":"https://www.amazon.es/dp/B09P6ZBP9R?tag=topinalambricos-21&linkCode=osi&th=1&psc=1","Images":{"Primary":{"Small":{"Height":75,"URL":"https://m.media-amazon.com/images/I/41toEpO31zL._SL75_.jpg","Width":75}}},"ItemInfo":{"ByLineInfo":{"Brand":{"DisplayValue":"QOXEFPJZ","Label":"Brand","Locale":"es_ES"},"Manufacturer":{"DisplayValue":"QOXEFPJZ","Label":"Manufacturer","Locale":"es_ES"}},"Title":{"DisplayValue":"QOXEFPJZ cenicero Cenicero de acero inoxidable de la vendimia con la tapa de metal portátil encendedor encendedor de encendido cenicero for el hogar del campamento for el hogar Holde de almacenamiento","Label":"Title","Locale":"es_ES"}},"Offers":{"Summaries":[{"Condition":{"Value":"New"},"LowestPrice":{"Amount":28.01,"Currency":"EUR","DisplayAmount":"28,01 €"}}]}},{"ASIN":"B0CHM9NKMZ","DetailPageURL":"https://www.amazon.es/dp/B0CHM9NKMZ?tag=topinalambricos-21&linkCode=osi&th=1&psc=1","Images":{"Primary":{"Small":{"Height":75,"URL":"https://m.media-amazon.com/images/I/31vno98R8hL._SL75_.jpg","Width":75}}},"ItemInfo":{"ByLineInfo":{"Brand":{"DisplayValue":"Rolls Plasma Lighter","Label":"Brand","Locale":"es_ES"},"Manufacturer":{"DisplayValue":"Rolls Plasma Lighter","Label":"Manufacturer","Locale":"es_ES"}},"Title":{"DisplayValue":"Rolls Plasma Lighter - Encendedor eléctrico Rolls, encendedor retro recargable por USB, encendedor fresco, encendedor de arco electrónico a prueba de viento, regalo para hombres, mujeres y jugadores,","Label":"Title","Locale":"es_ES"}},"Offers":{"Summaries":[{"Condition":{"Value":"New"},"LowestPrice":{"Amount":114.27,"Currency":"EUR","DisplayAmount":"114,27 €"}}]}},{"ASIN":"B07TRG616H","DetailPageURL":"https://www.amazon.es/dp/B07TRG616H?tag=topinalambricos-21&linkCode=osi&th=1&psc=1","Images":{"Primary":{"Small":{"Height":75,"URL":"https://m.media-amazon.com/images/I/41QVrGNgbEL._SL75_.jpg","Width":75}}},"ItemInfo":{"ByLineInfo":{"Brand":{"DisplayValue":"TYI","Label":"Brand","Locale":"es_ES"},"Manufacturer":{"DisplayValue":"TYI","Label":"Manufacturer","Locale":"es_ES"}},"Title":{"DisplayValue":"TYI Encendedor de Cigarrillos electrónico Premium, Carga USB, inducción de Flujo de Aire, Prueba de Viento, sin butano sin Llama","Label":"Title","Locale":"es_ES"}},"Offers":{"Summaries":[{"Condition":{"Value":"New"},"LowestPrice":{"Amount":59.99,"Currency":"EUR","DisplayAmount":"59,99 €"}}]}}],"SearchURL":"https://www.amazon.es/s?k=encendedor+marihuana&rh=n%3A599391031%2Cp_n_availability%3A-1&tag=topinalambricos-21&linkCode=osi","TotalResultCount":10}},"39":{"SearchResult":{"Items":[{"ASIN":"B0CPXN3BLM","DetailPageURL":"https://www.amazon.es/dp/B0CPXN3BLM?tag=topinalambricos-21&linkCode=osi&th=1&psc=1","Images":{"Primary":{"Small":{"Height":75,"URL":"https://m.media-amazon.com/images/I/51YLT+APM6L._SL75_.jpg","Width":75}}},"ItemInfo":{"ByLineInfo":{"Brand":{"DisplayValue":"GQWJKSZ","Label":"Brand","Locale":"es_ES"}},"Title":{"DisplayValue":"Letreros de hojalata Weed Homies for Life, impresión para fumar marihuana, regalo de marihuana y encendedor, cartel de Metal divertido Retro, póster Vintage, arte de pared para cocina, jardín, decorac","Label":"Title","Locale":"es_ES"}},"Offers":{"Summaries":[{"Condition":{"Value":"New"},"LowestPrice":{"Amount":9.7,"Currency":"EUR","DisplayAmount":"9,70 €"}}]}},{"ASIN":"B093D4R6VX","DetailPageURL":"https://www.amazon.es/dp/B093D4R6VX?tag=topinalambricos-21&linkCode=osi&th=1&psc=1","Images":{"Primary":{"Small":{"Height":75,"URL":"https://m.media-amazon.com/images/I/51T40CLWlhS._SL75_.jpg","Width":75}}},"ItemInfo":{"ByLineInfo":{"Brand":{"DisplayValue":"FUNSHOWCASE","Label":"Brand","Locale":"es_ES"},"Manufacturer":{"DisplayValue":"FUNSHOWCASE","Label":"Manufacturer","Locale":"es_ES"}},"Title":{"DisplayValue":"Juego de moldes de silicona para cenicero y encendedor de hojas de resina para manualidades","Label":"Title","Locale":"es_ES"}},"Offers":{"Summaries":[{"Condition":{"Value":"New"},"LowestPrice":{"Amount":14.59,"Currency":"EUR","DisplayAmount":"14,59 €"}}]}},{"ASIN":"B07K6T7PTC","DetailPageURL":"https://www.amazon.es/dp/B07K6T7PTC?tag=topinalambricos-21&linkCode=osi&th=1&psc=1","Images":{"Primary":{"Small":{"Height":72,"URL":"https://m.media-amazon.com/images/I/51VISa2IQOL._SL75_.jpg","Width":75}}},"ItemInfo":{"ByLineInfo":{"Brand":{"DisplayValue":"CLIPPER / FIRE-FLOW","Label":"Brand","Locale":"es_ES"},"Manufacturer":{"DisplayValue":"CLIPPER","Label":"Manufacturer","Locale":"es_ES"}},"Title":{"DisplayValue":"Clipper - 4 mecheros con dibujos de hojas de colores fluorescentes modelo n.º 2","Label":"Title","Locale":"es_ES"}},"Offers":{"Summaries":[{"Condition":{"Value":"New"},"LowestPrice":{"Amount":11.9,"Currency":"EUR","DisplayAmount":"11,90 €"}}]}},{"ASIN":"B0CQT9SCL4","DetailPageURL":"https://www.amazon.es/dp/B0CQT9SCL4?tag=topinalambricos-21&linkCode=osi&th=1&psc=1","Images":{"Primary":{"Small":{"Height":75,"URL":"https://m.media-amazon.com/images/I/41TS4t6IgXL._SL75_.jpg","Width":75}}},"ItemInfo":{"ByLineInfo":{"Brand":{"DisplayValue":"BORDSTRACT","Label":"Brand","Locale":"es_ES"},"Manufacturer":{"DisplayValue":"BORDSTRACT","Label":"Manufacturer","Locale":"es_ES"}},"Title":{"DisplayValue":"Cera De Abeja Núcleo De Marihuana, Núcleo De Vela De Cáñamo Orgánico 61m, Cera De Abeja Pura, para Lámparas De Aceite DIY Y Velas De Parafina, Quemando Lentamente, Sin Goteo (1,2 Mm)(Color Claro)","Label":"Title","Locale":"es_ES"}},"Offers":{"Summaries":[{"Condition":{"Value":"New"},"LowestPrice":{"Amount":10.29,"Currency":"EUR","DisplayAmount":"10,29 €"}}]}},{"ASIN":"B0C55RN6MS","DetailPageURL":"https://www.amazon.es/dp/B0C55RN6MS?tag=topinalambricos-21&linkCode=osi&th=1&psc=1","Images":{"Primary":{"Small":{"Height":75,"URL":"https://m.media-amazon.com/images/I/41tDcHmX4TL._SL75_.jpg","Width":75}}},"ItemInfo":{"ByLineInfo":{"Brand":{"DisplayValue":"YiKAiLi","Label":"Brand","Locale":"es_ES"},"Manufacturer":{"DisplayValue":"YiKAiLi","Label":"Manufacturer","Locale":"es_ES"}},"Title":{"DisplayValue":"Mechero de Tubo de Metal de Llama Abiert, Encendedor Inflable Portátil con Tubo Plegable, Encendedor A Prueba De Viento para Camping Cocina, Regalo para Hombres y Padres (Negro)","Label":"Title","Locale":"es_ES"}},"Offers":{"Summaries":[{"Condition":{"Value":"New"},"LowestPrice":{"Amount":26.8,"Currency":"EUR","DisplayAmount":"26,80 €"}}]}},{"ASIN":"B0BW14SHM1","DetailPageURL":"https://www.amazon.es/dp/B0BW14SHM1?tag=topinalambricos-21&linkCode=osi&th=1&psc=1","Images":{"Primary":{"Small":{"Height":75,"URL":"https://m.media-amazon.com/images/I/51BdgvRetbL._SL75_.jpg","Width":75}}},"ItemInfo":{"ByLineInfo":{"Brand":{"DisplayValue":"XBSJB","Label":"Brand","Locale":"es_ES"},"Manufacturer":{"DisplayValue":"XBSJB","Label":"Manufacturer","Locale":"es_ES"}},"Title":{"DisplayValue":"Exquisito Sanji, el Mismo Modelo de Encendedor de Queroseno de latón de Sirena de Lujo Hecho a Mano, Estilo Vintage Grabado con láser, se Puede llenar, se Prefieren los Regalos navideños","Label":"Title","Locale":"es_ES"}},"Offers":{"Summaries":[{"Condition":{"Value":"New"},"LowestPrice":{"Amount":67.86,"Currency":"EUR","DisplayAmount":"67,86 €"}}]}},{"ASIN":"B08LNPZ45Y","DetailPageURL":"https://www.amazon.es/dp/B08LNPZ45Y?tag=topinalambricos-21&linkCode=osi&th=1&psc=1","Images":{"Primary":{"Small":{"Height":75,"URL":"https://m.media-amazon.com/images/I/41QQURbSTuL._SL75_.jpg","Width":75}}},"ItemInfo":{"ByLineInfo":{"Brand":{"DisplayValue":"Queen.Y","Label":"Brand","Locale":"es_ES"},"Manufacturer":{"DisplayValue":"Queen.Y","Label":"Manufacturer","Locale":"es_ES"}},"Title":{"DisplayValue":"Queen.Y Encendedor USB Eléctrico a Prueba de Viento Recargable Eléctrico sin Llama Sensor Táctil de Doble Lado Encendedor de Cigarrillos (Negro)","Label":"Title","Locale":"es_ES"}},"Offers":{"Summaries":[{"Condition":{"Value":"New"},"LowestPrice":{"Amount":15.99,"Currency":"EUR","DisplayAmount":"15,99 €"}}]}},{"ASIN":"B09P6ZBP9R","DetailPageURL":"https://www.amazon.es/dp/B09P6ZBP9R?tag=topinalambricos-21&linkCode=osi&th=1&psc=1","Images":{"Primary":{"Small":{"Height":75,"URL":"https://m.media-amazon.com/images/I/41toEpO31zL._SL75_.jpg","Width":75}}},"ItemInfo":{"ByLineInfo":{"Brand":{"DisplayValue":"QOXEFPJZ","Label":"Brand","Locale":"es_ES"},"Manufacturer":{"DisplayValue":"QOXEFPJZ","Label":"Manufacturer","Locale":"es_ES"}},"Title":{"DisplayValue":"QOXEFPJZ cenicero Cenicero de acero inoxidable de la vendimia con la tapa de metal portátil encendedor encendedor de encendido cenicero for el hogar del campamento for el hogar Holde de almacenamiento","Label":"Title","Locale":"es_ES"}},"Offers":{"Summaries":[{"Condition":{"Value":"New"},"LowestPrice":{"Amount":28.01,"Currency":"EUR","DisplayAmount":"28,01 €"}}]}},{"ASIN":"B0CHM9NKMZ","DetailPageURL":"https://www.amazon.es/dp/B0CHM9NKMZ?tag=topinalambricos-21&linkCode=osi&th=1&psc=1","Images":{"Primary":{"Small":{"Height":75,"URL":"https://m.media-amazon.com/images/I/31vno98R8hL._SL75_.jpg","Width":75}}},"ItemInfo":{"ByLineInfo":{"Brand":{"DisplayValue":"Rolls Plasma Lighter","Label":"Brand","Locale":"es_ES"},"Manufacturer":{"DisplayValue":"Rolls Plasma Lighter","Label":"Manufacturer","Locale":"es_ES"}},"Title":{"DisplayValue":"Rolls Plasma Lighter - Encendedor eléctrico Rolls, encendedor retro recargable por USB, encendedor fresco, encendedor de arco electrónico a prueba de viento, regalo para hombres, mujeres y jugadores,","Label":"Title","Locale":"es_ES"}},"Offers":{"Summaries":[{"Condition":{"Value":"New"},"LowestPrice":{"Amount":114.27,"Currency":"EUR","DisplayAmount":"114,27 €"}}]}},{"ASIN":"B07TRG616H","DetailPageURL":"https://www.amazon.es/dp/B07TRG616H?tag=topinalambricos-21&linkCode=osi&th=1&psc=1","Images":{"Primary":{"Small":{"Height":75,"URL":"https://m.media-amazon.com/images/I/41QVrGNgbEL._SL75_.jpg","Width":75}}},"ItemInfo":{"ByLineInfo":{"Brand":{"DisplayValue":"TYI","Label":"Brand","Locale":"es_ES"},"Manufacturer":{"DisplayValue":"TYI","Label":"Manufacturer","Locale":"es_ES"}},"Title":{"DisplayValue":"TYI Encendedor de Cigarrillos electrónico Premium, Carga USB, inducción de Flujo de Aire, Prueba de Viento, sin butano sin Llama","Label":"Title","Locale":"es_ES"}},"Offers":{"Summaries":[{"Condition":{"Value":"New"},"LowestPrice":{"Amount":59.99,"Currency":"EUR","DisplayAmount":"59,99 €"}}]}}],"SearchURL":"https://www.amazon.es/s?k=encendedor+marihuana&rh=n%3A599391031%2Cp_n_availability%3A-1&tag=topinalambricos-21&linkCode=osi","TotalResultCount":10}},"40":{"SearchResult":{"Items":[{"ASIN":"B0CPXN3BLM","DetailPageURL":"https://www.amazon.es/dp/B0CPXN3BLM?tag=topinalambricos-21&linkCode=osi&th=1&psc=1","Images":{"Primary":{"Small":{"Height":75,"URL":"https://m.media-amazon.com/images/I/51YLT+APM6L._SL75_.jpg","Width":75}}},"ItemInfo":{"ByLineInfo":{"Brand":{"DisplayValue":"GQWJKSZ","Label":"Brand","Locale":"es_ES"}},"Title":{"DisplayValue":"Letreros de hojalata Weed Homies for Life, impresión para fumar marihuana, regalo de marihuana y encendedor, cartel de Metal divertido Retro, póster Vintage, arte de pared para cocina, jardín, decorac","Label":"Title","Locale":"es_ES"}},"Offers":{"Summaries":[{"Condition":{"Value":"New"},"LowestPrice":{"Amount":9.7,"Currency":"EUR","DisplayAmount":"9,70 €"}}]}},{"ASIN":"B093D4R6VX","DetailPageURL":"https://www.amazon.es/dp/B093D4R6VX?tag=topinalambricos-21&linkCode=osi&th=1&psc=1","Images":{"Primary":{"Small":{"Height":75,"URL":"https://m.media-amazon.com/images/I/51T40CLWlhS._SL75_.jpg","Width":75}}},"ItemInfo":{"ByLineInfo":{"Brand":{"DisplayValue":"FUNSHOWCASE","Label":"Brand","Locale":"es_ES"},"Manufacturer":{"DisplayValue":"FUNSHOWCASE","Label":"Manufacturer","Locale":"es_ES"}},"Title":{"DisplayValue":"Juego de moldes de silicona para cenicero y encendedor de hojas de resina para manualidades","Label":"Title","Locale":"es_ES"}},"Offers":{"Summaries":[{"Condition":{"Value":"New"},"LowestPrice":{"Amount":14.59,"Currency":"EUR","DisplayAmount":"14,59 €"}}]}},{"ASIN":"B07K6T7PTC","DetailPageURL":"https://www.amazon.es/dp/B07K6T7PTC?tag=topinalambricos-21&linkCode=osi&th=1&psc=1","Images":{"Primary":{"Small":{"Height":72,"URL":"https://m.media-amazon.com/images/I/51VISa2IQOL._SL75_.jpg","Width":75}}},"ItemInfo":{"ByLineInfo":{"Brand":{"DisplayValue":"CLIPPER / FIRE-FLOW","Label":"Brand","Locale":"es_ES"},"Manufacturer":{"DisplayValue":"CLIPPER","Label":"Manufacturer","Locale":"es_ES"}},"Title":{"DisplayValue":"Clipper - 4 mecheros con dibujos de hojas de colores fluorescentes modelo n.º 2","Label":"Title","Locale":"es_ES"}},"Offers":{"Summaries":[{"Condition":{"Value":"New"},"LowestPrice":{"Amount":11.9,"Currency":"EUR","DisplayAmount":"11,90 €"}}]}},{"ASIN":"B0CQT9SCL4","DetailPageURL":"https://www.amazon.es/dp/B0CQT9SCL4?tag=topinalambricos-21&linkCode=osi&th=1&psc=1","Images":{"Primary":{"Small":{"Height":75,"URL":"https://m.media-amazon.com/images/I/41TS4t6IgXL._SL75_.jpg","Width":75}}},"ItemInfo":{"ByLineInfo":{"Brand":{"DisplayValue":"BORDSTRACT","Label":"Brand","Locale":"es_ES"},"Manufacturer":{"DisplayValue":"BORDSTRACT","Label":"Manufacturer","Locale":"es_ES"}},"Title":{"DisplayValue":"Cera De Abeja Núcleo De Marihuana, Núcleo De Vela De Cáñamo Orgánico 61m, Cera De Abeja Pura, para Lámparas De Aceite DIY Y Velas De Parafina, Quemando Lentamente, Sin Goteo (1,2 Mm)(Color Claro)","Label":"Title","Locale":"es_ES"}},"Offers":{"Summaries":[{"Condition":{"Value":"New"},"LowestPrice":{"Amount":10.29,"Currency":"EUR","DisplayAmount":"10,29 €"}}]}},{"ASIN":"B0C55RN6MS","DetailPageURL":"https://www.amazon.es/dp/B0C55RN6MS?tag=topinalambricos-21&linkCode=osi&th=1&psc=1","Images":{"Primary":{"Small":{"Height":75,"URL":"https://m.media-amazon.com/images/I/41tDcHmX4TL._SL75_.jpg","Width":75}}},"ItemInfo":{"ByLineInfo":{"Brand":{"DisplayValue":"YiKAiLi","Label":"Brand","Locale":"es_ES"},"Manufacturer":{"DisplayValue":"YiKAiLi","Label":"Manufacturer","Locale":"es_ES"}},"Title":{"DisplayValue":"Mechero de Tubo de Metal de Llama Abiert, Encendedor Inflable Portátil con Tubo Plegable, Encendedor A Prueba De Viento para Camping Cocina, Regalo para Hombres y Padres (Negro)","Label":"Title","Locale":"es_ES"}},"Offers":{"Summaries":[{"Condition":{"Value":"New"},"LowestPrice":{"Amount":26.8,"Currency":"EUR","DisplayAmount":"26,80 €"}}]}},{"ASIN":"B0BW14SHM1","DetailPageURL":"https://www.amazon.es/dp/B0BW14SHM1?tag=topinalambricos-21&linkCode=osi&th=1&psc=1","Images":{"Primary":{"Small":{"Height":75,"URL":"https://m.media-amazon.com/images/I/51BdgvRetbL._SL75_.jpg","Width":75}}},"ItemInfo":{"ByLineInfo":{"Brand":{"DisplayValue":"XBSJB","Label":"Brand","Locale":"es_ES"},"Manufacturer":{"DisplayValue":"XBSJB","Label":"Manufacturer","Locale":"es_ES"}},"Title":{"DisplayValue":"Exquisito Sanji, el Mismo Modelo de Encendedor de Queroseno de latón de Sirena de Lujo Hecho a Mano, Estilo Vintage Grabado con láser, se Puede llenar, se Prefieren los Regalos navideños","Label":"Title","Locale":"es_ES"}},"Offers":{"Summaries":[{"Condition":{"Value":"New"},"LowestPrice":{"Amount":67.86,"Currency":"EUR","DisplayAmount":"67,86 €"}}]}},{"ASIN":"B08LNPZ45Y","DetailPageURL":"https://www.amazon.es/dp/B08LNPZ45Y?tag=topinalambricos-21&linkCode=osi&th=1&psc=1","Images":{"Primary":{"Small":{"Height":75,"URL":"https://m.media-amazon.com/images/I/41QQURbSTuL._SL75_.jpg","Width":75}}},"ItemInfo":{"ByLineInfo":{"Brand":{"DisplayValue":"Queen.Y","Label":"Brand","Locale":"es_ES"},"Manufacturer":{"DisplayValue":"Queen.Y","Label":"Manufacturer","Locale":"es_ES"}},"Title":{"DisplayValue":"Queen.Y Encendedor USB Eléctrico a Prueba de Viento Recargable Eléctrico sin Llama Sensor Táctil de Doble Lado Encendedor de Cigarrillos (Negro)","Label":"Title","Locale":"es_ES"}},"Offers":{"Summaries":[{"Condition":{"Value":"New"},"LowestPrice":{"Amount":15.99,"Currency":"EUR","DisplayAmount":"15,99 €"}}]}},{"ASIN":"B09P6ZBP9R","DetailPageURL":"https://www.amazon.es/dp/B09P6ZBP9R?tag=topinalambricos-21&linkCode=osi&th=1&psc=1","Images":{"Primary":{"Small":{"Height":75,"URL":"https://m.media-amazon.com/images/I/41toEpO31zL._SL75_.jpg","Width":75}}},"ItemInfo":{"ByLineInfo":{"Brand":{"DisplayValue":"QOXEFPJZ","Label":"Brand","Locale":"es_ES"},"Manufacturer":{"DisplayValue":"QOXEFPJZ","Label":"Manufacturer","Locale":"es_ES"}},"Title":{"DisplayValue":"QOXEFPJZ cenicero Cenicero de acero inoxidable de la vendimia con la tapa de metal portátil encendedor encendedor de encendido cenicero for el hogar del campamento for el hogar Holde de almacenamiento","Label":"Title","Locale":"es_ES"}},"Offers":{"Summaries":[{"Condition":{"Value":"New"},"LowestPrice":{"Amount":28.01,"Currency":"EUR","DisplayAmount":"28,01 €"}}]}},{"ASIN":"B0CHM9NKMZ","DetailPageURL":"https://www.amazon.es/dp/B0CHM9NKMZ?tag=topinalambricos-21&linkCode=osi&th=1&psc=1","Images":{"Primary":{"Small":{"Height":75,"URL":"https://m.media-amazon.com/images/I/31vno98R8hL._SL75_.jpg","Width":75}}},"ItemInfo":{"ByLineInfo":{"Brand":{"DisplayValue":"Rolls Plasma Lighter","Label":"Brand","Locale":"es_ES"},"Manufacturer":{"DisplayValue":"Rolls Plasma Lighter","Label":"Manufacturer","Locale":"es_ES"}},"Title":{"DisplayValue":"Rolls Plasma Lighter - Encendedor eléctrico Rolls, encendedor retro recargable por USB, encendedor fresco, encendedor de arco electrónico a prueba de viento, regalo para hombres, mujeres y jugadores,","Label":"Title","Locale":"es_ES"}},"Offers":{"Summaries":[{"Condition":{"Value":"New"},"LowestPrice":{"Amount":114.27,"Currency":"EUR","DisplayAmount":"114,27 €"}}]}},{"ASIN":"B07TRG616H","DetailPageURL":"https://www.amazon.es/dp/B07TRG616H?tag=topinalambricos-21&linkCode=osi&th=1&psc=1","Images":{"Primary":{"Small":{"Height":75,"URL":"https://m.media-amazon.com/images/I/41QVrGNgbEL._SL75_.jpg","Width":75}}},"ItemInfo":{"ByLineInfo":{"Brand":{"DisplayValue":"TYI","Label":"Brand","Locale":"es_ES"},"Manufacturer":{"DisplayValue":"TYI","Label":"Manufacturer","Locale":"es_ES"}},"Title":{"DisplayValue":"TYI Encendedor de Cigarrillos electrónico Premium, Carga USB, inducción de Flujo de Aire, Prueba de Viento, sin butano sin Llama","Label":"Title","Locale":"es_ES"}},"Offers":{"Summaries":[{"Condition":{"Value":"New"},"LowestPrice":{"Amount":59.99,"Currency":"EUR","DisplayAmount":"59,99 €"}}]}}],"SearchURL":"https://www.amazon.es/s?k=encendedor+marihuana&rh=n%3A599391031%2Cp_n_availability%3A-1&tag=topinalambricos-21&linkCode=osi","TotalResultCount":10}},"41":{"SearchResult":{"Items":[{"ASIN":"B0CPXN3BLM","DetailPageURL":"https://www.amazon.es/dp/B0CPXN3BLM?tag=topinalambricos-21&linkCode=osi&th=1&psc=1","Images":{"Primary":{"Small":{"Height":75,"URL":"https://m.media-amazon.com/images/I/51YLT+APM6L._SL75_.jpg","Width":75}}},"ItemInfo":{"ByLineInfo":{"Brand":{"DisplayValue":"GQWJKSZ","Label":"Brand","Locale":"es_ES"}},"Title":{"DisplayValue":"Letreros de hojalata Weed Homies for Life, impresión para fumar marihuana, regalo de marihuana y encendedor, cartel de Metal divertido Retro, póster Vintage, arte de pared para cocina, jardín, decorac","Label":"Title","Locale":"es_ES"}},"Offers":{"Summaries":[{"Condition":{"Value":"New"},"LowestPrice":{"Amount":9.7,"Currency":"EUR","DisplayAmount":"9,70 €"}}]}},{"ASIN":"B093D4R6VX","DetailPageURL":"https://www.amazon.es/dp/B093D4R6VX?tag=topinalambricos-21&linkCode=osi&th=1&psc=1","Images":{"Primary":{"Small":{"Height":75,"URL":"https://m.media-amazon.com/images/I/51T40CLWlhS._SL75_.jpg","Width":75}}},"ItemInfo":{"ByLineInfo":{"Brand":{"DisplayValue":"FUNSHOWCASE","Label":"Brand","Locale":"es_ES"},"Manufacturer":{"DisplayValue":"FUNSHOWCASE","Label":"Manufacturer","Locale":"es_ES"}},"Title":{"DisplayValue":"Juego de moldes de silicona para cenicero y encendedor de hojas de resina para manualidades","Label":"Title","Locale":"es_ES"}},"Offers":{"Summaries":[{"Condition":{"Value":"New"},"LowestPrice":{"Amount":14.59,"Currency":"EUR","DisplayAmount":"14,59 €"}}]}},{"ASIN":"B07K6T7PTC","DetailPageURL":"https://www.amazon.es/dp/B07K6T7PTC?tag=topinalambricos-21&linkCode=osi&th=1&psc=1","Images":{"Primary":{"Small":{"Height":72,"URL":"https://m.media-amazon.com/images/I/51VISa2IQOL._SL75_.jpg","Width":75}}},"ItemInfo":{"ByLineInfo":{"Brand":{"DisplayValue":"CLIPPER / FIRE-FLOW","Label":"Brand","Locale":"es_ES"},"Manufacturer":{"DisplayValue":"CLIPPER","Label":"Manufacturer","Locale":"es_ES"}},"Title":{"DisplayValue":"Clipper - 4 mecheros con dibujos de hojas de colores fluorescentes modelo n.º 2","Label":"Title","Locale":"es_ES"}},"Offers":{"Summaries":[{"Condition":{"Value":"New"},"LowestPrice":{"Amount":11.9,"Currency":"EUR","DisplayAmount":"11,90 €"}}]}},{"ASIN":"B0CQT9SCL4","DetailPageURL":"https://www.amazon.es/dp/B0CQT9SCL4?tag=topinalambricos-21&linkCode=osi&th=1&psc=1","Images":{"Primary":{"Small":{"Height":75,"URL":"https://m.media-amazon.com/images/I/41TS4t6IgXL._SL75_.jpg","Width":75}}},"ItemInfo":{"ByLineInfo":{"Brand":{"DisplayValue":"BORDSTRACT","Label":"Brand","Locale":"es_ES"},"Manufacturer":{"DisplayValue":"BORDSTRACT","Label":"Manufacturer","Locale":"es_ES"}},"Title":{"DisplayValue":"Cera De Abeja Núcleo De Marihuana, Núcleo De Vela De Cáñamo Orgánico 61m, Cera De Abeja Pura, para Lámparas De Aceite DIY Y Velas De Parafina, Quemando Lentamente, Sin Goteo (1,2 Mm)(Color Claro)","Label":"Title","Locale":"es_ES"}},"Offers":{"Summaries":[{"Condition":{"Value":"New"},"LowestPrice":{"Amount":10.29,"Currency":"EUR","DisplayAmount":"10,29 €"}}]}},{"ASIN":"B0C55RN6MS","DetailPageURL":"https://www.amazon.es/dp/B0C55RN6MS?tag=topinalambricos-21&linkCode=osi&th=1&psc=1","Images":{"Primary":{"Small":{"Height":75,"URL":"https://m.media-amazon.com/images/I/41tDcHmX4TL._SL75_.jpg","Width":75}}},"ItemInfo":{"ByLineInfo":{"Brand":{"DisplayValue":"YiKAiLi","Label":"Brand","Locale":"es_ES"},"Manufacturer":{"DisplayValue":"YiKAiLi","Label":"Manufacturer","Locale":"es_ES"}},"Title":{"DisplayValue":"Mechero de Tubo de Metal de Llama Abiert, Encendedor Inflable Portátil con Tubo Plegable, Encendedor A Prueba De Viento para Camping Cocina, Regalo para Hombres y Padres (Negro)","Label":"Title","Locale":"es_ES"}},"Offers":{"Summaries":[{"Condition":{"Value":"New"},"LowestPrice":{"Amount":26.8,"Currency":"EUR","DisplayAmount":"26,80 €"}}]}},{"ASIN":"B0BW14SHM1","DetailPageURL":"https://www.amazon.es/dp/B0BW14SHM1?tag=topinalambricos-21&linkCode=osi&th=1&psc=1","Images":{"Primary":{"Small":{"Height":75,"URL":"https://m.media-amazon.com/images/I/51BdgvRetbL._SL75_.jpg","Width":75}}},"ItemInfo":{"ByLineInfo":{"Brand":{"DisplayValue":"XBSJB","Label":"Brand","Locale":"es_ES"},"Manufacturer":{"DisplayValue":"XBSJB","Label":"Manufacturer","Locale":"es_ES"}},"Title":{"DisplayValue":"Exquisito Sanji, el Mismo Modelo de Encendedor de Queroseno de latón de Sirena de Lujo Hecho a Mano, Estilo Vintage Grabado con láser, se Puede llenar, se Prefieren los Regalos navideños","Label":"Title","Locale":"es_ES"}},"Offers":{"Summaries":[{"Condition":{"Value":"New"},"LowestPrice":{"Amount":67.86,"Currency":"EUR","DisplayAmount":"67,86 €"}}]}},{"ASIN":"B08LNPZ45Y","DetailPageURL":"https://www.amazon.es/dp/B08LNPZ45Y?tag=topinalambricos-21&linkCode=osi&th=1&psc=1","Images":{"Primary":{"Small":{"Height":75,"URL":"https://m.media-amazon.com/images/I/41QQURbSTuL._SL75_.jpg","Width":75}}},"ItemInfo":{"ByLineInfo":{"Brand":{"DisplayValue":"Queen.Y","Label":"Brand","Locale":"es_ES"},"Manufacturer":{"DisplayValue":"Queen.Y","Label":"Manufacturer","Locale":"es_ES"}},"Title":{"DisplayValue":"Queen.Y Encendedor USB Eléctrico a Prueba de Viento Recargable Eléctrico sin Llama Sensor Táctil de Doble Lado Encendedor de Cigarrillos (Negro)","Label":"Title","Locale":"es_ES"}},"Offers":{"Summaries":[{"Condition":{"Value":"New"},"LowestPrice":{"Amount":15.99,"Currency":"EUR","DisplayAmount":"15,99 €"}}]}},{"ASIN":"B09P6ZBP9R","DetailPageURL":"https://www.amazon.es/dp/B09P6ZBP9R?tag=topinalambricos-21&linkCode=osi&th=1&psc=1","Images":{"Primary":{"Small":{"Height":75,"URL":"https://m.media-amazon.com/images/I/41toEpO31zL._SL75_.jpg","Width":75}}},"ItemInfo":{"ByLineInfo":{"Brand":{"DisplayValue":"QOXEFPJZ","Label":"Brand","Locale":"es_ES"},"Manufacturer":{"DisplayValue":"QOXEFPJZ","Label":"Manufacturer","Locale":"es_ES"}},"Title":{"DisplayValue":"QOXEFPJZ cenicero Cenicero de acero inoxidable de la vendimia con la tapa de metal portátil encendedor encendedor de encendido cenicero for el hogar del campamento for el hogar Holde de almacenamiento","Label":"Title","Locale":"es_ES"}},"Offers":{"Summaries":[{"Condition":{"Value":"New"},"LowestPrice":{"Amount":28.01,"Currency":"EUR","DisplayAmount":"28,01 €"}}]}},{"ASIN":"B0CHM9NKMZ","DetailPageURL":"https://www.amazon.es/dp/B0CHM9NKMZ?tag=topinalambricos-21&linkCode=osi&th=1&psc=1","Images":{"Primary":{"Small":{"Height":75,"URL":"https://m.media-amazon.com/images/I/31vno98R8hL._SL75_.jpg","Width":75}}},"ItemInfo":{"ByLineInfo":{"Brand":{"DisplayValue":"Rolls Plasma Lighter","Label":"Brand","Locale":"es_ES"},"Manufacturer":{"DisplayValue":"Rolls Plasma Lighter","Label":"Manufacturer","Locale":"es_ES"}},"Title":{"DisplayValue":"Rolls Plasma Lighter - Encendedor eléctrico Rolls, encendedor retro recargable por USB, encendedor fresco, encendedor de arco electrónico a prueba de viento, regalo para hombres, mujeres y jugadores,","Label":"Title","Locale":"es_ES"}},"Offers":{"Summaries":[{"Condition":{"Value":"New"},"LowestPrice":{"Amount":114.27,"Currency":"EUR","DisplayAmount":"114,27 €"}}]}},{"ASIN":"B07TRG616H","DetailPageURL":"https://www.amazon.es/dp/B07TRG616H?tag=topinalambricos-21&linkCode=osi&th=1&psc=1","Images":{"Primary":{"Small":{"Height":75,"URL":"https://m.media-amazon.com/images/I/41QVrGNgbEL._SL75_.jpg","Width":75}}},"ItemInfo":{"ByLineInfo":{"Brand":{"DisplayValue":"TYI","Label":"Brand","Locale":"es_ES"},"Manufacturer":{"DisplayValue":"TYI","Label":"Manufacturer","Locale":"es_ES"}},"Title":{"DisplayValue":"TYI Encendedor de Cigarrillos electrónico Premium, Carga USB, inducción de Flujo de Aire, Prueba de Viento, sin butano sin Llama","Label":"Title","Locale":"es_ES"}},"Offers":{"Summaries":[{"Condition":{"Value":"New"},"LowestPrice":{"Amount":59.99,"Currency":"EUR","DisplayAmount":"59,99 €"}}]}}],"SearchURL":"https://www.amazon.es/s?k=encendedor+marihuana&rh=n%3A599391031%2Cp_n_availability%3A-1&tag=topinalambricos-21&linkCode=osi","TotalResultCount":10}},"42":{"SearchResult":{"Items":[{"ASIN":"B0CPXN3BLM","DetailPageURL":"https://www.amazon.es/dp/B0CPXN3BLM?tag=topinalambricos-21&linkCode=osi&th=1&psc=1","Images":{"Primary":{"Small":{"Height":75,"URL":"https://m.media-amazon.com/images/I/51YLT+APM6L._SL75_.jpg","Width":75}}},"ItemInfo":{"ByLineInfo":{"Brand":{"DisplayValue":"GQWJKSZ","Label":"Brand","Locale":"es_ES"}},"Title":{"DisplayValue":"Letreros de hojalata Weed Homies for Life, impresión para fumar marihuana, regalo de marihuana y encendedor, cartel de Metal divertido Retro, póster Vintage, arte de pared para cocina, jardín, decorac","Label":"Title","Locale":"es_ES"}},"Offers":{"Summaries":[{"Condition":{"Value":"New"},"LowestPrice":{"Amount":9.7,"Currency":"EUR","DisplayAmount":"9,70 €"}}]}},{"ASIN":"B093D4R6VX","DetailPageURL":"https://www.amazon.es/dp/B093D4R6VX?tag=topinalambricos-21&linkCode=osi&th=1&psc=1","Images":{"Primary":{"Small":{"Height":75,"URL":"https://m.media-amazon.com/images/I/51T40CLWlhS._SL75_.jpg","Width":75}}},"ItemInfo":{"ByLineInfo":{"Brand":{"DisplayValue":"FUNSHOWCASE","Label":"Brand","Locale":"es_ES"},"Manufacturer":{"DisplayValue":"FUNSHOWCASE","Label":"Manufacturer","Locale":"es_ES"}},"Title":{"DisplayValue":"Juego de moldes de silicona para cenicero y encendedor de hojas de resina para manualidades","Label":"Title","Locale":"es_ES"}},"Offers":{"Summaries":[{"Condition":{"Value":"New"},"LowestPrice":{"Amount":14.59,"Currency":"EUR","DisplayAmount":"14,59 €"}}]}},{"ASIN":"B07K6T7PTC","DetailPageURL":"https://www.amazon.es/dp/B07K6T7PTC?tag=topinalambricos-21&linkCode=osi&th=1&psc=1","Images":{"Primary":{"Small":{"Height":72,"URL":"https://m.media-amazon.com/images/I/51VISa2IQOL._SL75_.jpg","Width":75}}},"ItemInfo":{"ByLineInfo":{"Brand":{"DisplayValue":"CLIPPER / FIRE-FLOW","Label":"Brand","Locale":"es_ES"},"Manufacturer":{"DisplayValue":"CLIPPER","Label":"Manufacturer","Locale":"es_ES"}},"Title":{"DisplayValue":"Clipper - 4 mecheros con dibujos de hojas de colores fluorescentes modelo n.º 2","Label":"Title","Locale":"es_ES"}},"Offers":{"Summaries":[{"Condition":{"Value":"New"},"LowestPrice":{"Amount":11.9,"Currency":"EUR","DisplayAmount":"11,90 €"}}]}},{"ASIN":"B0CQT9SCL4","DetailPageURL":"https://www.amazon.es/dp/B0CQT9SCL4?tag=topinalambricos-21&linkCode=osi&th=1&psc=1","Images":{"Primary":{"Small":{"Height":75,"URL":"https://m.media-amazon.com/images/I/41TS4t6IgXL._SL75_.jpg","Width":75}}},"ItemInfo":{"ByLineInfo":{"Brand":{"DisplayValue":"BORDSTRACT","Label":"Brand","Locale":"es_ES"},"Manufacturer":{"DisplayValue":"BORDSTRACT","Label":"Manufacturer","Locale":"es_ES"}},"Title":{"DisplayValue":"Cera De Abeja Núcleo De Marihuana, Núcleo De Vela De Cáñamo Orgánico 61m, Cera De Abeja Pura, para Lámparas De Aceite DIY Y Velas De Parafina, Quemando Lentamente, Sin Goteo (1,2 Mm)(Color Claro)","Label":"Title","Locale":"es_ES"}},"Offers":{"Summaries":[{"Condition":{"Value":"New"},"LowestPrice":{"Amount":10.29,"Currency":"EUR","DisplayAmount":"10,29 €"}}]}},{"ASIN":"B0C55RN6MS","DetailPageURL":"https://www.amazon.es/dp/B0C55RN6MS?tag=topinalambricos-21&linkCode=osi&th=1&psc=1","Images":{"Primary":{"Small":{"Height":75,"URL":"https://m.media-amazon.com/images/I/41tDcHmX4TL._SL75_.jpg","Width":75}}},"ItemInfo":{"ByLineInfo":{"Brand":{"DisplayValue":"YiKAiLi","Label":"Brand","Locale":"es_ES"},"Manufacturer":{"DisplayValue":"YiKAiLi","Label":"Manufacturer","Locale":"es_ES"}},"Title":{"DisplayValue":"Mechero de Tubo de Metal de Llama Abiert, Encendedor Inflable Portátil con Tubo Plegable, Encendedor A Prueba De Viento para Camping Cocina, Regalo para Hombres y Padres (Negro)","Label":"Title","Locale":"es_ES"}},"Offers":{"Summaries":[{"Condition":{"Value":"New"},"LowestPrice":{"Amount":26.8,"Currency":"EUR","DisplayAmount":"26,80 €"}}]}},{"ASIN":"B0BW14SHM1","DetailPageURL":"https://www.amazon.es/dp/B0BW14SHM1?tag=topinalambricos-21&linkCode=osi&th=1&psc=1","Images":{"Primary":{"Small":{"Height":75,"URL":"https://m.media-amazon.com/images/I/51BdgvRetbL._SL75_.jpg","Width":75}}},"ItemInfo":{"ByLineInfo":{"Brand":{"DisplayValue":"XBSJB","Label":"Brand","Locale":"es_ES"},"Manufacturer":{"DisplayValue":"XBSJB","Label":"Manufacturer","Locale":"es_ES"}},"Title":{"DisplayValue":"Exquisito Sanji, el Mismo Modelo de Encendedor de Queroseno de latón de Sirena de Lujo Hecho a Mano, Estilo Vintage Grabado con láser, se Puede llenar, se Prefieren los Regalos navideños","Label":"Title","Locale":"es_ES"}},"Offers":{"Summaries":[{"Condition":{"Value":"New"},"LowestPrice":{"Amount":67.86,"Currency":"EUR","DisplayAmount":"67,86 €"}}]}},{"ASIN":"B08LNPZ45Y","DetailPageURL":"https://www.amazon.es/dp/B08LNPZ45Y?tag=topinalambricos-21&linkCode=osi&th=1&psc=1","Images":{"Primary":{"Small":{"Height":75,"URL":"https://m.media-amazon.com/images/I/41QQURbSTuL._SL75_.jpg","Width":75}}},"ItemInfo":{"ByLineInfo":{"Brand":{"DisplayValue":"Queen.Y","Label":"Brand","Locale":"es_ES"},"Manufacturer":{"DisplayValue":"Queen.Y","Label":"Manufacturer","Locale":"es_ES"}},"Title":{"DisplayValue":"Queen.Y Encendedor USB Eléctrico a Prueba de Viento Recargable Eléctrico sin Llama Sensor Táctil de Doble Lado Encendedor de Cigarrillos (Negro)","Label":"Title","Locale":"es_ES"}},"Offers":{"Summaries":[{"Condition":{"Value":"New"},"LowestPrice":{"Amount":15.99,"Currency":"EUR","DisplayAmount":"15,99 €"}}]}},{"ASIN":"B09P6ZBP9R","DetailPageURL":"https://www.amazon.es/dp/B09P6ZBP9R?tag=topinalambricos-21&linkCode=osi&th=1&psc=1","Images":{"Primary":{"Small":{"Height":75,"URL":"https://m.media-amazon.com/images/I/41toEpO31zL._SL75_.jpg","Width":75}}},"ItemInfo":{"ByLineInfo":{"Brand":{"DisplayValue":"QOXEFPJZ","Label":"Brand","Locale":"es_ES"},"Manufacturer":{"DisplayValue":"QOXEFPJZ","Label":"Manufacturer","Locale":"es_ES"}},"Title":{"DisplayValue":"QOXEFPJZ cenicero Cenicero de acero inoxidable de la vendimia con la tapa de metal portátil encendedor encendedor de encendido cenicero for el hogar del campamento for el hogar Holde de almacenamiento","Label":"Title","Locale":"es_ES"}},"Offers":{"Summaries":[{"Condition":{"Value":"New"},"LowestPrice":{"Amount":28.01,"Currency":"EUR","DisplayAmount":"28,01 €"}}]}},{"ASIN":"B0CHM9NKMZ","DetailPageURL":"https://www.amazon.es/dp/B0CHM9NKMZ?tag=topinalambricos-21&linkCode=osi&th=1&psc=1","Images":{"Primary":{"Small":{"Height":75,"URL":"https://m.media-amazon.com/images/I/31vno98R8hL._SL75_.jpg","Width":75}}},"ItemInfo":{"ByLineInfo":{"Brand":{"DisplayValue":"Rolls Plasma Lighter","Label":"Brand","Locale":"es_ES"},"Manufacturer":{"DisplayValue":"Rolls Plasma Lighter","Label":"Manufacturer","Locale":"es_ES"}},"Title":{"DisplayValue":"Rolls Plasma Lighter - Encendedor eléctrico Rolls, encendedor retro recargable por USB, encendedor fresco, encendedor de arco electrónico a prueba de viento, regalo para hombres, mujeres y jugadores,","Label":"Title","Locale":"es_ES"}},"Offers":{"Summaries":[{"Condition":{"Value":"New"},"LowestPrice":{"Amount":114.27,"Currency":"EUR","DisplayAmount":"114,27 €"}}]}},{"ASIN":"B07TRG616H","DetailPageURL":"https://www.amazon.es/dp/B07TRG616H?tag=topinalambricos-21&linkCode=osi&th=1&psc=1","Images":{"Primary":{"Small":{"Height":75,"URL":"https://m.media-amazon.com/images/I/41QVrGNgbEL._SL75_.jpg","Width":75}}},"ItemInfo":{"ByLineInfo":{"Brand":{"DisplayValue":"TYI","Label":"Brand","Locale":"es_ES"},"Manufacturer":{"DisplayValue":"TYI","Label":"Manufacturer","Locale":"es_ES"}},"Title":{"DisplayValue":"TYI Encendedor de Cigarrillos electrónico Premium, Carga USB, inducción de Flujo de Aire, Prueba de Viento, sin butano sin Llama","Label":"Title","Locale":"es_ES"}},"Offers":{"Summaries":[{"Condition":{"Value":"New"},"LowestPrice":{"Amount":59.99,"Currency":"EUR","DisplayAmount":"59,99 €"}}]}}],"SearchURL":"https://www.amazon.es/s?k=encendedor+marihuana&rh=n%3A599391031%2Cp_n_availability%3A-1&tag=topinalambricos-21&linkCode=osi","TotalResultCount":10}},"43":{"SearchResult":{"Items":[{"ASIN":"B0CPXN3BLM","DetailPageURL":"https://www.amazon.es/dp/B0CPXN3BLM?tag=topinalambricos-21&linkCode=osi&th=1&psc=1","Images":{"Primary":{"Small":{"Height":75,"URL":"https://m.media-amazon.com/images/I/51YLT+APM6L._SL75_.jpg","Width":75}}},"ItemInfo":{"ByLineInfo":{"Brand":{"DisplayValue":"GQWJKSZ","Label":"Brand","Locale":"es_ES"}},"Title":{"DisplayValue":"Letreros de hojalata Weed Homies for Life, impresión para fumar marihuana, regalo de marihuana y encendedor, cartel de Metal divertido Retro, póster Vintage, arte de pared para cocina, jardín, decorac","Label":"Title","Locale":"es_ES"}},"Offers":{"Summaries":[{"Condition":{"Value":"New"},"LowestPrice":{"Amount":9.7,"Currency":"EUR","DisplayAmount":"9,70 €"}}]}},{"ASIN":"B093D4R6VX","DetailPageURL":"https://www.amazon.es/dp/B093D4R6VX?tag=topinalambricos-21&linkCode=osi&th=1&psc=1","Images":{"Primary":{"Small":{"Height":75,"URL":"https://m.media-amazon.com/images/I/51T40CLWlhS._SL75_.jpg","Width":75}}},"ItemInfo":{"ByLineInfo":{"Brand":{"DisplayValue":"FUNSHOWCASE","Label":"Brand","Locale":"es_ES"},"Manufacturer":{"DisplayValue":"FUNSHOWCASE","Label":"Manufacturer","Locale":"es_ES"}},"Title":{"DisplayValue":"Juego de moldes de silicona para cenicero y encendedor de hojas de resina para manualidades","Label":"Title","Locale":"es_ES"}},"Offers":{"Summaries":[{"Condition":{"Value":"New"},"LowestPrice":{"Amount":14.59,"Currency":"EUR","DisplayAmount":"14,59 €"}}]}},{"ASIN":"B07K6T7PTC","DetailPageURL":"https://www.amazon.es/dp/B07K6T7PTC?tag=topinalambricos-21&linkCode=osi&th=1&psc=1","Images":{"Primary":{"Small":{"Height":72,"URL":"https://m.media-amazon.com/images/I/51VISa2IQOL._SL75_.jpg","Width":75}}},"ItemInfo":{"ByLineInfo":{"Brand":{"DisplayValue":"CLIPPER / FIRE-FLOW","Label":"Brand","Locale":"es_ES"},"Manufacturer":{"DisplayValue":"CLIPPER","Label":"Manufacturer","Locale":"es_ES"}},"Title":{"DisplayValue":"Clipper - 4 mecheros con dibujos de hojas de colores fluorescentes modelo n.º 2","Label":"Title","Locale":"es_ES"}},"Offers":{"Summaries":[{"Condition":{"Value":"New"},"LowestPrice":{"Amount":11.9,"Currency":"EUR","DisplayAmount":"11,90 €"}}]}},{"ASIN":"B0CQT9SCL4","DetailPageURL":"https://www.amazon.es/dp/B0CQT9SCL4?tag=topinalambricos-21&linkCode=osi&th=1&psc=1","Images":{"Primary":{"Small":{"Height":75,"URL":"https://m.media-amazon.com/images/I/41TS4t6IgXL._SL75_.jpg","Width":75}}},"ItemInfo":{"ByLineInfo":{"Brand":{"DisplayValue":"BORDSTRACT","Label":"Brand","Locale":"es_ES"},"Manufacturer":{"DisplayValue":"BORDSTRACT","Label":"Manufacturer","Locale":"es_ES"}},"Title":{"DisplayValue":"Cera De Abeja Núcleo De Marihuana, Núcleo De Vela De Cáñamo Orgánico 61m, Cera De Abeja Pura, para Lámparas De Aceite DIY Y Velas De Parafina, Quemando Lentamente, Sin Goteo (1,2 Mm)(Color Claro)","Label":"Title","Locale":"es_ES"}},"Offers":{"Summaries":[{"Condition":{"Value":"New"},"LowestPrice":{"Amount":10.29,"Currency":"EUR","DisplayAmount":"10,29 €"}}]}},{"ASIN":"B0C55RN6MS","DetailPageURL":"https://www.amazon.es/dp/B0C55RN6MS?tag=topinalambricos-21&linkCode=osi&th=1&psc=1","Images":{"Primary":{"Small":{"Height":75,"URL":"https://m.media-amazon.com/images/I/41tDcHmX4TL._SL75_.jpg","Width":75}}},"ItemInfo":{"ByLineInfo":{"Brand":{"DisplayValue":"YiKAiLi","Label":"Brand","Locale":"es_ES"},"Manufacturer":{"DisplayValue":"YiKAiLi","Label":"Manufacturer","Locale":"es_ES"}},"Title":{"DisplayValue":"Mechero de Tubo de Metal de Llama Abiert, Encendedor Inflable Portátil con Tubo Plegable, Encendedor A Prueba De Viento para Camping Cocina, Regalo para Hombres y Padres (Negro)","Label":"Title","Locale":"es_ES"}},"Offers":{"Summaries":[{"Condition":{"Value":"New"},"LowestPrice":{"Amount":26.8,"Currency":"EUR","DisplayAmount":"26,80 €"}}]}},{"ASIN":"B0BW14SHM1","DetailPageURL":"https://www.amazon.es/dp/B0BW14SHM1?tag=topinalambricos-21&linkCode=osi&th=1&psc=1","Images":{"Primary":{"Small":{"Height":75,"URL":"https://m.media-amazon.com/images/I/51BdgvRetbL._SL75_.jpg","Width":75}}},"ItemInfo":{"ByLineInfo":{"Brand":{"DisplayValue":"XBSJB","Label":"Brand","Locale":"es_ES"},"Manufacturer":{"DisplayValue":"XBSJB","Label":"Manufacturer","Locale":"es_ES"}},"Title":{"DisplayValue":"Exquisito Sanji, el Mismo Modelo de Encendedor de Queroseno de latón de Sirena de Lujo Hecho a Mano, Estilo Vintage Grabado con láser, se Puede llenar, se Prefieren los Regalos navideños","Label":"Title","Locale":"es_ES"}},"Offers":{"Summaries":[{"Condition":{"Value":"New"},"LowestPrice":{"Amount":67.86,"Currency":"EUR","DisplayAmount":"67,86 €"}}]}},{"ASIN":"B08LNPZ45Y","DetailPageURL":"https://www.amazon.es/dp/B08LNPZ45Y?tag=topinalambricos-21&linkCode=osi&th=1&psc=1","Images":{"Primary":{"Small":{"Height":75,"URL":"https://m.media-amazon.com/images/I/41QQURbSTuL._SL75_.jpg","Width":75}}},"ItemInfo":{"ByLineInfo":{"Brand":{"DisplayValue":"Queen.Y","Label":"Brand","Locale":"es_ES"},"Manufacturer":{"DisplayValue":"Queen.Y","Label":"Manufacturer","Locale":"es_ES"}},"Title":{"DisplayValue":"Queen.Y Encendedor USB Eléctrico a Prueba de Viento Recargable Eléctrico sin Llama Sensor Táctil de Doble Lado Encendedor de Cigarrillos (Negro)","Label":"Title","Locale":"es_ES"}},"Offers":{"Summaries":[{"Condition":{"Value":"New"},"LowestPrice":{"Amount":15.99,"Currency":"EUR","DisplayAmount":"15,99 €"}}]}},{"ASIN":"B09P6ZBP9R","DetailPageURL":"https://www.amazon.es/dp/B09P6ZBP9R?tag=topinalambricos-21&linkCode=osi&th=1&psc=1","Images":{"Primary":{"Small":{"Height":75,"URL":"https://m.media-amazon.com/images/I/41toEpO31zL._SL75_.jpg","Width":75}}},"ItemInfo":{"ByLineInfo":{"Brand":{"DisplayValue":"QOXEFPJZ","Label":"Brand","Locale":"es_ES"},"Manufacturer":{"DisplayValue":"QOXEFPJZ","Label":"Manufacturer","Locale":"es_ES"}},"Title":{"DisplayValue":"QOXEFPJZ cenicero Cenicero de acero inoxidable de la vendimia con la tapa de metal portátil encendedor encendedor de encendido cenicero for el hogar del campamento for el hogar Holde de almacenamiento","Label":"Title","Locale":"es_ES"}},"Offers":{"Summaries":[{"Condition":{"Value":"New"},"LowestPrice":{"Amount":28.01,"Currency":"EUR","DisplayAmount":"28,01 €"}}]}},{"ASIN":"B0CHM9NKMZ","DetailPageURL":"https://www.amazon.es/dp/B0CHM9NKMZ?tag=topinalambricos-21&linkCode=osi&th=1&psc=1","Images":{"Primary":{"Small":{"Height":75,"URL":"https://m.media-amazon.com/images/I/31vno98R8hL._SL75_.jpg","Width":75}}},"ItemInfo":{"ByLineInfo":{"Brand":{"DisplayValue":"Rolls Plasma Lighter","Label":"Brand","Locale":"es_ES"},"Manufacturer":{"DisplayValue":"Rolls Plasma Lighter","Label":"Manufacturer","Locale":"es_ES"}},"Title":{"DisplayValue":"Rolls Plasma Lighter - Encendedor eléctrico Rolls, encendedor retro recargable por USB, encendedor fresco, encendedor de arco electrónico a prueba de viento, regalo para hombres, mujeres y jugadores,","Label":"Title","Locale":"es_ES"}},"Offers":{"Summaries":[{"Condition":{"Value":"New"},"LowestPrice":{"Amount":114.27,"Currency":"EUR","DisplayAmount":"114,27 €"}}]}},{"ASIN":"B07TRG616H","DetailPageURL":"https://www.amazon.es/dp/B07TRG616H?tag=topinalambricos-21&linkCode=osi&th=1&psc=1","Images":{"Primary":{"Small":{"Height":75,"URL":"https://m.media-amazon.com/images/I/41QVrGNgbEL._SL75_.jpg","Width":75}}},"ItemInfo":{"ByLineInfo":{"Brand":{"DisplayValue":"TYI","Label":"Brand","Locale":"es_ES"},"Manufacturer":{"DisplayValue":"TYI","Label":"Manufacturer","Locale":"es_ES"}},"Title":{"DisplayValue":"TYI Encendedor de Cigarrillos electrónico Premium, Carga USB, inducción de Flujo de Aire, Prueba de Viento, sin butano sin Llama","Label":"Title","Locale":"es_ES"}},"Offers":{"Summaries":[{"Condition":{"Value":"New"},"LowestPrice":{"Amount":59.99,"Currency":"EUR","DisplayAmount":"59,99 €"}}]}}],"SearchURL":"https://www.amazon.es/s?k=encendedor+marihuana&rh=n%3A599391031%2Cp_n_availability%3A-1&tag=topinalambricos-21&linkCode=osi","TotalResultCount":10}},"44":{"SearchResult":{"Items":[{"ASIN":"B0CPXN3BLM","DetailPageURL":"https://www.amazon.es/dp/B0CPXN3BLM?tag=topinalambricos-21&linkCode=osi&th=1&psc=1","Images":{"Primary":{"Small":{"Height":75,"URL":"https://m.media-amazon.com/images/I/51YLT+APM6L._SL75_.jpg","Width":75}}},"ItemInfo":{"ByLineInfo":{"Brand":{"DisplayValue":"GQWJKSZ","Label":"Brand","Locale":"es_ES"}},"Title":{"DisplayValue":"Letreros de hojalata Weed Homies for Life, impresión para fumar marihuana, regalo de marihuana y encendedor, cartel de Metal divertido Retro, póster Vintage, arte de pared para cocina, jardín, decorac","Label":"Title","Locale":"es_ES"}},"Offers":{"Summaries":[{"Condition":{"Value":"New"},"LowestPrice":{"Amount":9.7,"Currency":"EUR","DisplayAmount":"9,70 €"}}]}},{"ASIN":"B093D4R6VX","DetailPageURL":"https://www.amazon.es/dp/B093D4R6VX?tag=topinalambricos-21&linkCode=osi&th=1&psc=1","Images":{"Primary":{"Small":{"Height":75,"URL":"https://m.media-amazon.com/images/I/51T40CLWlhS._SL75_.jpg","Width":75}}},"ItemInfo":{"ByLineInfo":{"Brand":{"DisplayValue":"FUNSHOWCASE","Label":"Brand","Locale":"es_ES"},"Manufacturer":{"DisplayValue":"FUNSHOWCASE","Label":"Manufacturer","Locale":"es_ES"}},"Title":{"DisplayValue":"Juego de moldes de silicona para cenicero y encendedor de hojas de resina para manualidades","Label":"Title","Locale":"es_ES"}},"Offers":{"Summaries":[{"Condition":{"Value":"New"},"LowestPrice":{"Amount":14.59,"Currency":"EUR","DisplayAmount":"14,59 €"}}]}},{"ASIN":"B07K6T7PTC","DetailPageURL":"https://www.amazon.es/dp/B07K6T7PTC?tag=topinalambricos-21&linkCode=osi&th=1&psc=1","Images":{"Primary":{"Small":{"Height":72,"URL":"https://m.media-amazon.com/images/I/51VISa2IQOL._SL75_.jpg","Width":75}}},"ItemInfo":{"ByLineInfo":{"Brand":{"DisplayValue":"CLIPPER / FIRE-FLOW","Label":"Brand","Locale":"es_ES"},"Manufacturer":{"DisplayValue":"CLIPPER","Label":"Manufacturer","Locale":"es_ES"}},"Title":{"DisplayValue":"Clipper - 4 mecheros con dibujos de hojas de colores fluorescentes modelo n.º 2","Label":"Title","Locale":"es_ES"}},"Offers":{"Summaries":[{"Condition":{"Value":"New"},"LowestPrice":{"Amount":11.9,"Currency":"EUR","DisplayAmount":"11,90 €"}}]}},{"ASIN":"B0CQT9SCL4","DetailPageURL":"https://www.amazon.es/dp/B0CQT9SCL4?tag=topinalambricos-21&linkCode=osi&th=1&psc=1","Images":{"Primary":{"Small":{"Height":75,"URL":"https://m.media-amazon.com/images/I/41TS4t6IgXL._SL75_.jpg","Width":75}}},"ItemInfo":{"ByLineInfo":{"Brand":{"DisplayValue":"BORDSTRACT","Label":"Brand","Locale":"es_ES"},"Manufacturer":{"DisplayValue":"BORDSTRACT","Label":"Manufacturer","Locale":"es_ES"}},"Title":{"DisplayValue":"Cera De Abeja Núcleo De Marihuana, Núcleo De Vela De Cáñamo Orgánico 61m, Cera De Abeja Pura, para Lámparas De Aceite DIY Y Velas De Parafina, Quemando Lentamente, Sin Goteo (1,2 Mm)(Color Claro)","Label":"Title","Locale":"es_ES"}},"Offers":{"Summaries":[{"Condition":{"Value":"New"},"LowestPrice":{"Amount":10.29,"Currency":"EUR","DisplayAmount":"10,29 €"}}]}},{"ASIN":"B0C55RN6MS","DetailPageURL":"https://www.amazon.es/dp/B0C55RN6MS?tag=topinalambricos-21&linkCode=osi&th=1&psc=1","Images":{"Primary":{"Small":{"Height":75,"URL":"https://m.media-amazon.com/images/I/41tDcHmX4TL._SL75_.jpg","Width":75}}},"ItemInfo":{"ByLineInfo":{"Brand":{"DisplayValue":"YiKAiLi","Label":"Brand","Locale":"es_ES"},"Manufacturer":{"DisplayValue":"YiKAiLi","Label":"Manufacturer","Locale":"es_ES"}},"Title":{"DisplayValue":"Mechero de Tubo de Metal de Llama Abiert, Encendedor Inflable Portátil con Tubo Plegable, Encendedor A Prueba De Viento para Camping Cocina, Regalo para Hombres y Padres (Negro)","Label":"Title","Locale":"es_ES"}},"Offers":{"Summaries":[{"Condition":{"Value":"New"},"LowestPrice":{"Amount":26.8,"Currency":"EUR","DisplayAmount":"26,80 €"}}]}},{"ASIN":"B0BW14SHM1","DetailPageURL":"https://www.amazon.es/dp/B0BW14SHM1?tag=topinalambricos-21&linkCode=osi&th=1&psc=1","Images":{"Primary":{"Small":{"Height":75,"URL":"https://m.media-amazon.com/images/I/51BdgvRetbL._SL75_.jpg","Width":75}}},"ItemInfo":{"ByLineInfo":{"Brand":{"DisplayValue":"XBSJB","Label":"Brand","Locale":"es_ES"},"Manufacturer":{"DisplayValue":"XBSJB","Label":"Manufacturer","Locale":"es_ES"}},"Title":{"DisplayValue":"Exquisito Sanji, el Mismo Modelo de Encendedor de Queroseno de latón de Sirena de Lujo Hecho a Mano, Estilo Vintage Grabado con láser, se Puede llenar, se Prefieren los Regalos navideños","Label":"Title","Locale":"es_ES"}},"Offers":{"Summaries":[{"Condition":{"Value":"New"},"LowestPrice":{"Amount":67.86,"Currency":"EUR","DisplayAmount":"67,86 €"}}]}},{"ASIN":"B08LNPZ45Y","DetailPageURL":"https://www.amazon.es/dp/B08LNPZ45Y?tag=topinalambricos-21&linkCode=osi&th=1&psc=1","Images":{"Primary":{"Small":{"Height":75,"URL":"https://m.media-amazon.com/images/I/41QQURbSTuL._SL75_.jpg","Width":75}}},"ItemInfo":{"ByLineInfo":{"Brand":{"DisplayValue":"Queen.Y","Label":"Brand","Locale":"es_ES"},"Manufacturer":{"DisplayValue":"Queen.Y","Label":"Manufacturer","Locale":"es_ES"}},"Title":{"DisplayValue":"Queen.Y Encendedor USB Eléctrico a Prueba de Viento Recargable Eléctrico sin Llama Sensor Táctil de Doble Lado Encendedor de Cigarrillos (Negro)","Label":"Title","Locale":"es_ES"}},"Offers":{"Summaries":[{"Condition":{"Value":"New"},"LowestPrice":{"Amount":15.99,"Currency":"EUR","DisplayAmount":"15,99 €"}}]}},{"ASIN":"B09P6ZBP9R","DetailPageURL":"https://www.amazon.es/dp/B09P6ZBP9R?tag=topinalambricos-21&linkCode=osi&th=1&psc=1","Images":{"Primary":{"Small":{"Height":75,"URL":"https://m.media-amazon.com/images/I/41toEpO31zL._SL75_.jpg","Width":75}}},"ItemInfo":{"ByLineInfo":{"Brand":{"DisplayValue":"QOXEFPJZ","Label":"Brand","Locale":"es_ES"},"Manufacturer":{"DisplayValue":"QOXEFPJZ","Label":"Manufacturer","Locale":"es_ES"}},"Title":{"DisplayValue":"QOXEFPJZ cenicero Cenicero de acero inoxidable de la vendimia con la tapa de metal portátil encendedor encendedor de encendido cenicero for el hogar del campamento for el hogar Holde de almacenamiento","Label":"Title","Locale":"es_ES"}},"Offers":{"Summaries":[{"Condition":{"Value":"New"},"LowestPrice":{"Amount":28.01,"Currency":"EUR","DisplayAmount":"28,01 €"}}]}},{"ASIN":"B0CHM9NKMZ","DetailPageURL":"https://www.amazon.es/dp/B0CHM9NKMZ?tag=topinalambricos-21&linkCode=osi&th=1&psc=1","Images":{"Primary":{"Small":{"Height":75,"URL":"https://m.media-amazon.com/images/I/31vno98R8hL._SL75_.jpg","Width":75}}},"ItemInfo":{"ByLineInfo":{"Brand":{"DisplayValue":"Rolls Plasma Lighter","Label":"Brand","Locale":"es_ES"},"Manufacturer":{"DisplayValue":"Rolls Plasma Lighter","Label":"Manufacturer","Locale":"es_ES"}},"Title":{"DisplayValue":"Rolls Plasma Lighter - Encendedor eléctrico Rolls, encendedor retro recargable por USB, encendedor fresco, encendedor de arco electrónico a prueba de viento, regalo para hombres, mujeres y jugadores,","Label":"Title","Locale":"es_ES"}},"Offers":{"Summaries":[{"Condition":{"Value":"New"},"LowestPrice":{"Amount":114.27,"Currency":"EUR","DisplayAmount":"114,27 €"}}]}},{"ASIN":"B07TRG616H","DetailPageURL":"https://www.amazon.es/dp/B07TRG616H?tag=topinalambricos-21&linkCode=osi&th=1&psc=1","Images":{"Primary":{"Small":{"Height":75,"URL":"https://m.media-amazon.com/images/I/41QVrGNgbEL._SL75_.jpg","Width":75}}},"ItemInfo":{"ByLineInfo":{"Brand":{"DisplayValue":"TYI","Label":"Brand","Locale":"es_ES"},"Manufacturer":{"DisplayValue":"TYI","Label":"Manufacturer","Locale":"es_ES"}},"Title":{"DisplayValue":"TYI Encendedor de Cigarrillos electrónico Premium, Carga USB, inducción de Flujo de Aire, Prueba de Viento, sin butano sin Llama","Label":"Title","Locale":"es_ES"}},"Offers":{"Summaries":[{"Condition":{"Value":"New"},"LowestPrice":{"Amount":59.99,"Currency":"EUR","DisplayAmount":"59,99 €"}}]}}],"SearchURL":"https://www.amazon.es/s?k=encendedor+marihuana&rh=n%3A599391031%2Cp_n_availability%3A-1&tag=topinalambricos-21&linkCode=osi","TotalResultCount":10}},"45":{"SearchResult":{"Items":[{"ASIN":"B0CPXN3BLM","DetailPageURL":"https://www.amazon.es/dp/B0CPXN3BLM?tag=topinalambricos-21&linkCode=osi&th=1&psc=1","Images":{"Primary":{"Small":{"Height":75,"URL":"https://m.media-amazon.com/images/I/51YLT+APM6L._SL75_.jpg","Width":75}}},"ItemInfo":{"ByLineInfo":{"Brand":{"DisplayValue":"GQWJKSZ","Label":"Brand","Locale":"es_ES"}},"Title":{"DisplayValue":"Letreros de hojalata Weed Homies for Life, impresión para fumar marihuana, regalo de marihuana y encendedor, cartel de Metal divertido Retro, póster Vintage, arte de pared para cocina, jardín, decorac","Label":"Title","Locale":"es_ES"}},"Offers":{"Summaries":[{"Condition":{"Value":"New"},"LowestPrice":{"Amount":9.7,"Currency":"EUR","DisplayAmount":"9,70 €"}}]}},{"ASIN":"B093D4R6VX","DetailPageURL":"https://www.amazon.es/dp/B093D4R6VX?tag=topinalambricos-21&linkCode=osi&th=1&psc=1","Images":{"Primary":{"Small":{"Height":75,"URL":"https://m.media-amazon.com/images/I/51T40CLWlhS._SL75_.jpg","Width":75}}},"ItemInfo":{"ByLineInfo":{"Brand":{"DisplayValue":"FUNSHOWCASE","Label":"Brand","Locale":"es_ES"},"Manufacturer":{"DisplayValue":"FUNSHOWCASE","Label":"Manufacturer","Locale":"es_ES"}},"Title":{"DisplayValue":"Juego de moldes de silicona para cenicero y encendedor de hojas de resina para manualidades","Label":"Title","Locale":"es_ES"}},"Offers":{"Summaries":[{"Condition":{"Value":"New"},"LowestPrice":{"Amount":14.59,"Currency":"EUR","DisplayAmount":"14,59 €"}}]}},{"ASIN":"B07K6T7PTC","DetailPageURL":"https://www.amazon.es/dp/B07K6T7PTC?tag=topinalambricos-21&linkCode=osi&th=1&psc=1","Images":{"Primary":{"Small":{"Height":72,"URL":"https://m.media-amazon.com/images/I/51VISa2IQOL._SL75_.jpg","Width":75}}},"ItemInfo":{"ByLineInfo":{"Brand":{"DisplayValue":"CLIPPER / FIRE-FLOW","Label":"Brand","Locale":"es_ES"},"Manufacturer":{"DisplayValue":"CLIPPER","Label":"Manufacturer","Locale":"es_ES"}},"Title":{"DisplayValue":"Clipper - 4 mecheros con dibujos de hojas de colores fluorescentes modelo n.º 2","Label":"Title","Locale":"es_ES"}},"Offers":{"Summaries":[{"Condition":{"Value":"New"},"LowestPrice":{"Amount":11.9,"Currency":"EUR","DisplayAmount":"11,90 €"}}]}},{"ASIN":"B0CQT9SCL4","DetailPageURL":"https://www.amazon.es/dp/B0CQT9SCL4?tag=topinalambricos-21&linkCode=osi&th=1&psc=1","Images":{"Primary":{"Small":{"Height":75,"URL":"https://m.media-amazon.com/images/I/41TS4t6IgXL._SL75_.jpg","Width":75}}},"ItemInfo":{"ByLineInfo":{"Brand":{"DisplayValue":"BORDSTRACT","Label":"Brand","Locale":"es_ES"},"Manufacturer":{"DisplayValue":"BORDSTRACT","Label":"Manufacturer","Locale":"es_ES"}},"Title":{"DisplayValue":"Cera De Abeja Núcleo De Marihuana, Núcleo De Vela De Cáñamo Orgánico 61m, Cera De Abeja Pura, para Lámparas De Aceite DIY Y Velas De Parafina, Quemando Lentamente, Sin Goteo (1,2 Mm)(Color Claro)","Label":"Title","Locale":"es_ES"}},"Offers":{"Summaries":[{"Condition":{"Value":"New"},"LowestPrice":{"Amount":10.29,"Currency":"EUR","DisplayAmount":"10,29 €"}}]}},{"ASIN":"B0C55RN6MS","DetailPageURL":"https://www.amazon.es/dp/B0C55RN6MS?tag=topinalambricos-21&linkCode=osi&th=1&psc=1","Images":{"Primary":{"Small":{"Height":75,"URL":"https://m.media-amazon.com/images/I/41tDcHmX4TL._SL75_.jpg","Width":75}}},"ItemInfo":{"ByLineInfo":{"Brand":{"DisplayValue":"YiKAiLi","Label":"Brand","Locale":"es_ES"},"Manufacturer":{"DisplayValue":"YiKAiLi","Label":"Manufacturer","Locale":"es_ES"}},"Title":{"DisplayValue":"Mechero de Tubo de Metal de Llama Abiert, Encendedor Inflable Portátil con Tubo Plegable, Encendedor A Prueba De Viento para Camping Cocina, Regalo para Hombres y Padres (Negro)","Label":"Title","Locale":"es_ES"}},"Offers":{"Summaries":[{"Condition":{"Value":"New"},"LowestPrice":{"Amount":26.8,"Currency":"EUR","DisplayAmount":"26,80 €"}}]}},{"ASIN":"B0BW14SHM1","DetailPageURL":"https://www.amazon.es/dp/B0BW14SHM1?tag=topinalambricos-21&linkCode=osi&th=1&psc=1","Images":{"Primary":{"Small":{"Height":75,"URL":"https://m.media-amazon.com/images/I/51BdgvRetbL._SL75_.jpg","Width":75}}},"ItemInfo":{"ByLineInfo":{"Brand":{"DisplayValue":"XBSJB","Label":"Brand","Locale":"es_ES"},"Manufacturer":{"DisplayValue":"XBSJB","Label":"Manufacturer","Locale":"es_ES"}},"Title":{"DisplayValue":"Exquisito Sanji, el Mismo Modelo de Encendedor de Queroseno de latón de Sirena de Lujo Hecho a Mano, Estilo Vintage Grabado con láser, se Puede llenar, se Prefieren los Regalos navideños","Label":"Title","Locale":"es_ES"}},"Offers":{"Summaries":[{"Condition":{"Value":"New"},"LowestPrice":{"Amount":67.86,"Currency":"EUR","DisplayAmount":"67,86 €"}}]}},{"ASIN":"B08LNPZ45Y","DetailPageURL":"https://www.amazon.es/dp/B08LNPZ45Y?tag=topinalambricos-21&linkCode=osi&th=1&psc=1","Images":{"Primary":{"Small":{"Height":75,"URL":"https://m.media-amazon.com/images/I/41QQURbSTuL._SL75_.jpg","Width":75}}},"ItemInfo":{"ByLineInfo":{"Brand":{"DisplayValue":"Queen.Y","Label":"Brand","Locale":"es_ES"},"Manufacturer":{"DisplayValue":"Queen.Y","Label":"Manufacturer","Locale":"es_ES"}},"Title":{"DisplayValue":"Queen.Y Encendedor USB Eléctrico a Prueba de Viento Recargable Eléctrico sin Llama Sensor Táctil de Doble Lado Encendedor de Cigarrillos (Negro)","Label":"Title","Locale":"es_ES"}},"Offers":{"Summaries":[{"Condition":{"Value":"New"},"LowestPrice":{"Amount":15.99,"Currency":"EUR","DisplayAmount":"15,99 €"}}]}},{"ASIN":"B09P6ZBP9R","DetailPageURL":"https://www.amazon.es/dp/B09P6ZBP9R?tag=topinalambricos-21&linkCode=osi&th=1&psc=1","Images":{"Primary":{"Small":{"Height":75,"URL":"https://m.media-amazon.com/images/I/41toEpO31zL._SL75_.jpg","Width":75}}},"ItemInfo":{"ByLineInfo":{"Brand":{"DisplayValue":"QOXEFPJZ","Label":"Brand","Locale":"es_ES"},"Manufacturer":{"DisplayValue":"QOXEFPJZ","Label":"Manufacturer","Locale":"es_ES"}},"Title":{"DisplayValue":"QOXEFPJZ cenicero Cenicero de acero inoxidable de la vendimia con la tapa de metal portátil encendedor encendedor de encendido cenicero for el hogar del campamento for el hogar Holde de almacenamiento","Label":"Title","Locale":"es_ES"}},"Offers":{"Summaries":[{"Condition":{"Value":"New"},"LowestPrice":{"Amount":28.01,"Currency":"EUR","DisplayAmount":"28,01 €"}}]}},{"ASIN":"B0CHM9NKMZ","DetailPageURL":"https://www.amazon.es/dp/B0CHM9NKMZ?tag=topinalambricos-21&linkCode=osi&th=1&psc=1","Images":{"Primary":{"Small":{"Height":75,"URL":"https://m.media-amazon.com/images/I/31vno98R8hL._SL75_.jpg","Width":75}}},"ItemInfo":{"ByLineInfo":{"Brand":{"DisplayValue":"Rolls Plasma Lighter","Label":"Brand","Locale":"es_ES"},"Manufacturer":{"DisplayValue":"Rolls Plasma Lighter","Label":"Manufacturer","Locale":"es_ES"}},"Title":{"DisplayValue":"Rolls Plasma Lighter - Encendedor eléctrico Rolls, encendedor retro recargable por USB, encendedor fresco, encendedor de arco electrónico a prueba de viento, regalo para hombres, mujeres y jugadores,","Label":"Title","Locale":"es_ES"}},"Offers":{"Summaries":[{"Condition":{"Value":"New"},"LowestPrice":{"Amount":114.27,"Currency":"EUR","DisplayAmount":"114,27 €"}}]}},{"ASIN":"B07TRG616H","DetailPageURL":"https://www.amazon.es/dp/B07TRG616H?tag=topinalambricos-21&linkCode=osi&th=1&psc=1","Images":{"Primary":{"Small":{"Height":75,"URL":"https://m.media-amazon.com/images/I/41QVrGNgbEL._SL75_.jpg","Width":75}}},"ItemInfo":{"ByLineInfo":{"Brand":{"DisplayValue":"TYI","Label":"Brand","Locale":"es_ES"},"Manufacturer":{"DisplayValue":"TYI","Label":"Manufacturer","Locale":"es_ES"}},"Title":{"DisplayValue":"TYI Encendedor de Cigarrillos electrónico Premium, Carga USB, inducción de Flujo de Aire, Prueba de Viento, sin butano sin Llama","Label":"Title","Locale":"es_ES"}},"Offers":{"Summaries":[{"Condition":{"Value":"New"},"LowestPrice":{"Amount":59.99,"Currency":"EUR","DisplayAmount":"59,99 €"}}]}}],"SearchURL":"https://www.amazon.es/s?k=encendedor+marihuana&rh=n%3A599391031%2Cp_n_availability%3A-1&tag=topinalambricos-21&linkCode=osi","TotalResultCount":10}},"46":{"SearchResult":{"Items":[{"ASIN":"B0CPXN3BLM","DetailPageURL":"https://www.amazon.es/dp/B0CPXN3BLM?tag=topinalambricos-21&linkCode=osi&th=1&psc=1","Images":{"Primary":{"Small":{"Height":75,"URL":"https://m.media-amazon.com/images/I/51YLT+APM6L._SL75_.jpg","Width":75}}},"ItemInfo":{"ByLineInfo":{"Brand":{"DisplayValue":"GQWJKSZ","Label":"Brand","Locale":"es_ES"}},"Title":{"DisplayValue":"Letreros de hojalata Weed Homies for Life, impresión para fumar marihuana, regalo de marihuana y encendedor, cartel de Metal divertido Retro, póster Vintage, arte de pared para cocina, jardín, decorac","Label":"Title","Locale":"es_ES"}},"Offers":{"Summaries":[{"Condition":{"Value":"New"},"LowestPrice":{"Amount":9.7,"Currency":"EUR","DisplayAmount":"9,70 €"}}]}},{"ASIN":"B093D4R6VX","DetailPageURL":"https://www.amazon.es/dp/B093D4R6VX?tag=topinalambricos-21&linkCode=osi&th=1&psc=1","Images":{"Primary":{"Small":{"Height":75,"URL":"https://m.media-amazon.com/images/I/51T40CLWlhS._SL75_.jpg","Width":75}}},"ItemInfo":{"ByLineInfo":{"Brand":{"DisplayValue":"FUNSHOWCASE","Label":"Brand","Locale":"es_ES"},"Manufacturer":{"DisplayValue":"FUNSHOWCASE","Label":"Manufacturer","Locale":"es_ES"}},"Title":{"DisplayValue":"Juego de moldes de silicona para cenicero y encendedor de hojas de resina para manualidades","Label":"Title","Locale":"es_ES"}},"Offers":{"Summaries":[{"Condition":{"Value":"New"},"LowestPrice":{"Amount":14.59,"Currency":"EUR","DisplayAmount":"14,59 €"}}]}},{"ASIN":"B07K6T7PTC","DetailPageURL":"https://www.amazon.es/dp/B07K6T7PTC?tag=topinalambricos-21&linkCode=osi&th=1&psc=1","Images":{"Primary":{"Small":{"Height":72,"URL":"https://m.media-amazon.com/images/I/51VISa2IQOL._SL75_.jpg","Width":75}}},"ItemInfo":{"ByLineInfo":{"Brand":{"DisplayValue":"CLIPPER / FIRE-FLOW","Label":"Brand","Locale":"es_ES"},"Manufacturer":{"DisplayValue":"CLIPPER","Label":"Manufacturer","Locale":"es_ES"}},"Title":{"DisplayValue":"Clipper - 4 mecheros con dibujos de hojas de colores fluorescentes modelo n.º 2","Label":"Title","Locale":"es_ES"}},"Offers":{"Summaries":[{"Condition":{"Value":"New"},"LowestPrice":{"Amount":11.9,"Currency":"EUR","DisplayAmount":"11,90 €"}}]}},{"ASIN":"B0CQT9SCL4","DetailPageURL":"https://www.amazon.es/dp/B0CQT9SCL4?tag=topinalambricos-21&linkCode=osi&th=1&psc=1","Images":{"Primary":{"Small":{"Height":75,"URL":"https://m.media-amazon.com/images/I/41TS4t6IgXL._SL75_.jpg","Width":75}}},"ItemInfo":{"ByLineInfo":{"Brand":{"DisplayValue":"BORDSTRACT","Label":"Brand","Locale":"es_ES"},"Manufacturer":{"DisplayValue":"BORDSTRACT","Label":"Manufacturer","Locale":"es_ES"}},"Title":{"DisplayValue":"Cera De Abeja Núcleo De Marihuana, Núcleo De Vela De Cáñamo Orgánico 61m, Cera De Abeja Pura, para Lámparas De Aceite DIY Y Velas De Parafina, Quemando Lentamente, Sin Goteo (1,2 Mm)(Color Claro)","Label":"Title","Locale":"es_ES"}},"Offers":{"Summaries":[{"Condition":{"Value":"New"},"LowestPrice":{"Amount":10.29,"Currency":"EUR","DisplayAmount":"10,29 €"}}]}},{"ASIN":"B0C55RN6MS","DetailPageURL":"https://www.amazon.es/dp/B0C55RN6MS?tag=topinalambricos-21&linkCode=osi&th=1&psc=1","Images":{"Primary":{"Small":{"Height":75,"URL":"https://m.media-amazon.com/images/I/41tDcHmX4TL._SL75_.jpg","Width":75}}},"ItemInfo":{"ByLineInfo":{"Brand":{"DisplayValue":"YiKAiLi","Label":"Brand","Locale":"es_ES"},"Manufacturer":{"DisplayValue":"YiKAiLi","Label":"Manufacturer","Locale":"es_ES"}},"Title":{"DisplayValue":"Mechero de Tubo de Metal de Llama Abiert, Encendedor Inflable Portátil con Tubo Plegable, Encendedor A Prueba De Viento para Camping Cocina, Regalo para Hombres y Padres (Negro)","Label":"Title","Locale":"es_ES"}},"Offers":{"Summaries":[{"Condition":{"Value":"New"},"LowestPrice":{"Amount":26.8,"Currency":"EUR","DisplayAmount":"26,80 €"}}]}},{"ASIN":"B0BW14SHM1","DetailPageURL":"https://www.amazon.es/dp/B0BW14SHM1?tag=topinalambricos-21&linkCode=osi&th=1&psc=1","Images":{"Primary":{"Small":{"Height":75,"URL":"https://m.media-amazon.com/images/I/51BdgvRetbL._SL75_.jpg","Width":75}}},"ItemInfo":{"ByLineInfo":{"Brand":{"DisplayValue":"XBSJB","Label":"Brand","Locale":"es_ES"},"Manufacturer":{"DisplayValue":"XBSJB","Label":"Manufacturer","Locale":"es_ES"}},"Title":{"DisplayValue":"Exquisito Sanji, el Mismo Modelo de Encendedor de Queroseno de latón de Sirena de Lujo Hecho a Mano, Estilo Vintage Grabado con láser, se Puede llenar, se Prefieren los Regalos navideños","Label":"Title","Locale":"es_ES"}},"Offers":{"Summaries":[{"Condition":{"Value":"New"},"LowestPrice":{"Amount":67.86,"Currency":"EUR","DisplayAmount":"67,86 €"}}]}},{"ASIN":"B08LNPZ45Y","DetailPageURL":"https://www.amazon.es/dp/B08LNPZ45Y?tag=topinalambricos-21&linkCode=osi&th=1&psc=1","Images":{"Primary":{"Small":{"Height":75,"URL":"https://m.media-amazon.com/images/I/41QQURbSTuL._SL75_.jpg","Width":75}}},"ItemInfo":{"ByLineInfo":{"Brand":{"DisplayValue":"Queen.Y","Label":"Brand","Locale":"es_ES"},"Manufacturer":{"DisplayValue":"Queen.Y","Label":"Manufacturer","Locale":"es_ES"}},"Title":{"DisplayValue":"Queen.Y Encendedor USB Eléctrico a Prueba de Viento Recargable Eléctrico sin Llama Sensor Táctil de Doble Lado Encendedor de Cigarrillos (Negro)","Label":"Title","Locale":"es_ES"}},"Offers":{"Summaries":[{"Condition":{"Value":"New"},"LowestPrice":{"Amount":15.99,"Currency":"EUR","DisplayAmount":"15,99 €"}}]}},{"ASIN":"B09P6ZBP9R","DetailPageURL":"https://www.amazon.es/dp/B09P6ZBP9R?tag=topinalambricos-21&linkCode=osi&th=1&psc=1","Images":{"Primary":{"Small":{"Height":75,"URL":"https://m.media-amazon.com/images/I/41toEpO31zL._SL75_.jpg","Width":75}}},"ItemInfo":{"ByLineInfo":{"Brand":{"DisplayValue":"QOXEFPJZ","Label":"Brand","Locale":"es_ES"},"Manufacturer":{"DisplayValue":"QOXEFPJZ","Label":"Manufacturer","Locale":"es_ES"}},"Title":{"DisplayValue":"QOXEFPJZ cenicero Cenicero de acero inoxidable de la vendimia con la tapa de metal portátil encendedor encendedor de encendido cenicero for el hogar del campamento for el hogar Holde de almacenamiento","Label":"Title","Locale":"es_ES"}},"Offers":{"Summaries":[{"Condition":{"Value":"New"},"LowestPrice":{"Amount":28.01,"Currency":"EUR","DisplayAmount":"28,01 €"}}]}},{"ASIN":"B0CHM9NKMZ","DetailPageURL":"https://www.amazon.es/dp/B0CHM9NKMZ?tag=topinalambricos-21&linkCode=osi&th=1&psc=1","Images":{"Primary":{"Small":{"Height":75,"URL":"https://m.media-amazon.com/images/I/31vno98R8hL._SL75_.jpg","Width":75}}},"ItemInfo":{"ByLineInfo":{"Brand":{"DisplayValue":"Rolls Plasma Lighter","Label":"Brand","Locale":"es_ES"},"Manufacturer":{"DisplayValue":"Rolls Plasma Lighter","Label":"Manufacturer","Locale":"es_ES"}},"Title":{"DisplayValue":"Rolls Plasma Lighter - Encendedor eléctrico Rolls, encendedor retro recargable por USB, encendedor fresco, encendedor de arco electrónico a prueba de viento, regalo para hombres, mujeres y jugadores,","Label":"Title","Locale":"es_ES"}},"Offers":{"Summaries":[{"Condition":{"Value":"New"},"LowestPrice":{"Amount":114.27,"Currency":"EUR","DisplayAmount":"114,27 €"}}]}},{"ASIN":"B07TRG616H","DetailPageURL":"https://www.amazon.es/dp/B07TRG616H?tag=topinalambricos-21&linkCode=osi&th=1&psc=1","Images":{"Primary":{"Small":{"Height":75,"URL":"https://m.media-amazon.com/images/I/41QVrGNgbEL._SL75_.jpg","Width":75}}},"ItemInfo":{"ByLineInfo":{"Brand":{"DisplayValue":"TYI","Label":"Brand","Locale":"es_ES"},"Manufacturer":{"DisplayValue":"TYI","Label":"Manufacturer","Locale":"es_ES"}},"Title":{"DisplayValue":"TYI Encendedor de Cigarrillos electrónico Premium, Carga USB, inducción de Flujo de Aire, Prueba de Viento, sin butano sin Llama","Label":"Title","Locale":"es_ES"}},"Offers":{"Summaries":[{"Condition":{"Value":"New"},"LowestPrice":{"Amount":59.99,"Currency":"EUR","DisplayAmount":"59,99 €"}}]}}],"SearchURL":"https://www.amazon.es/s?k=encendedor+marihuana&rh=n%3A599391031%2Cp_n_availability%3A-1&tag=topinalambricos-21&linkCode=osi","TotalResultCount":10}},"47":{"SearchResult":{"Items":[{"ASIN":"B0CPXN3BLM","DetailPageURL":"https://www.amazon.es/dp/B0CPXN3BLM?tag=topinalambricos-21&linkCode=osi&th=1&psc=1","Images":{"Primary":{"Small":{"Height":75,"URL":"https://m.media-amazon.com/images/I/51YLT+APM6L._SL75_.jpg","Width":75}}},"ItemInfo":{"ByLineInfo":{"Brand":{"DisplayValue":"GQWJKSZ","Label":"Brand","Locale":"es_ES"}},"Title":{"DisplayValue":"Letreros de hojalata Weed Homies for Life, impresión para fumar marihuana, regalo de marihuana y encendedor, cartel de Metal divertido Retro, póster Vintage, arte de pared para cocina, jardín, decorac","Label":"Title","Locale":"es_ES"}},"Offers":{"Summaries":[{"Condition":{"Value":"New"},"LowestPrice":{"Amount":9.7,"Currency":"EUR","DisplayAmount":"9,70 €"}}]}},{"ASIN":"B093D4R6VX","DetailPageURL":"https://www.amazon.es/dp/B093D4R6VX?tag=topinalambricos-21&linkCode=osi&th=1&psc=1","Images":{"Primary":{"Small":{"Height":75,"URL":"https://m.media-amazon.com/images/I/51T40CLWlhS._SL75_.jpg","Width":75}}},"ItemInfo":{"ByLineInfo":{"Brand":{"DisplayValue":"FUNSHOWCASE","Label":"Brand","Locale":"es_ES"},"Manufacturer":{"DisplayValue":"FUNSHOWCASE","Label":"Manufacturer","Locale":"es_ES"}},"Title":{"DisplayValue":"Juego de moldes de silicona para cenicero y encendedor de hojas de resina para manualidades","Label":"Title","Locale":"es_ES"}},"Offers":{"Summaries":[{"Condition":{"Value":"New"},"LowestPrice":{"Amount":14.59,"Currency":"EUR","DisplayAmount":"14,59 €"}}]}},{"ASIN":"B07K6T7PTC","DetailPageURL":"https://www.amazon.es/dp/B07K6T7PTC?tag=topinalambricos-21&linkCode=osi&th=1&psc=1","Images":{"Primary":{"Small":{"Height":72,"URL":"https://m.media-amazon.com/images/I/51VISa2IQOL._SL75_.jpg","Width":75}}},"ItemInfo":{"ByLineInfo":{"Brand":{"DisplayValue":"CLIPPER / FIRE-FLOW","Label":"Brand","Locale":"es_ES"},"Manufacturer":{"DisplayValue":"CLIPPER","Label":"Manufacturer","Locale":"es_ES"}},"Title":{"DisplayValue":"Clipper - 4 mecheros con dibujos de hojas de colores fluorescentes modelo n.º 2","Label":"Title","Locale":"es_ES"}},"Offers":{"Summaries":[{"Condition":{"Value":"New"},"LowestPrice":{"Amount":11.9,"Currency":"EUR","DisplayAmount":"11,90 €"}}]}},{"ASIN":"B0CQT9SCL4","DetailPageURL":"https://www.amazon.es/dp/B0CQT9SCL4?tag=topinalambricos-21&linkCode=osi&th=1&psc=1","Images":{"Primary":{"Small":{"Height":75,"URL":"https://m.media-amazon.com/images/I/41TS4t6IgXL._SL75_.jpg","Width":75}}},"ItemInfo":{"ByLineInfo":{"Brand":{"DisplayValue":"BORDSTRACT","Label":"Brand","Locale":"es_ES"},"Manufacturer":{"DisplayValue":"BORDSTRACT","Label":"Manufacturer","Locale":"es_ES"}},"Title":{"DisplayValue":"Cera De Abeja Núcleo De Marihuana, Núcleo De Vela De Cáñamo Orgánico 61m, Cera De Abeja Pura, para Lámparas De Aceite DIY Y Velas De Parafina, Quemando Lentamente, Sin Goteo (1,2 Mm)(Color Claro)","Label":"Title","Locale":"es_ES"}},"Offers":{"Summaries":[{"Condition":{"Value":"New"},"LowestPrice":{"Amount":10.29,"Currency":"EUR","DisplayAmount":"10,29 €"}}]}},{"ASIN":"B0C55RN6MS","DetailPageURL":"https://www.amazon.es/dp/B0C55RN6MS?tag=topinalambricos-21&linkCode=osi&th=1&psc=1","Images":{"Primary":{"Small":{"Height":75,"URL":"https://m.media-amazon.com/images/I/41tDcHmX4TL._SL75_.jpg","Width":75}}},"ItemInfo":{"ByLineInfo":{"Brand":{"DisplayValue":"YiKAiLi","Label":"Brand","Locale":"es_ES"},"Manufacturer":{"DisplayValue":"YiKAiLi","Label":"Manufacturer","Locale":"es_ES"}},"Title":{"DisplayValue":"Mechero de Tubo de Metal de Llama Abiert, Encendedor Inflable Portátil con Tubo Plegable, Encendedor A Prueba De Viento para Camping Cocina, Regalo para Hombres y Padres (Negro)","Label":"Title","Locale":"es_ES"}},"Offers":{"Summaries":[{"Condition":{"Value":"New"},"LowestPrice":{"Amount":26.8,"Currency":"EUR","DisplayAmount":"26,80 €"}}]}},{"ASIN":"B0BW14SHM1","DetailPageURL":"https://www.amazon.es/dp/B0BW14SHM1?tag=topinalambricos-21&linkCode=osi&th=1&psc=1","Images":{"Primary":{"Small":{"Height":75,"URL":"https://m.media-amazon.com/images/I/51BdgvRetbL._SL75_.jpg","Width":75}}},"ItemInfo":{"ByLineInfo":{"Brand":{"DisplayValue":"XBSJB","Label":"Brand","Locale":"es_ES"},"Manufacturer":{"DisplayValue":"XBSJB","Label":"Manufacturer","Locale":"es_ES"}},"Title":{"DisplayValue":"Exquisito Sanji, el Mismo Modelo de Encendedor de Queroseno de latón de Sirena de Lujo Hecho a Mano, Estilo Vintage Grabado con láser, se Puede llenar, se Prefieren los Regalos navideños","Label":"Title","Locale":"es_ES"}},"Offers":{"Summaries":[{"Condition":{"Value":"New"},"LowestPrice":{"Amount":67.86,"Currency":"EUR","DisplayAmount":"67,86 €"}}]}},{"ASIN":"B08LNPZ45Y","DetailPageURL":"https://www.amazon.es/dp/B08LNPZ45Y?tag=topinalambricos-21&linkCode=osi&th=1&psc=1","Images":{"Primary":{"Small":{"Height":75,"URL":"https://m.media-amazon.com/images/I/41QQURbSTuL._SL75_.jpg","Width":75}}},"ItemInfo":{"ByLineInfo":{"Brand":{"DisplayValue":"Queen.Y","Label":"Brand","Locale":"es_ES"},"Manufacturer":{"DisplayValue":"Queen.Y","Label":"Manufacturer","Locale":"es_ES"}},"Title":{"DisplayValue":"Queen.Y Encendedor USB Eléctrico a Prueba de Viento Recargable Eléctrico sin Llama Sensor Táctil de Doble Lado Encendedor de Cigarrillos (Negro)","Label":"Title","Locale":"es_ES"}},"Offers":{"Summaries":[{"Condition":{"Value":"New"},"LowestPrice":{"Amount":15.99,"Currency":"EUR","DisplayAmount":"15,99 €"}}]}},{"ASIN":"B09P6ZBP9R","DetailPageURL":"https://www.amazon.es/dp/B09P6ZBP9R?tag=topinalambricos-21&linkCode=osi&th=1&psc=1","Images":{"Primary":{"Small":{"Height":75,"URL":"https://m.media-amazon.com/images/I/41toEpO31zL._SL75_.jpg","Width":75}}},"ItemInfo":{"ByLineInfo":{"Brand":{"DisplayValue":"QOXEFPJZ","Label":"Brand","Locale":"es_ES"},"Manufacturer":{"DisplayValue":"QOXEFPJZ","Label":"Manufacturer","Locale":"es_ES"}},"Title":{"DisplayValue":"QOXEFPJZ cenicero Cenicero de acero inoxidable de la vendimia con la tapa de metal portátil encendedor encendedor de encendido cenicero for el hogar del campamento for el hogar Holde de almacenamiento","Label":"Title","Locale":"es_ES"}},"Offers":{"Summaries":[{"Condition":{"Value":"New"},"LowestPrice":{"Amount":28.01,"Currency":"EUR","DisplayAmount":"28,01 €"}}]}},{"ASIN":"B0CHM9NKMZ","DetailPageURL":"https://www.amazon.es/dp/B0CHM9NKMZ?tag=topinalambricos-21&linkCode=osi&th=1&psc=1","Images":{"Primary":{"Small":{"Height":75,"URL":"https://m.media-amazon.com/images/I/31vno98R8hL._SL75_.jpg","Width":75}}},"ItemInfo":{"ByLineInfo":{"Brand":{"DisplayValue":"Rolls Plasma Lighter","Label":"Brand","Locale":"es_ES"},"Manufacturer":{"DisplayValue":"Rolls Plasma Lighter","Label":"Manufacturer","Locale":"es_ES"}},"Title":{"DisplayValue":"Rolls Plasma Lighter - Encendedor eléctrico Rolls, encendedor retro recargable por USB, encendedor fresco, encendedor de arco electrónico a prueba de viento, regalo para hombres, mujeres y jugadores,","Label":"Title","Locale":"es_ES"}},"Offers":{"Summaries":[{"Condition":{"Value":"New"},"LowestPrice":{"Amount":114.27,"Currency":"EUR","DisplayAmount":"114,27 €"}}]}},{"ASIN":"B07TRG616H","DetailPageURL":"https://www.amazon.es/dp/B07TRG616H?tag=topinalambricos-21&linkCode=osi&th=1&psc=1","Images":{"Primary":{"Small":{"Height":75,"URL":"https://m.media-amazon.com/images/I/41QVrGNgbEL._SL75_.jpg","Width":75}}},"ItemInfo":{"ByLineInfo":{"Brand":{"DisplayValue":"TYI","Label":"Brand","Locale":"es_ES"},"Manufacturer":{"DisplayValue":"TYI","Label":"Manufacturer","Locale":"es_ES"}},"Title":{"DisplayValue":"TYI Encendedor de Cigarrillos electrónico Premium, Carga USB, inducción de Flujo de Aire, Prueba de Viento, sin butano sin Llama","Label":"Title","Locale":"es_ES"}},"Offers":{"Summaries":[{"Condition":{"Value":"New"},"LowestPrice":{"Amount":59.99,"Currency":"EUR","DisplayAmount":"59,99 €"}}]}}],"SearchURL":"https://www.amazon.es/s?k=encendedor+marihuana&rh=n%3A599391031%2Cp_n_availability%3A-1&tag=topinalambricos-21&linkCode=osi","TotalResultCount":10}},"48":{"SearchResult":{"Items":[{"ASIN":"B0CPXN3BLM","DetailPageURL":"https://www.amazon.es/dp/B0CPXN3BLM?tag=topinalambricos-21&linkCode=osi&th=1&psc=1","Images":{"Primary":{"Small":{"Height":75,"URL":"https://m.media-amazon.com/images/I/51YLT+APM6L._SL75_.jpg","Width":75}}},"ItemInfo":{"ByLineInfo":{"Brand":{"DisplayValue":"GQWJKSZ","Label":"Brand","Locale":"es_ES"}},"Title":{"DisplayValue":"Letreros de hojalata Weed Homies for Life, impresión para fumar marihuana, regalo de marihuana y encendedor, cartel de Metal divertido Retro, póster Vintage, arte de pared para cocina, jardín, decorac","Label":"Title","Locale":"es_ES"}},"Offers":{"Summaries":[{"Condition":{"Value":"New"},"LowestPrice":{"Amount":9.7,"Currency":"EUR","DisplayAmount":"9,70 €"}}]}},{"ASIN":"B093D4R6VX","DetailPageURL":"https://www.amazon.es/dp/B093D4R6VX?tag=topinalambricos-21&linkCode=osi&th=1&psc=1","Images":{"Primary":{"Small":{"Height":75,"URL":"https://m.media-amazon.com/images/I/51T40CLWlhS._SL75_.jpg","Width":75}}},"ItemInfo":{"ByLineInfo":{"Brand":{"DisplayValue":"FUNSHOWCASE","Label":"Brand","Locale":"es_ES"},"Manufacturer":{"DisplayValue":"FUNSHOWCASE","Label":"Manufacturer","Locale":"es_ES"}},"Title":{"DisplayValue":"Juego de moldes de silicona para cenicero y encendedor de hojas de resina para manualidades","Label":"Title","Locale":"es_ES"}},"Offers":{"Summaries":[{"Condition":{"Value":"New"},"LowestPrice":{"Amount":14.59,"Currency":"EUR","DisplayAmount":"14,59 €"}}]}},{"ASIN":"B07K6T7PTC","DetailPageURL":"https://www.amazon.es/dp/B07K6T7PTC?tag=topinalambricos-21&linkCode=osi&th=1&psc=1","Images":{"Primary":{"Small":{"Height":72,"URL":"https://m.media-amazon.com/images/I/51VISa2IQOL._SL75_.jpg","Width":75}}},"ItemInfo":{"ByLineInfo":{"Brand":{"DisplayValue":"CLIPPER / FIRE-FLOW","Label":"Brand","Locale":"es_ES"},"Manufacturer":{"DisplayValue":"CLIPPER","Label":"Manufacturer","Locale":"es_ES"}},"Title":{"DisplayValue":"Clipper - 4 mecheros con dibujos de hojas de colores fluorescentes modelo n.º 2","Label":"Title","Locale":"es_ES"}},"Offers":{"Summaries":[{"Condition":{"Value":"New"},"LowestPrice":{"Amount":11.9,"Currency":"EUR","DisplayAmount":"11,90 €"}}]}},{"ASIN":"B0CQT9SCL4","DetailPageURL":"https://www.amazon.es/dp/B0CQT9SCL4?tag=topinalambricos-21&linkCode=osi&th=1&psc=1","Images":{"Primary":{"Small":{"Height":75,"URL":"https://m.media-amazon.com/images/I/41TS4t6IgXL._SL75_.jpg","Width":75}}},"ItemInfo":{"ByLineInfo":{"Brand":{"DisplayValue":"BORDSTRACT","Label":"Brand","Locale":"es_ES"},"Manufacturer":{"DisplayValue":"BORDSTRACT","Label":"Manufacturer","Locale":"es_ES"}},"Title":{"DisplayValue":"Cera De Abeja Núcleo De Marihuana, Núcleo De Vela De Cáñamo Orgánico 61m, Cera De Abeja Pura, para Lámparas De Aceite DIY Y Velas De Parafina, Quemando Lentamente, Sin Goteo (1,2 Mm)(Color Claro)","Label":"Title","Locale":"es_ES"}},"Offers":{"Summaries":[{"Condition":{"Value":"New"},"LowestPrice":{"Amount":10.29,"Currency":"EUR","DisplayAmount":"10,29 €"}}]}},{"ASIN":"B0C55RN6MS","DetailPageURL":"https://www.amazon.es/dp/B0C55RN6MS?tag=topinalambricos-21&linkCode=osi&th=1&psc=1","Images":{"Primary":{"Small":{"Height":75,"URL":"https://m.media-amazon.com/images/I/41tDcHmX4TL._SL75_.jpg","Width":75}}},"ItemInfo":{"ByLineInfo":{"Brand":{"DisplayValue":"YiKAiLi","Label":"Brand","Locale":"es_ES"},"Manufacturer":{"DisplayValue":"YiKAiLi","Label":"Manufacturer","Locale":"es_ES"}},"Title":{"DisplayValue":"Mechero de Tubo de Metal de Llama Abiert, Encendedor Inflable Portátil con Tubo Plegable, Encendedor A Prueba De Viento para Camping Cocina, Regalo para Hombres y Padres (Negro)","Label":"Title","Locale":"es_ES"}},"Offers":{"Summaries":[{"Condition":{"Value":"New"},"LowestPrice":{"Amount":26.8,"Currency":"EUR","DisplayAmount":"26,80 €"}}]}},{"ASIN":"B0BW14SHM1","DetailPageURL":"https://www.amazon.es/dp/B0BW14SHM1?tag=topinalambricos-21&linkCode=osi&th=1&psc=1","Images":{"Primary":{"Small":{"Height":75,"URL":"https://m.media-amazon.com/images/I/51BdgvRetbL._SL75_.jpg","Width":75}}},"ItemInfo":{"ByLineInfo":{"Brand":{"DisplayValue":"XBSJB","Label":"Brand","Locale":"es_ES"},"Manufacturer":{"DisplayValue":"XBSJB","Label":"Manufacturer","Locale":"es_ES"}},"Title":{"DisplayValue":"Exquisito Sanji, el Mismo Modelo de Encendedor de Queroseno de latón de Sirena de Lujo Hecho a Mano, Estilo Vintage Grabado con láser, se Puede llenar, se Prefieren los Regalos navideños","Label":"Title","Locale":"es_ES"}},"Offers":{"Summaries":[{"Condition":{"Value":"New"},"LowestPrice":{"Amount":67.86,"Currency":"EUR","DisplayAmount":"67,86 €"}}]}},{"ASIN":"B08LNPZ45Y","DetailPageURL":"https://www.amazon.es/dp/B08LNPZ45Y?tag=topinalambricos-21&linkCode=osi&th=1&psc=1","Images":{"Primary":{"Small":{"Height":75,"URL":"https://m.media-amazon.com/images/I/41QQURbSTuL._SL75_.jpg","Width":75}}},"ItemInfo":{"ByLineInfo":{"Brand":{"DisplayValue":"Queen.Y","Label":"Brand","Locale":"es_ES"},"Manufacturer":{"DisplayValue":"Queen.Y","Label":"Manufacturer","Locale":"es_ES"}},"Title":{"DisplayValue":"Queen.Y Encendedor USB Eléctrico a Prueba de Viento Recargable Eléctrico sin Llama Sensor Táctil de Doble Lado Encendedor de Cigarrillos (Negro)","Label":"Title","Locale":"es_ES"}},"Offers":{"Summaries":[{"Condition":{"Value":"New"},"LowestPrice":{"Amount":15.99,"Currency":"EUR","DisplayAmount":"15,99 €"}}]}},{"ASIN":"B09P6ZBP9R","DetailPageURL":"https://www.amazon.es/dp/B09P6ZBP9R?tag=topinalambricos-21&linkCode=osi&th=1&psc=1","Images":{"Primary":{"Small":{"Height":75,"URL":"https://m.media-amazon.com/images/I/41toEpO31zL._SL75_.jpg","Width":75}}},"ItemInfo":{"ByLineInfo":{"Brand":{"DisplayValue":"QOXEFPJZ","Label":"Brand","Locale":"es_ES"},"Manufacturer":{"DisplayValue":"QOXEFPJZ","Label":"Manufacturer","Locale":"es_ES"}},"Title":{"DisplayValue":"QOXEFPJZ cenicero Cenicero de acero inoxidable de la vendimia con la tapa de metal portátil encendedor encendedor de encendido cenicero for el hogar del campamento for el hogar Holde de almacenamiento","Label":"Title","Locale":"es_ES"}},"Offers":{"Summaries":[{"Condition":{"Value":"New"},"LowestPrice":{"Amount":28.01,"Currency":"EUR","DisplayAmount":"28,01 €"}}]}},{"ASIN":"B0CHM9NKMZ","DetailPageURL":"https://www.amazon.es/dp/B0CHM9NKMZ?tag=topinalambricos-21&linkCode=osi&th=1&psc=1","Images":{"Primary":{"Small":{"Height":75,"URL":"https://m.media-amazon.com/images/I/31vno98R8hL._SL75_.jpg","Width":75}}},"ItemInfo":{"ByLineInfo":{"Brand":{"DisplayValue":"Rolls Plasma Lighter","Label":"Brand","Locale":"es_ES"},"Manufacturer":{"DisplayValue":"Rolls Plasma Lighter","Label":"Manufacturer","Locale":"es_ES"}},"Title":{"DisplayValue":"Rolls Plasma Lighter - Encendedor eléctrico Rolls, encendedor retro recargable por USB, encendedor fresco, encendedor de arco electrónico a prueba de viento, regalo para hombres, mujeres y jugadores,","Label":"Title","Locale":"es_ES"}},"Offers":{"Summaries":[{"Condition":{"Value":"New"},"LowestPrice":{"Amount":114.27,"Currency":"EUR","DisplayAmount":"114,27 €"}}]}},{"ASIN":"B07TRG616H","DetailPageURL":"https://www.amazon.es/dp/B07TRG616H?tag=topinalambricos-21&linkCode=osi&th=1&psc=1","Images":{"Primary":{"Small":{"Height":75,"URL":"https://m.media-amazon.com/images/I/41QVrGNgbEL._SL75_.jpg","Width":75}}},"ItemInfo":{"ByLineInfo":{"Brand":{"DisplayValue":"TYI","Label":"Brand","Locale":"es_ES"},"Manufacturer":{"DisplayValue":"TYI","Label":"Manufacturer","Locale":"es_ES"}},"Title":{"DisplayValue":"TYI Encendedor de Cigarrillos electrónico Premium, Carga USB, inducción de Flujo de Aire, Prueba de Viento, sin butano sin Llama","Label":"Title","Locale":"es_ES"}},"Offers":{"Summaries":[{"Condition":{"Value":"New"},"LowestPrice":{"Amount":59.99,"Currency":"EUR","DisplayAmount":"59,99 €"}}]}}],"SearchURL":"https://www.amazon.es/s?k=encendedor+marihuana&rh=n%3A599391031%2Cp_n_availability%3A-1&tag=topinalambricos-21&linkCode=osi","TotalResultCount":10}}}